<?xml version="1.0" encoding="UTF-8"?>
<!DOCTYPE html PUBLIC "-//W3C//DTD XHTML 1.0 Transitional//EN"
    "http://www.w3.org/TR/xhtml1/DTD/xhtml1-transitional.dtd">
<html xmlns="http://www.w3.org/1999/xhtml" xml:lang="en" lang="en">
 <head>
  <title>
</title>
<meta http-equiv="Content-Type" content="text/html;charset=utf-8" />
  <meta name='ocr-system' content='tesseract 3.04.00' />
  <meta name='ocr-capabilities' content='ocr_page ocr_carea ocr_par ocr_line ocrx_word'/>
</head>
<body>
  <div class='ocr_page' id='page_1' title='image "./commentarii00caesgoog_0227.png"; bbox 0 0 2272 4176; ppageno 0'>
   <div class='ocr_carea' id='block_1_1' title="bbox 61 382 709 454">
    <p class='ocr_par' dir='ltr' id='par_1_1' title="bbox 61 382 709 454">
     <span class='ocr_line' id='line_1_1' title="bbox 61 382 709 454; baseline -0.015 -1"><span class='ocrx_word' id='word_1_1' title='bbox 61 389 122 454; x_wconf 75' lang='lat'><strong>214</strong></span> <span class='ocrx_word' id='word_1_2' title='bbox 375 384 425 444; x_wconf 86' lang='lat' dir='ltr'><strong>DE</strong></span> <span class='ocrx_word' id='word_1_3' title='bbox 448 382 572 445; x_wconf 84' lang='lat' dir='ltr'>BELLO</span> <span class='ocrx_word' id='word_1_4' title='bbox 595 382 709 444; x_wconf 89' lang='lat' dir='ltr'>CIVILI</span> 
     </span>
    </p>
   </div>
   <div class='ocr_carea' id='block_1_2' title="bbox 61 538 1035 3072">
    <p class='ocr_par' dir='ltr' id='par_1_2' title="bbox 61 538 1031 2058">
     <span class='ocr_line' id='line_1_2' title="bbox 61 538 1030 617; baseline -0.002 -12"><span class='ocrx_word' id='word_1_5' title='bbox 61 545 144 606; x_wconf 88' lang='lat' dir='ltr'><strong>hunc</strong></span> <span class='ocrx_word' id='word_1_6' title='bbox 163 548 258 603; x_wconf 88' lang='lat' dir='ltr'><strong>noctu</strong></span> <span class='ocrx_word' id='word_1_7' title='bbox 278 539 386 617; x_wconf 90' lang='lat' dir='ltr'><strong>perfici</strong></span> <span class='ocrx_word' id='word_1_8' title='bbox 406 539 505 601; x_wconf 90' lang='lat' dir='ltr'><strong>iussit.</strong></span> <span class='ocrx_word' id='word_1_9' title='bbox 533 539 605 617; x_wconf 91' lang='lat' dir='ltr'><strong>lpse</strong></span> <span class='ocrx_word' id='word_1_10' title='bbox 626 538 748 615; x_wconf 83' lang='lat' dir='ltr'><strong>cognita</strong></span> <span class='ocrx_word' id='word_1_11' title='bbox 768 539 908 601; x_wconf 86' lang='lat' dir='ltr'><strong>locorum</strong></span> <span class='ocrx_word' id='word_1_12' title='bbox 930 546 1030 603; x_wconf 82' lang='lat' dir='ltr'><strong>natum</strong></span> 
     </span>
     <span class='ocr_line' id='line_1_3' title="bbox 63 623 1030 707; baseline -0.003 -17"><span class='ocrx_word' id='word_1_13' title='bbox 63 630 148 707; x_wconf 91' lang='lat' dir='ltr'><strong>ponti</strong></span> <span class='ocrx_word' id='word_1_14' title='bbox 173 627 344 703; x_wconf 80' lang='lat' dir='ltr'><strong>castrisque</strong></span> <span class='ocrx_word' id='word_1_15' title='bbox 368 625 525 701; x_wconf 88' lang='lat' dir='ltr'><strong>praesidio</strong></span> <span class='ocrx_word' id='word_1_16' title='bbox 557 640 613 686; x_wconf 89' lang='lat' dir='ltr'><strong>sex</strong></span> <span class='ocrx_word' id='word_1_17' title='bbox 638 623 773 686; x_wconf 79' lang='lat' dir='ltr'><strong>cohortis</strong></span> <span class='ocrx_word' id='word_1_18' title='bbox 797 623 923 700; x_wconf 82' lang='lat' dir='ltr'><strong>reliquii</strong></span> <span class='ocrx_word' id='word_1_19' title='bbox 947 632 1030 702; x_wconf 83' lang='lat' dir='ltr'><strong>atque</strong></span> 
     </span>
     <span class='ocr_line' id='line_1_4' title="bbox 64 709 1029 787; baseline -0.004 -12"><span class='ocrx_word' id='word_1_20' title='bbox 64 714 166 776; x_wconf 89' lang='lat' dir='ltr'><strong>omnia</strong></span> <span class='ocrx_word' id='word_1_21' title='bbox 180 713 396 787; x_wconf 88' lang='lat' dir='ltr'><strong>impedimenta</strong></span> <span class='ocrx_word' id='word_1_22' title='bbox 408 716 438 770; x_wconf 89' lang='lat' dir='ltr'><strong>et</strong></span> <span class='ocrx_word' id='word_1_23' title='bbox 449 718 573 786; x_wconf 88' lang='lat' dir='ltr'><strong>postero</strong></span> <span class='ocrx_word' id='word_1_24' title='bbox 585 710 634 770; x_wconf 94' lang='lat' dir='ltr'><strong>die</strong></span> <span class='ocrx_word' id='word_1_25' title='bbox 646 709 789 771; x_wconf 88' lang='lat' dir='ltr'><strong>omnibus</strong></span> <span class='ocrx_word' id='word_1_26' title='bbox 801 709 913 784; x_wconf 85' lang='lat' dir='ltr'><strong>copiis,</strong></span> <span class='ocrx_word' id='word_1_27' title='bbox 928 711 1029 786; x_wconf 87' lang='lat' dir='ltr'><strong>triplici</strong></span> 
     </span>
     <span class='ocr_line' id='line_1_5' title="bbox 64 793 1029 872; baseline -0.005 -12"><span class='ocrx_word' id='word_1_28' title='bbox 64 802 211 860; x_wconf 90' lang='lat' dir='ltr'><strong>instructa</strong></span> <span class='ocrx_word' id='word_1_29' title='bbox 226 797 300 872; x_wconf 89' lang='lat' dir='ltr'><strong>acie,</strong></span> <span class='ocrx_word' id='word_1_30' title='bbox 316 798 355 856; x_wconf 88' lang='lat' dir='ltr'><strong>ad</strong></span> <span class='ocrx_word' id='word_1_31' title='bbox 366 795 494 855; x_wconf 81' lang='lat' dir='ltr'><strong>Ilerdam</strong></span> <span class='ocrx_word' id='word_1_32' title='bbox 506 795 708 871; x_wconf 85' lang='lat' dir='ltr'><strong>proficiscitur</strong></span> <span class='ocrx_word' id='word_1_33' title='bbox 719 800 749 854; x_wconf 86' lang='lat' dir='ltr'><strong>et</strong></span> <span class='ocrx_word' id='word_1_34' title='bbox 759 793 817 855; x_wconf 91' lang='lat' dir='ltr'><strong>sub</strong></span> <span class='ocrx_word' id='word_1_35' title='bbox 830 794 1029 856; x_wconf 86' lang='lat' dir='ltr'><strong>castrisAira·</strong></span> 
     </span>
     <span class='ocr_line' id='line_1_6' title="bbox 65 879 1029 956; baseline -0.004 -12"><span class='ocrx_word' id='word_1_36' title='bbox 65 886 105 945; x_wconf 91' lang='lat' dir='ltr'><strong>nii</strong></span> <span class='ocrx_word' id='word_1_37' title='bbox 121 882 253 944; x_wconf 87' lang='lat' dir='ltr'><strong>constitit</strong></span> <span class='ocrx_word' id='word_1_38' title='bbox 267 888 297 940; x_wconf 92' lang='lat' dir='ltr'><strong>et</strong></span> <span class='ocrx_word' id='word_1_39' title='bbox 310 881 351 940; x_wconf 92' lang='lat' dir='ltr'><strong>ibi</strong></span> <span class='ocrx_word' id='word_1_40' title='bbox 362 880 520 956; x_wconf 82' lang='lat' dir='ltr'><strong>paulisper</strong></span> <span class='ocrx_word' id='word_1_41' title='bbox 532 880 588 941; x_wconf 95' lang='lat' dir='ltr'><strong>sub</strong></span> <span class='ocrx_word' id='word_1_42' title='bbox 599 880 690 939; x_wconf 80' lang='lat' dir='ltr'><strong>aruris</strong></span> <span class='ocrx_word' id='word_1_43' title='bbox 702 885 841 940; x_wconf 86' lang='lat' dir='ltr'><strong>moratus</strong></span> <span class='ocrx_word' id='word_1_44' title='bbox 853 879 927 939; x_wconf 85' lang='lat' dir='ltr'><strong>lacit</strong></span> <span class='ocrx_word' id='word_1_45' title='bbox 938 895 1029 956; x_wconf 87' lang='lat' dir='ltr'><strong>aequo</strong></span> 
     </span>
     <span class='ocr_line' id='line_1_7' title="bbox 66 964 1028 1042; baseline -0.004 -12"><span class='ocrx_word' id='word_1_46' title='bbox 66 972 133 1030; x_wconf 88' lang='lat' dir='ltr'><strong>loco</strong></span> <span class='ocrx_word' id='word_1_47' title='bbox 157 967 314 1042; x_wconf 88' lang='lat' dir='ltr'><strong>pugnandi</strong></span> <span class='ocrx_word' id='word_1_48' title='bbox 335 971 525 1041; x_wconf 87' lang='lat' dir='ltr'><strong>potestatem.</strong></span> <span class='ocrx_word' id='word_1_49' title='bbox 553 964 705 1025; x_wconf 88' lang='lat' dir='ltr'><strong>Potestate</strong></span> <span class='ocrx_word' id='word_1_50' title='bbox 727 965 809 1023; x_wconf 88' lang='lat' dir='ltr'><strong>lucta</strong></span> <span class='ocrx_word' id='word_1_51' title='bbox 822 964 971 1024; x_wconf 76' lang='lat' dir='ltr'><strong>Afranius</strong></span> <span class='ocrx_word' id='word_1_52' title='bbox 985 981 1028 1026; x_wconf 88' lang='lat' dir='ltr'><strong>co-</strong></span> 
     </span>
     <span class='ocr_line' id='line_1_8' title="bbox 65 1048 1028 1130; baseline -0.005 -16"><span class='ocrx_word' id='word_1_53' title='bbox 65 1056 132 1130; x_wconf 87' lang='lat' dir='ltr'><strong>pias</strong></span> <span class='ocrx_word' id='word_1_54' title='bbox 149 1051 251 1110; x_wconf 88' lang='lat' dir='ltr'><strong>educit</strong></span> <span class='ocrx_word' id='word_1_55' title='bbox 265 1057 294 1109; x_wconf 90' lang='lat' dir='ltr'><strong>ct</strong></span> <span class='ocrx_word' id='word_1_56' title='bbox 314 1050 344 1108; x_wconf 93' lang='lat' dir='ltr'><strong>in</strong></span> <span class='ocrx_word' id='word_1_57' title='bbox 359 1051 459 1110; x_wconf 91' lang='lat' dir='ltr'><strong>medio</strong></span> <span class='ocrx_word' id='word_1_58' title='bbox 476 1051 554 1110; x_wconf 89' lang='lat' dir='ltr'><strong>colle</strong></span> <span class='ocrx_word' id='word_1_59' title='bbox 569 1050 625 1109; x_wconf 92' lang='lat' dir='ltr'><strong>sub</strong></span> <span class='ocrx_word' id='word_1_60' title='bbox 641 1048 749 1110; x_wconf 84' lang='lat' dir='ltr'><strong>castris</strong></span> <span class='ocrx_word' id='word_1_61' title='bbox 766 1049 934 1110; x_wconf 85' lang='lat' dir='ltr'><strong>constituit.</strong></span> <span class='ocrx_word' id='word_1_62' title='bbox 964 1049 1028 1109; x_wconf 85' lang='lat' dir='ltr'><strong>Cac-</strong></span> 
     </span>
     <span class='ocr_line' id='line_1_9' title="bbox 66 1133 1029 1210; baseline -0.004 -11"><span class='ocrx_word' id='word_1_63' title='bbox 66 1155 116 1199; x_wconf 85' lang='lat' dir='ltr'><strong>sar</strong></span> <span class='ocrx_word' id='word_1_64' title='bbox 132 1136 182 1195; x_wconf 93' lang='lat' dir='ltr'><strong>ubi</strong></span> <span class='ocrx_word' id='word_1_65' title='bbox 198 1134 341 1208; x_wconf 85' lang='lat' dir='ltr'><strong>cognovit</strong></span> <span class='ocrx_word' id='word_1_66' title='bbox 361 1149 417 1209; x_wconf 90' lang='lat' dir='ltr'><strong>per</strong></span> <span class='ocrx_word' id='word_1_67' title='bbox 430 1135 588 1194; x_wconf 81' lang='lat' dir='ltr'><strong>Afranium</strong></span> <span class='ocrx_word' id='word_1_68' title='bbox 602 1140 698 1209; x_wconf 85' lang='lat' dir='ltr'><strong>stare,</strong></span> <span class='ocrx_word' id='word_1_69' title='bbox 724 1133 904 1210; x_wconf 92' lang='lat' dir='ltr'><strong>quominus</strong></span> <span class='ocrx_word' id='word_1_70' title='bbox 919 1134 1029 1208; x_wconf 90' lang='lat' dir='ltr'><strong>proelio</strong></span> 
     </span>
     <span class='ocr_line' id='line_1_10' title="bbox 67 1218 1029 1293; baseline -0.006 -11"><span class='ocrx_word' id='word_1_71' title='bbox 67 1222 267 1293; x_wconf 80' lang='lat' dir='ltr'><strong>dimicaretur,</strong></span> <span class='ocrx_word' id='word_1_72' title='bbox 284 1219 321 1278; x_wconf 91' lang='lat' dir='ltr'><strong>ab</strong></span> <span class='ocrx_word' id='word_1_73' title='bbox 336 1219 447 1278; x_wconf 87' lang='lat' dir='ltr'><strong>infimis</strong></span> <span class='ocrx_word' id='word_1_74' title='bbox 462 1218 616 1278; x_wconf 89' lang='lat' dir='ltr'><strong>radicibus</strong></span> <span class='ocrx_word' id='word_1_75' title='bbox 630 1218 740 1279; x_wconf 89' lang='lat' dir='ltr'><strong>montis</strong></span> <span class='ocrx_word' id='word_1_76' title='bbox 752 1218 939 1279; x_wconf 78' lang='lat' dir='ltr'><strong>intermissis</strong></span> <span class='ocrx_word' id='word_1_77' title='bbox 952 1218 1029 1279; x_wconf 88' lang='lat' dir='ltr'><strong>clrci·</strong></span> 
     </span>
     <span class='ocr_line' id='line_1_11' title="bbox 67 1302 1030 1380; baseline -0.008 -12"><span class='ocrx_word' id='word_1_78' title='bbox 67 1316 111 1368; x_wconf 90' lang='lat' dir='ltr'><strong>ter</strong></span> <span class='ocrx_word' id='word_1_79' title='bbox 127 1304 271 1380; x_wconf 90' lang='lat' dir='ltr'><strong>passibus</strong></span> <span class='ocrx_word' id='word_1_80' title='bbox 289 1302 517 1378; x_wconf 81' lang='lat' dir='ltr'><strong>quadringentis</strong></span> <span class='ocrx_word' id='word_1_81' title='bbox 534 1309 635 1363; x_wconf 87' lang='lat' dir='ltr'><strong>castra</strong></span> <span class='ocrx_word' id='word_1_82' title='bbox 648 1303 750 1363; x_wconf 89' lang='lat' dir='ltr'><strong>iacere</strong></span> <span class='ocrx_word' id='word_1_83' title='bbox 766 1303 926 1364; x_wconf 86' lang='lat' dir='ltr'><strong>constituit</strong></span> <span class='ocrx_word' id='word_1_84' title='bbox 939 1310 982 1378; x_wconf 93' lang='lat' dir='ltr'><strong>et,</strong></span> <span class='ocrx_word' id='word_1_85' title='bbox 997 1318 1030 1361; x_wconf 86' lang='lat' dir='ltr'><strong>ne</strong></span> 
     </span>
     <span class='ocr_line' id='line_1_12' title="bbox 67 1387 1030 1464; baseline -0.005 -14"><span class='ocrx_word' id='word_1_86' title='bbox 67 1393 96 1450; x_wconf 92' lang='lat' dir='ltr'><strong>in</strong></span> <span class='ocrx_word' id='word_1_87' title='bbox 119 1404 213 1464; x_wconf 91' lang='lat' dir='ltr'><strong>opere</strong></span> <span class='ocrx_word' id='word_1_88' title='bbox 234 1388 376 1447; x_wconf 83' lang='lat' dir='ltr'><strong>faciundo</strong></span> <span class='ocrx_word' id='word_1_89' title='bbox 397 1388 506 1447; x_wconf 83' lang='lat' dir='ltr'><strong>milites</strong></span> <span class='ocrx_word' id='word_1_90' title='bbox 521 1388 680 1463; x_wconf 86' lang='lat' dir='ltr'><strong>repentino</strong></span> <span class='ocrx_word' id='word_1_91' title='bbox 693 1387 829 1449; x_wconf 89' lang='lat' dir='ltr'><strong>hostium</strong></span> <span class='ocrx_word' id='word_1_92' title='bbox 844 1388 971 1448; x_wconf 90' lang='lat' dir='ltr'><strong>incursu</strong></span> <span class='ocrx_word' id='word_1_93' title='bbox 984 1402 1030 1446; x_wconf 87' lang='lat' dir='ltr'><strong>ex-</strong></span> 
     </span>
     <span class='ocr_line' id='line_1_13' title="bbox 67 1471 1030 1548; baseline -0.005 -13"><span class='ocrx_word' id='word_1_94' title='bbox 67 1479 248 1535; x_wconf 84' lang='lat' dir='ltr'><strong>terrerentur</strong></span> <span class='ocrx_word' id='word_1_95' title='bbox 271 1478 361 1547; x_wconf 90' lang='lat' dir='ltr'><strong>atque</strong></span> <span class='ocrx_word' id='word_1_96' title='bbox 377 1488 471 1547; x_wconf 89' lang='lat' dir='ltr'><strong>opere</strong></span> <span class='ocrx_word' id='word_1_97' title='bbox 491 1471 737 1548; x_wconf 87' lang='lat' dir='ltr'><strong>prohiberentur,</strong></span> <span class='ocrx_word' id='word_1_98' title='bbox 762 1474 846 1533; x_wconf 90' lang='lat' dir='ltr'><strong>vallo</strong></span> <span class='ocrx_word' id='word_1_99' title='bbox 861 1473 972 1538; x_wconf 85' lang='lat' dir='ltr'><strong>muniri</strong></span> <span class='ocrx_word' id='word_1_100' title='bbox 984 1487 1030 1531; x_wconf 83' lang='lat' dir='ltr'><strong>ve</strong></span> 
     </span>
     <span class='ocr_line' id='line_1_14' title="bbox 67 1557 1031 1634; baseline -0.005 -14"><span class='ocrx_word' id='word_1_101' title='bbox 67 1561 136 1634; x_wconf 92' lang='lat' dir='ltr'><strong>tuit,</strong></span> <span class='ocrx_word' id='word_1_102' title='bbox 163 1558 246 1631; x_wconf 91' lang='lat' dir='ltr'><strong>quod</strong></span> <span class='ocrx_word' id='word_1_103' title='bbox 268 1557 400 1616; x_wconf 90' lang='lat' dir='ltr'><strong>eminere</strong></span> <span class='ocrx_word' id='word_1_104' title='bbox 416 1562 446 1616; x_wconf 91' lang='lat' dir='ltr'><strong>et</strong></span> <span class='ocrx_word' id='word_1_105' title='bbox 465 1559 572 1632; x_wconf 89' lang='lat' dir='ltr'><strong>procul</strong></span> <span class='ocrx_word' id='word_1_106' title='bbox 585 1557 681 1616; x_wconf 89' lang='lat' dir='ltr'><strong>videri</strong></span> <span class='ocrx_word' id='word_1_107' title='bbox 696 1572 826 1617; x_wconf 90' lang='lat' dir='ltr'><strong>necesse</strong></span> <span class='ocrx_word' id='word_1_108' title='bbox 842 1563 925 1632; x_wconf 88' lang='lat' dir='ltr'><strong>erat,</strong></span> <span class='ocrx_word' id='word_1_109' title='bbox 951 1557 1031 1617; x_wconf 90' lang='lat' dir='ltr'><strong>seda</strong></span> 
     </span>
     <span class='ocr_line' id='line_1_15' title="bbox 67 1640 1030 1717; baseline -0.004 -14"><span class='ocrx_word' id='word_1_110' title='bbox 67 1646 166 1704; x_wconf 88' lang='lat' dir='ltr'><strong>ironte</strong></span> <span class='ocrx_word' id='word_1_111' title='bbox 189 1648 294 1702; x_wconf 91' lang='lat' dir='ltr'><strong>contra</strong></span> <span class='ocrx_word' id='word_1_112' title='bbox 313 1640 431 1701; x_wconf 88' lang='lat' dir='ltr'><strong>hostem</strong></span> <span class='ocrx_word' id='word_1_113' title='bbox 445 1643 558 1716; x_wconf 93' lang='lat' dir='ltr'><strong>pedum</strong></span> <span class='ocrx_word' id='word_1_114' title='bbox 574 1641 745 1717; x_wconf 88' lang='lat' dir='ltr'><strong>quindecim</strong></span> <span class='ocrx_word' id='word_1_115' title='bbox 759 1642 881 1703; x_wconf 86' lang='lat' dir='ltr'><strong>fossam</strong></span> <span class='ocrx_word' id='word_1_116' title='bbox 894 1641 963 1701; x_wconf 83' lang='lat' dir='ltr'><strong>lieri</strong></span> <span class='ocrx_word' id='word_1_117' title='bbox 976 1642 1030 1700; x_wconf 89' lang='lat' dir='ltr'><strong>ius·</strong></span> 
     </span>
     <span class='ocr_line' id='line_1_16' title="bbox 68 1725 1028 1801; baseline -0.004 -13"><span class='ocrx_word' id='word_1_118' title='bbox 68 1729 115 1789; x_wconf 90' lang='lat' dir='ltr'><strong>sit.</strong></span> <span class='ocrx_word' id='word_1_119' title='bbox 143 1728 242 1786; x_wconf 91' lang='lat' dir='ltr'><strong>Prima</strong></span> <span class='ocrx_word' id='word_1_120' title='bbox 257 1734 286 1786; x_wconf 93' lang='lat' dir='ltr'><strong>et</strong></span> <span class='ocrx_word' id='word_1_121' title='bbox 300 1727 437 1786; x_wconf 86' lang='lat' dir='ltr'><strong>secunda</strong></span> <span class='ocrx_word' id='word_1_122' title='bbox 451 1727 533 1786; x_wconf 92' lang='lat' dir='ltr'><strong>acies</strong></span> <span class='ocrx_word' id='word_1_123' title='bbox 550 1727 579 1785; x_wconf 94' lang='lat' dir='ltr'><strong>in</strong></span> <span class='ocrx_word' id='word_1_124' title='bbox 595 1726 702 1801; x_wconf 88' lang='lat' dir='ltr'><strong>annis,</strong></span> <span class='ocrx_word' id='word_1_125' title='bbox 722 1732 756 1786; x_wconf 91' lang='lat' dir='ltr'><strong>ut</strong></span> <span class='ocrx_word' id='word_1_126' title='bbox 769 1726 808 1786; x_wconf 86' lang='lat' dir='ltr'><strong>eb</strong></span> <span class='ocrx_word' id='word_1_127' title='bbox 823 1726 910 1787; x_wconf 92' lang='lat' dir='ltr'><strong>initio</strong></span> <span class='ocrx_word' id='word_1_128' title='bbox 927 1725 1028 1787; x_wconf 88' lang='lat' dir='ltr'><strong>consti-</strong></span> 
     </span>
     <span class='ocr_line' id='line_1_17' title="bbox 68 1809 1031 1887; baseline -0.006 -14"><span class='ocrx_word' id='word_1_129' title='bbox 68 1822 130 1874; x_wconf 87' lang='lat' dir='ltr'><strong>tuta</strong></span> <span class='ocrx_word' id='word_1_130' title='bbox 145 1818 222 1886; x_wconf 89' lang='lat' dir='ltr'><strong>erat,</strong></span> <span class='ocrx_word' id='word_1_131' title='bbox 249 1811 460 1886; x_wconf 64' lang='lat' dir='ltr'><strong>permanebam</strong></span> <span class='ocrx_word' id='word_1_132' title='bbox 482 1819 555 1886; x_wconf 92' lang='lat' dir='ltr'><strong>post</strong></span> <span class='ocrx_word' id='word_1_133' title='bbox 569 1811 626 1870; x_wconf 89' lang='lat' dir='ltr'><strong>hos</strong></span> <span class='ocrx_word' id='word_1_134' title='bbox 642 1827 719 1887; x_wconf 94' lang='lat' dir='ltr'><strong>opus</strong></span> <span class='ocrx_word' id='word_1_135' title='bbox 734 1811 764 1870; x_wconf 90' lang='lat' dir='ltr'><strong>iu</strong></span> <span class='ocrx_word' id='word_1_136' title='bbox 781 1812 904 1872; x_wconf 89' lang='lat' dir='ltr'><strong>occulto</strong></span> <span class='ocrx_word' id='word_1_137' title='bbox 921 1809 1031 1871; x_wconf 81' lang='lat' dir='ltr'><strong>atertia</strong></span> 
     </span>
     <span class='ocr_line' id='line_1_18' title="bbox 69 1896 1028 1972; baseline -0.005 -14"><span class='ocrx_word' id='word_1_138' title='bbox 69 1899 133 1958; x_wconf 88' lang='lat' dir='ltr'><strong>acie</strong></span> <span class='ocrx_word' id='word_1_139' title='bbox 148 1898 248 1956; x_wconf 83' lang='lat' dir='ltr'><strong>fiebat.</strong></span> <span class='ocrx_word' id='word_1_140' title='bbox 275 1896 325 1956; x_wconf 85' lang='lat' dir='ltr'><strong>Sic</strong></span> <span class='ocrx_word' id='word_1_141' title='bbox 341 1912 431 1955; x_wconf 93' lang='lat' dir='ltr'><strong>omne</strong></span> <span class='ocrx_word' id='word_1_142' title='bbox 445 1897 532 1970; x_wconf 92' lang='lat' dir='ltr'><strong>prius</strong></span> <span class='ocrx_word' id='word_1_143' title='bbox 548 1903 595 1956; x_wconf 89' lang='lat' dir='ltr'><strong>est</strong></span> <span class='ocrx_word' id='word_1_144' title='bbox 608 1897 790 1971; x_wconf 87' lang='lat' dir='ltr'><strong>perlectum,</strong></span> <span class='ocrx_word' id='word_1_145' title='bbox 814 1913 910 1972; x_wconf 85' lang='lat' dir='ltr'><strong>quam</strong></span> <span class='ocrx_word' id='word_1_146' title='bbox 924 1896 1028 1955; x_wconf 88' lang='lat' dir='ltr'><strong>intelle·</strong></span> 
     </span>
     <span class='ocr_line' id='line_1_19' title="bbox 68 1980 632 2058; baseline -0.011 -15"><span class='ocrx_word' id='word_1_147' title='bbox 68 1989 190 2058; x_wconf 89' lang='lat' dir='ltr'><strong>geretur</strong></span> <span class='ocrx_word' id='word_1_148' title='bbox 205 1982 242 2040; x_wconf 83' lang='lat' dir='ltr'><strong>ab</strong></span> <span class='ocrx_word' id='word_1_149' title='bbox 257 1981 382 2041; x_wconf 80' lang='lat' dir='ltr'><strong>Afranio</strong></span> <span class='ocrx_word' id='word_1_150' title='bbox 400 1989 500 2041; x_wconf 90' lang='lat' dir='ltr'><strong>castra</strong></span> <span class='ocrx_word' id='word_1_151' title='bbox 514 1980 632 2041; x_wconf 91' lang='lat' dir='ltr'><strong>muniri.</strong></span> 
     </span>
    </p>

    <p class='ocr_par' dir='ltr' id='par_1_3' title="bbox 68 2063 1035 3072">
     <span class='ocr_line' id='line_1_20' title="bbox 150 2063 1028 2140; baseline -0.001 -13"><span class='ocrx_word' id='word_1_152' title='bbox 150 2066 237 2127; x_wconf 83' lang='lat' dir='ltr'><strong>XLll.</strong></span> <span class='ocrx_word' id='word_1_153' title='bbox 268 2063 330 2125; x_wconf 89' lang='lat' dir='ltr'><strong>Sub</strong></span> <span class='ocrx_word' id='word_1_154' title='bbox 350 2080 514 2140; x_wconf 82' lang='lat' dir='ltr'><strong>vesperum</strong></span> <span class='ocrx_word' id='word_1_155' title='bbox 536 2065 646 2125; x_wconf 86' lang='lat' dir='ltr'><strong>Caesar</strong></span> <span class='ocrx_word' id='word_1_156' title='bbox 666 2065 743 2123; x_wconf 84' lang='lat' dir='ltr'><strong>intra</strong></span> <span class='ocrx_word' id='word_1_157' title='bbox 763 2064 843 2124; x_wconf 90' lang='lat' dir='ltr'><strong>hanc</strong></span> <span class='ocrx_word' id='word_1_158' title='bbox 865 2067 983 2126; x_wconf 83' lang='lat' dir='ltr'><strong>fossam</strong></span> <span class='ocrx_word' id='word_1_159' title='bbox 995 2067 1028 2125; x_wconf 84' lang='lat' dir='ltr'><strong>le</strong></span> 
     </span>
     <span class='ocr_line' id='line_1_21' title="bbox 69 2150 1029 2226; baseline -0.002 -15"><span class='ocrx_word' id='word_1_160' title='bbox 69 2153 175 2226; x_wconf 84' lang='lat' dir='ltr'><strong>gloucs</strong></span> <span class='ocrx_word' id='word_1_161' title='bbox 196 2151 315 2210; x_wconf 88' lang='lat' dir='ltr'><strong>reducit</strong></span> <span class='ocrx_word' id='word_1_162' title='bbox 336 2157 428 2224; x_wconf 89' lang='lat' dir='ltr'><strong>atque</strong></span> <span class='ocrx_word' id='word_1_163' title='bbox 448 2151 489 2209; x_wconf 92' lang='lat' dir='ltr'><strong>ibi</strong></span> <span class='ocrx_word' id='word_1_164' title='bbox 511 2151 568 2210; x_wconf 92' lang='lat' dir='ltr'><strong>sub</strong></span> <span class='ocrx_word' id='word_1_165' title='bbox 589 2150 679 2208; x_wconf 91' lang='lat' dir='ltr'><strong>armis</strong></span> <span class='ocrx_word' id='word_1_166' title='bbox 703 2150 845 2224; x_wconf 88' lang='lat' dir='ltr'><strong>proxima</strong></span> <span class='ocrx_word' id='word_1_167' title='bbox 859 2157 952 2211; x_wconf 88' lang='lat' dir='ltr'><strong>nocte</strong></span> <span class='ocrx_word' id='word_1_168' title='bbox 967 2167 1029 2211; x_wconf 88' lang='lat' dir='ltr'><strong>con-</strong></span> 
     </span>
     <span class='ocr_line' id='line_1_22' title="bbox 71 2235 1030 2311; baseline 0 -17"><span class='ocrx_word' id='word_1_169' title='bbox 71 2237 207 2311; x_wconf 91' lang='lat' dir='ltr'><strong>quiescit.</strong></span> <span class='ocrx_word' id='word_1_170' title='bbox 224 2235 351 2294; x_wconf 89' lang='lat' dir='ltr'><strong>Postero</strong></span> <span class='ocrx_word' id='word_1_171' title='bbox 367 2235 416 2293; x_wconf 92' lang='lat' dir='ltr'><strong>die</strong></span> <span class='ocrx_word' id='word_1_172' title='bbox 431 2251 550 2295; x_wconf 92' lang='lat' dir='ltr'><strong>omnem</strong></span> <span class='ocrx_word' id='word_1_173' title='bbox 566 2235 731 2294; x_wconf 87' lang='lat' dir='ltr'><strong>exercitum</strong></span> <span class='ocrx_word' id='word_1_174' title='bbox 745 2235 824 2295; x_wconf 88' lang='lat' dir='ltr'><strong>intra</strong></span> <span class='ocrx_word' id='word_1_175' title='bbox 835 2235 956 2297; x_wconf 84' lang='lat' dir='ltr'><strong>fossam</strong></span> <span class='ocrx_word' id='word_1_176' title='bbox 967 2252 1030 2295; x_wconf 87' lang='lat' dir='ltr'><strong>con·</strong></span> 
     </span>
     <span class='ocr_line' id='line_1_23' title="bbox 70 2319 1031 2395; baseline 0 -17"><span class='ocrx_word' id='word_1_177' title='bbox 70 2322 140 2379; x_wconf 88' lang='lat' dir='ltr'><strong>tinet</strong></span> <span class='ocrx_word' id='word_1_178' title='bbox 156 2326 197 2393; x_wconf 91' lang='lat' dir='ltr'><strong>et,</strong></span> <span class='ocrx_word' id='word_1_179' title='bbox 215 2319 298 2393; x_wconf 87' lang='lat' dir='ltr'><strong>quod</strong></span> <span class='ocrx_word' id='word_1_180' title='bbox 312 2319 432 2392; x_wconf 87' lang='lat' dir='ltr'><strong>longius</strong></span> <span class='ocrx_word' id='word_1_181' title='bbox 448 2325 512 2378; x_wconf 89' lang='lat' dir='ltr'><strong>erat</strong></span> <span class='ocrx_word' id='word_1_182' title='bbox 525 2335 618 2394; x_wconf 89' lang='lat' dir='ltr'><strong>agger</strong></span> <span class='ocrx_word' id='word_1_183' title='bbox 633 2320 800 2394; x_wconf 89' lang='lat' dir='ltr'><strong>petendus,</strong></span> <span class='ocrx_word' id='word_1_184' title='bbox 816 2320 847 2378; x_wconf 92' lang='lat' dir='ltr'><strong>in</strong></span> <span class='ocrx_word' id='word_1_185' title='bbox 863 2321 1031 2395; x_wconf 81' lang='lat' dir='ltr'><strong>praesentia</strong></span> 
     </span>
     <span class='ocr_line' id='line_1_24' title="bbox 69 2404 1031 2479; baseline 0 -15"><span class='ocrx_word' id='word_1_186' title='bbox 69 2405 195 2464; x_wconf 92' lang='lat' dir='ltr'><strong>similem</strong></span> <span class='ocrx_word' id='word_1_187' title='bbox 210 2404 357 2462; x_wconf 89' lang='lat' dir='ltr'><strong>rationem</strong></span> <span class='ocrx_word' id='word_1_188' title='bbox 373 2404 473 2477; x_wconf 89' lang='lat' dir='ltr'><strong>operis</strong></span> <span class='ocrx_word' id='word_1_189' title='bbox 487 2404 612 2464; x_wconf 87' lang='lat' dir='ltr'><strong>instituit</strong></span> <span class='ocrx_word' id='word_1_190' title='bbox 623 2404 803 2479; x_wconf 84' lang='lat' dir='ltr'><strong>singulaque</strong></span> <span class='ocrx_word' id='word_1_191' title='bbox 814 2406 912 2465; x_wconf 88' lang='lat' dir='ltr'><strong>latera</strong></span> <span class='ocrx_word' id='word_1_192' title='bbox 925 2414 1031 2466; x_wconf 89' lang='lat' dir='ltr'><strong>castro-</strong></span> 
     </span>
     <span class='ocr_line' id='line_1_25' title="bbox 68 2488 1031 2566; baseline -0.001 -18"><span class='ocrx_word' id='word_1_193' title='bbox 68 2507 134 2549; x_wconf 85' lang='lat' dir='ltr'><strong>rum</strong></span> <span class='ocrx_word' id='word_1_194' title='bbox 150 2489 277 2562; x_wconf 90' lang='lat' dir='ltr'><strong>singulis</strong></span> <span class='ocrx_word' id='word_1_195' title='bbox 300 2488 432 2547; x_wconf 81' lang='lat' dir='ltr'><strong>attribuit</strong></span> <span class='ocrx_word' id='word_1_196' title='bbox 452 2489 623 2562; x_wconf 83' lang='lat' dir='ltr'><strong>legionibus</strong></span> <span class='ocrx_word' id='word_1_197' title='bbox 639 2489 802 2548; x_wconf 89' lang='lat' dir='ltr'><strong>munienda</strong></span> <span class='ocrx_word' id='word_1_198' title='bbox 817 2491 985 2566; x_wconf 84' lang='lat' dir='ltr'><strong>fossasque</strong></span> <span class='ocrx_word' id='word_1_199' title='bbox 998 2489 1031 2548; x_wconf 87' lang='lat' dir='ltr'><strong>ud</strong></span> 
     </span>
     <span class='ocr_line' id='line_1_26' title="bbox 69 2573 1032 2649; baseline -0.002 -16"><span class='ocrx_word' id='word_1_200' title='bbox 69 2575 196 2633; x_wconf 92' lang='lat' dir='ltr'><strong>eandem</strong></span> <span class='ocrx_word' id='word_1_201' title='bbox 211 2573 446 2646; x_wconf 87' lang='lat' dir='ltr'><strong>magnitudinem</strong></span> <span class='ocrx_word' id='word_1_202' title='bbox 462 2574 568 2646; x_wconf 89' lang='lat' dir='ltr'><strong>perlici</strong></span> <span class='ocrx_word' id='word_1_203' title='bbox 583 2574 681 2642; x_wconf 88' lang='lat' dir='ltr'><strong>iubet;</strong></span> <span class='ocrx_word' id='word_1_204' title='bbox 702 2574 837 2649; x_wconf 88' lang='lat' dir='ltr'><strong>reliquas</strong></span> <span class='ocrx_word' id='word_1_205' title='bbox 853 2575 992 2649; x_wconf 90' lang='lat' dir='ltr'><strong>legiones</strong></span> <span class='ocrx_word' id='word_1_206' title='bbox 1006 2575 1032 2632; x_wconf 92' lang='lat' dir='ltr'><strong>in</strong></span> 
     </span>
     <span class='ocr_line' id='line_1_27' title="bbox 69 2658 1031 2732; baseline -0.001 -14"><span class='ocrx_word' id='word_1_207' title='bbox 69 2659 159 2718; x_wconf 82' lang='lat' dir='ltr'><strong>aruris</strong></span> <span class='ocrx_word' id='word_1_208' title='bbox 182 2658 341 2732; x_wconf 87' lang='lat' dir='ltr'><strong>expeditas</strong></span> <span class='ocrx_word' id='word_1_209' title='bbox 365 2663 470 2717; x_wconf 90' lang='lat' dir='ltr'><strong>contra</strong></span> <span class='ocrx_word' id='word_1_210' title='bbox 490 2658 609 2717; x_wconf 89' lang='lat' dir='ltr'><strong>hostem</strong></span> <span class='ocrx_word' id='word_1_211' title='bbox 632 2658 793 2718; x_wconf 87' lang='lat' dir='ltr'><strong>constituit.</strong></span> <span class='ocrx_word' id='word_1_212' title='bbox 821 2659 971 2719; x_wconf 84' lang='lat' dir='ltr'><strong>Afranius</strong></span> <span class='ocrx_word' id='word_1_213' title='bbox 984 2658 1031 2717; x_wconf 87' lang='lat' dir='ltr'><strong>Pe·</strong></span> 
     </span>
     <span class='ocr_line' id='line_1_28' title="bbox 68 2741 1033 2819; baseline -0.003 -16"><span class='ocrx_word' id='word_1_214' title='bbox 68 2745 224 2818; x_wconf 91' lang='lat' dir='ltr'><strong>treiusque</strong></span> <span class='ocrx_word' id='word_1_215' title='bbox 240 2741 371 2801; x_wconf 90' lang='lat' dir='ltr'><strong>terrendi</strong></span> <span class='ocrx_word' id='word_1_216' title='bbox 392 2757 486 2800; x_wconf 86' lang='lat' dir='ltr'><strong>causa</strong></span> <span class='ocrx_word' id='word_1_217' title='bbox 506 2750 598 2817; x_wconf 87' lang='lat' dir='ltr'><strong>atque</strong></span> <span class='ocrx_word' id='word_1_218' title='bbox 613 2743 713 2817; x_wconf 89' lang='lat' dir='ltr'><strong>operis</strong></span> <span class='ocrx_word' id='word_1_219' title='bbox 729 2743 917 2818; x_wconf 90' lang='lat' dir='ltr'><strong>impediendi</strong></span> <span class='ocrx_word' id='word_1_220' title='bbox 933 2745 1033 2819; x_wconf 87' lang='lat' dir='ltr'><strong>copias</strong></span> 
     </span>
     <span class='ocr_line' id='line_1_29' title="bbox 69 2827 1033 2903; baseline -0.003 -15"><span class='ocrx_word' id='word_1_221' title='bbox 69 2846 141 2889; x_wconf 87' lang='lat' dir='ltr'><strong>suas</strong></span> <span class='ocrx_word' id='word_1_222' title='bbox 163 2829 202 2888; x_wconf 88' lang='lat' dir='ltr'><strong>ad</strong></span> <span class='ocrx_word' id='word_1_223' title='bbox 221 2827 340 2886; x_wconf 90' lang='lat' dir='ltr'><strong>infimas</strong></span> <span class='ocrx_word' id='word_1_224' title='bbox 361 2827 472 2886; x_wconf 90' lang='lat' dir='ltr'><strong>montis</strong></span> <span class='ocrx_word' id='word_1_225' title='bbox 493 2828 613 2886; x_wconf 89' lang='lat' dir='ltr'><strong>radices</strong></span> <span class='ocrx_word' id='word_1_226' title='bbox 630 2828 803 2901; x_wconf 90' lang='lat' dir='ltr'><strong>producunt</strong></span> <span class='ocrx_word' id='word_1_227' title='bbox 818 2834 847 2886; x_wconf 90' lang='lat' dir='ltr'><strong>et</strong></span> <span class='ocrx_word' id='word_1_228' title='bbox 861 2829 981 2903; x_wconf 90' lang='lat' dir='ltr'><strong>proelio</strong></span> <span class='ocrx_word' id='word_1_229' title='bbox 996 2829 1033 2887; x_wconf 90' lang='lat' dir='ltr'><strong>la·</strong></span> 
     </span>
     <span class='ocr_line' id='line_1_30' title="bbox 70 2911 1034 2987; baseline -0.001 -15"><span class='ocrx_word' id='word_1_230' title='bbox 70 2920 207 2986; x_wconf 87' lang='lat' dir='ltr'><strong>cessum,</strong></span> <span class='ocrx_word' id='word_1_231' title='bbox 234 2927 334 2986; x_wconf 90' lang='lat' dir='ltr'><strong>neque</strong></span> <span class='ocrx_word' id='word_1_232' title='bbox 350 2911 464 2969; x_wconf 88' lang='lat' dir='ltr'><strong>idcirco</strong></span> <span class='ocrx_word' id='word_1_233' title='bbox 482 2911 592 2970; x_wconf 83' lang='lat' dir='ltr'><strong>Caesar</strong></span> <span class='ocrx_word' id='word_1_234' title='bbox 608 2927 686 2984; x_wconf 89' lang='lat' dir='ltr'><strong>opus</strong></span> <span class='ocrx_word' id='word_1_235' title='bbox 702 2912 884 2987; x_wconf 84' lang='lat' dir='ltr'><strong>intermittit,</strong></span> <span class='ocrx_word' id='word_1_236' title='bbox 902 2914 1034 2972; x_wconf 89' lang='lat' dir='ltr'><strong>conlisus</strong></span> 
     </span>
     <span class='ocr_line' id='line_1_31' title="bbox 69 2996 1035 3072; baseline -0.001 -17"><span class='ocrx_word' id='word_1_237' title='bbox 69 2998 222 3072; x_wconf 88' lang='lat' dir='ltr'><strong>praesidio</strong></span> <span class='ocrx_word' id='word_1_238' title='bbox 244 2997 396 3070; x_wconf 89' lang='lat' dir='ltr'><strong>legionum</strong></span> <span class='ocrx_word' id='word_1_239' title='bbox 416 2996 504 3054; x_wconf 86' lang='lat' dir='ltr'><strong>trium</strong></span> <span class='ocrx_word' id='word_1_240' title='bbox 527 3003 555 3055; x_wconf 90' lang='lat' dir='ltr'><strong>et</strong></span> <span class='ocrx_word' id='word_1_241' title='bbox 575 2997 739 3055; x_wconf 88' lang='lat' dir='ltr'><strong>munitione</strong></span> <span class='ocrx_word' id='word_1_242' title='bbox 762 2998 876 3056; x_wconf 84' lang='lat' dir='ltr'><strong>fossae.</strong></span> <span class='ocrx_word' id='word_1_243' title='bbox 912 2997 958 3055; x_wconf 90' lang='lat' dir='ltr'><strong>llll</strong></span> <span class='ocrx_word' id='word_1_244' title='bbox 979 3013 1035 3056; x_wconf 93' lang='lat' dir='ltr'><strong>non</strong></span> 
     </span>
    </p>
   </div>
   <div class='ocr_carea' id='block_1_3' title="bbox 69 3079 1035 3237">
    <p class='ocr_par' dir='ltr' id='par_1_4' title="bbox 69 3079 1035 3237">
     <span class='ocr_line' id='line_1_32' title="bbox 69 3079 1035 3154; baseline 0 -13"><span class='ocrx_word' id='word_1_245' title='bbox 69 3083 120 3142; x_wconf 90' lang='lat' dir='ltr'><strong>diu</strong></span> <span class='ocrx_word' id='word_1_246' title='bbox 141 3082 317 3142; x_wconf 91' lang='lat' dir='ltr'><strong>commorati</strong></span> <span class='ocrx_word' id='word_1_247' title='bbox 339 3095 395 3138; x_wconf 89' lang='lat' dir='ltr'><strong>neo</strong></span> <span class='ocrx_word' id='word_1_248' title='bbox 410 3080 530 3152; x_wconf 88' lang='lat' dir='ltr'><strong>longius</strong></span> <span class='ocrx_word' id='word_1_249' title='bbox 547 3079 584 3138; x_wconf 84' lang='lat' dir='ltr'><strong>ab</strong></span> <span class='ocrx_word' id='word_1_250' title='bbox 599 3079 702 3140; x_wconf 87' lang='lat' dir='ltr'><strong>infimo</strong></span> <span class='ocrx_word' id='word_1_251' title='bbox 719 3082 796 3141; x_wconf 89' lang='lat' dir='ltr'><strong>colle</strong></span> <span class='ocrx_word' id='word_1_252' title='bbox 812 3082 974 3154; x_wconf 86' lang='lat' dir='ltr'><strong>progressi</strong></span> <span class='ocrx_word' id='word_1_253' title='bbox 989 3098 1035 3141; x_wconf 89' lang='lat' dir='ltr'><strong>co·</strong></span> 
     </span>
     <span class='ocr_line' id='line_1_33' title="bbox 70 3155 1033 3237; baseline -0.002 -16"><span class='ocrx_word' id='word_1_254' title='bbox 70 3163 138 3237; x_wconf 88' lang='lat' dir='ltr'><strong>pius</strong></span> <span class='ocrx_word' id='word_1_255' title='bbox 162 3161 191 3221; x_wconf 92' lang='lat' dir='ltr'><strong>in</strong></span> <span class='ocrx_word' id='word_1_256' title='bbox 216 3168 315 3220; x_wconf 87' lang='lat' dir='ltr'><strong>castra</strong></span> <span class='ocrx_word' id='word_1_257' title='bbox 334 3161 491 3218; x_wconf 84' lang='lat' dir='ltr'><strong>reducunt.</strong></span> <span class='ocrx_word' id='word_1_258' title='bbox 536 3155 636 3217; x_wconf 86' lang='lat' dir='ltr'><strong>Tertio</strong></span> <span class='ocrx_word' id='word_1_259' title='bbox 650 3157 699 3216; x_wconf 85' lang='lat' dir='ltr'><strong>die</strong></span> <span class='ocrx_word' id='word_1_260' title='bbox 713 3157 919 3222; x_wconf 86' lang='lat' dir='ltr'><strong>Caesarvallo</strong></span> <span class='ocrx_word' id='word_1_261' title='bbox 935 3167 1033 3222; x_wconf 83' lang='lat' dir='ltr'><strong>eastra</strong></span> 
     </span>
    </p>
   </div>
   <div class='ocr_carea' id='block_1_4' title="bbox 25 3240 1033 3745">
    <p class='ocr_par' dir='ltr' id='par_1_5' title="bbox 25 3240 1032 3407">
     <span class='ocr_line' id='line_1_34' title="bbox 25 3240 1032 3318; baseline -0.001 -13"><span class='ocrx_word' id='word_1_262' title='bbox 25 3295 28 3299; x_wconf 96' lang='lat'>.</span> <span class='ocrx_word' id='word_1_263' title='bbox 72 3245 245 3318; x_wconf 88' lang='lat' dir='ltr'><strong>communit,</strong></span> <span class='ocrx_word' id='word_1_264' title='bbox 255 3243 387 3318; x_wconf 88' lang='lat' dir='ltr'><strong>reliquas</strong></span> <span class='ocrx_word' id='word_1_265' title='bbox 401 3245 553 3316; x_wconf 90' lang='lat' dir='ltr'><strong>cohortes,</strong></span> <span class='ocrx_word' id='word_1_266' title='bbox 568 3240 685 3315; x_wconf 84' lang='lat' dir='ltr'><strong>quasin</strong></span> <span class='ocrx_word' id='word_1_267' title='bbox 699 3240 912 3315; x_wconf 89' lang='lat' dir='ltr'><strong>superioribus</strong></span> <span class='ocrx_word' id='word_1_268' title='bbox 925 3246 1032 3307; x_wconf 88' lang='lat' dir='ltr'><strong>eastris</strong></span> 
     </span>
     <span class='ocr_line' id='line_1_35' title="bbox 75 3324 869 3407; baseline -0.01 -16"><span class='ocrx_word' id='word_1_269' title='bbox 75 3332 245 3407; x_wconf 80' lang='lat' dir='ltr'><strong>reliquerat,</strong></span> <span class='ocrx_word' id='word_1_270' title='bbox 258 3328 534 3403; x_wconf 89' lang='lat' dir='ltr'><strong>impedimentaque</strong></span> <span class='ocrx_word' id='word_1_271' title='bbox 546 3328 584 3385; x_wconf 87' lang='lat' dir='ltr'><strong>ad</strong></span> <span class='ocrx_word' id='word_1_272' title='bbox 600 3343 634 3385; x_wconf 91' lang='lat' dir='ltr'><strong>se</strong></span> <span class='ocrx_word' id='word_1_273' title='bbox 649 3324 763 3384; x_wconf 86' lang='lat' dir='ltr'><strong>traduci</strong></span> <span class='ocrx_word' id='word_1_274' title='bbox 777 3325 869 3384; x_wconf 89' lang='lat' dir='ltr'><strong>lubet.</strong></span> 
     </span>
    </p>

    <p class='ocr_par' dir='ltr' id='par_1_6' title="bbox 155 3410 1032 3488">
     <span class='ocr_line' id='line_1_36' title="bbox 155 3410 1032 3488; baseline -0.001 -15"><span class='ocrx_word' id='word_1_275' title='bbox 155 3415 253 3475; x_wconf 80' lang='lat' dir='ltr'><strong>xliii.</strong></span> <span class='ocrx_word' id='word_1_276' title='bbox 272 3414 340 3472; x_wconf 83' lang='lat' dir='ltr'><strong>Erat</strong></span> <span class='ocrx_word' id='word_1_277' title='bbox 355 3412 432 3473; x_wconf 87' lang='lat' dir='ltr'><strong>inter</strong></span> <span class='ocrx_word' id='word_1_278' title='bbox 445 3414 589 3488; x_wconf 93' lang='lat' dir='ltr'><strong>oppidum</strong></span> <span class='ocrx_word' id='word_1_279' title='bbox 603 3410 730 3469; x_wconf 88' lang='lat' dir='ltr'><strong>ilerdam</strong></span> <span class='ocrx_word' id='word_1_280' title='bbox 744 3417 773 3469; x_wconf 89' lang='lat' dir='ltr'><strong>et</strong></span> <span class='ocrx_word' id='word_1_281' title='bbox 784 3411 960 3485; x_wconf 88' lang='lat' dir='ltr'><strong>proximum</strong></span> <span class='ocrx_word' id='word_1_282' title='bbox 973 3416 1032 3474; x_wconf 90' lang='lat' dir='ltr'><strong>ool-</strong></span> 
     </span>
    </p>

    <p class='ocr_par' dir='ltr' id='par_1_7' title="bbox 74 3492 1033 3574">
     <span class='ocr_line' id='line_1_37' title="bbox 74 3492 1033 3574; baseline 0.005 -20"><span class='ocrx_word' id='word_1_283' title='bbox 74 3499 145 3567; x_wconf 85' lang='lat' dir='ltr'><strong>lem,</strong></span> <span class='ocrx_word' id='word_1_284' title='bbox 164 3496 216 3558; x_wconf 71' lang='lat' dir='ltr'><strong>nb&#39;·⁴</strong></span> <span class='ocrx_word' id='word_1_285' title='bbox 232 3502 334 3561; x_wconf 78' lang='lat' dir='ltr'><strong>eastre</strong></span> <span class='ocrx_word' id='word_1_286' title='bbox 349 3495 485 3560; x_wconf 76' lang='lat' dir='ltr'><strong>Petreius</strong></span> <span class='ocrx_word' id='word_1_287' title='bbox 501 3504 593 3570; x_wconf 85' lang='lat' dir='ltr'><strong>atque</strong></span> <span class='ocrx_word' id='word_1_288' title='bbox 605 3492 750 3552; x_wconf 82' lang='lat' dir='ltr'><strong>Afranius</strong></span> <span class='ocrx_word' id='word_1_289' title='bbox 762 3494 925 3570; x_wconf 87' lang='lat' dir='ltr'><strong>habebant,</strong></span> <span class='ocrx_word' id='word_1_290' title='bbox 938 3500 1033 3574; x_wconf 88' lang='lat' dir='ltr'><strong>plani·</strong></span> 
     </span>
    </p>

    <p class='ocr_par' dir='ltr' id='par_1_8' title="bbox 57 3578 1033 3658">
     <span class='ocr_line' id='line_1_38' title="bbox 57 3578 1033 3658; baseline 0.006 -20"><span class='ocrx_word' id='word_1_291' title='bbox 57 3598 61 3605; x_wconf 93' lang='lat'><strong>·</strong></span> <span class='ocrx_word' id='word_1_292' title='bbox 75 3579 136 3640; x_wconf 90' lang='lat' dir='ltr'><strong>cies</strong></span> <span class='ocrx_word' id='word_1_293' title='bbox 150 3582 267 3642; x_wconf 84' lang='lat' dir='ltr'><strong>circiter</strong></span> <span class='ocrx_word' id='word_1_294' title='bbox 278 3598 424 3658; x_wconf 87' lang='lat' dir='ltr'><strong>passuum</strong></span> <span class='ocrx_word' id='word_1_295' title='bbox 439 3587 656 3646; x_wconf 85' lang='lat' dir='ltr'><strong>trecentorum,</strong></span> <span class='ocrx_word' id='word_1_296' title='bbox 673 3583 765 3650; x_wconf 89' lang='lat' dir='ltr'><strong>atque</strong></span> <span class='ocrx_word' id='word_1_297' title='bbox 776 3578 805 3637; x_wconf 92' lang='lat' dir='ltr'><strong>iu</strong></span> <span class='ocrx_word' id='word_1_298' title='bbox 819 3580 879 3640; x_wconf 90' lang='lat' dir='ltr'><strong>hoc</strong></span> <span class='ocrx_word' id='word_1_299' title='bbox 895 3583 960 3642; x_wconf 88' lang='lat' dir='ltr'><strong>iere</strong></span> <span class='ocrx_word' id='word_1_300' title='bbox 973 3600 1033 3644; x_wconf 88' lang='lat' dir='ltr'><strong>me·</strong></span> 
     </span>
    </p>

    <p class='ocr_par' dir='ltr' id='par_1_9' title="bbox 76 3659 1032 3745">
     <span class='ocr_line' id='line_1_39' title="bbox 76 3659 1032 3745; baseline -0.012 -23"><span class='ocrx_word' id='word_1_301' title='bbox 76 3663 125 3722; x_wconf 91' lang='lat' dir='ltr'><strong>dio</strong></span> <span class='ocrx_word' id='word_1_302' title='bbox 141 3665 240 3739; x_wconf 88' lang='lat' dir='ltr'><strong>spatio</strong></span> <span class='ocrx_word' id='word_1_303' title='bbox 253 3668 386 3727; x_wconf 92' lang='lat' dir='ltr'><strong>tumulus</strong></span> <span class='ocrx_word' id='word_1_304' title='bbox 403 3674 467 3725; x_wconf 88' lang='lat' dir='ltr'><strong>erat</strong></span> <span class='ocrx_word' id='word_1_305' title='bbox 482 3666 572 3739; x_wconf 91' lang='lat' dir='ltr'><strong>paulo</strong></span> <span class='ocrx_word' id='word_1_306' title='bbox 587 3659 709 3731; x_wconf 79' lang='lat' dir='ltr'><strong>editior3</strong></span> <span class='ocrx_word' id='word_1_307' title='bbox 734 3678 825 3737; x_wconf 89' lang='lat' dir='ltr'><strong>quem</strong></span> <span class='ocrx_word' id='word_1_308' title='bbox 849 3666 876 3727; x_wconf 93' lang='lat' dir='ltr'><strong>si</strong></span> <span class='ocrx_word' id='word_1_309' title='bbox 900 3683 1032 3745; x_wconf 70' lang='lat' dir='ltr'><strong>occupa.</strong></span> 
     </span>
    </p>
   </div>
   <div class='ocr_carea' id='block_1_5' title="bbox 0 0 1155 4176">
    <p class='ocr_par' dir='ltr' id='par_1_10' title="bbox 0 0 1155 4176">
     <span class='ocr_line' id='line_1_40' title="bbox 0 0 1155 4176; baseline 0 0"><span class='ocrx_word' id='word_1_310' title='bbox 0 0 1155 4176; x_wconf 95' lang='lat' dir='ltr'><strong> </strong></span> 
     </span>
    </p>
   </div>
  </div>
 </body>
</html>
