<?xml version="1.0" encoding="UTF-8"?>
<!DOCTYPE html PUBLIC "-//W3C//DTD XHTML 1.0 Transitional//EN"
    "http://www.w3.org/TR/xhtml1/DTD/xhtml1-transitional.dtd">
<html xmlns="http://www.w3.org/1999/xhtml" xml:lang="en" lang="en">
 <head>
  <title>
</title>
<meta http-equiv="Content-Type" content="text/html;charset=utf-8" />
  <meta name='ocr-system' content='tesseract 3.04.00' />
  <meta name='ocr-capabilities' content='ocr_page ocr_carea ocr_par ocr_line ocrx_word'/>
</head>
<body>
  <div class='ocr_page' id='page_1' title='image "./commentarii00caesgoog_0119.png"; bbox 0 0 2272 4176; ppageno 0'>
   <div class='ocr_carea' id='block_1_1' title="bbox 112 496 786 562">
    <p class='ocr_par' dir='ltr' id='par_1_1' title="bbox 112 496 786 562">
     <span class='ocr_line' id='line_1_1' title="bbox 112 496 786 562; baseline -0.003 -1"><span class='ocrx_word' id='word_1_1' title='bbox 112 496 174 562; x_wconf 80' lang='lat'><strong>106</strong></span> <span class='ocrx_word' id='word_1_2' title='bbox 402 498 454 560; x_wconf 84' lang='lat' dir='ltr'><strong>DE</strong></span> <span class='ocrx_word' id='word_1_3' title='bbox 474 496 599 561; x_wconf 85' lang='lat' dir='ltr'><strong>BELLO</strong></span> <span class='ocrx_word' id='word_1_4' title='bbox 622 497 786 561; x_wconf 85' lang='lat' dir='ltr'><strong>GALLICO</strong></span> 
     </span>
    </p>
   </div>
   <div class='ocr_carea' id='block_1_2' title="bbox 86 652 1084 3875">
    <p class='ocr_par' dir='ltr' id='par_1_2' title="bbox 110 652 1084 1751">
     <span class='ocr_line' id='line_1_2' title="bbox 110 652 1081 731; baseline 0.005 -18"><span class='ocrx_word' id='word_1_5' title='bbox 110 653 171 714; x_wconf 88' lang='lat' dir='ltr'><strong>bat.</strong></span> <span class='ocrx_word' id='word_1_6' title='bbox 186 652 365 729; x_wconf 81' lang='lat' dir='ltr'><strong>Augebatur</strong></span> <span class='ocrx_word' id='word_1_7' title='bbox 379 654 562 716; x_wconf 86' lang='lat' dir='ltr'><strong>auxiliorum</strong></span> <span class='ocrx_word' id='word_1_8' title='bbox 577 652 687 714; x_wconf 82' lang='lat' dir='ltr'><strong>cotidie</strong></span> <span class='ocrx_word' id='word_1_9' title='bbox 701 670 785 729; x_wconf 71' lang='lat' dir='ltr'><strong>spes·</strong></span> <span class='ocrx_word' id='word_1_10' title='bbox 798 653 949 731; x_wconf 83' lang='lat' dir='ltr'>Loquitur</span> <span class='ocrx_word' id='word_1_11' title='bbox 963 654 995 717; x_wconf 91' lang='lat' dir='ltr'><strong>in</strong></span> <span class='ocrx_word' id='word_1_12' title='bbox 1011 671 1081 718; x_wconf 85' lang='lat' dir='ltr'><strong>cou-</strong></span> 
     </span>
     <span class='ocr_line' id='line_1_3' title="bbox 111 739 1083 817; baseline 0.005 -18"><span class='ocrx_word' id='word_1_13' title='bbox 111 740 180 801; x_wconf 88' lang='lat' dir='ltr'><strong>cilio</strong></span> <span class='ocrx_word' id='word_1_14' title='bbox 202 741 318 816; x_wconf 90' lang='lat' dir='ltr'><strong>palam,</strong></span> <span class='ocrx_word' id='word_1_15' title='bbox 344 741 488 817; x_wconf 88' lang='lat' dir='ltr'><strong>quoniam</strong></span> <span class='ocrx_word' id='word_1_16' title='bbox 503 739 643 800; x_wconf 85' lang='lat' dir='ltr'><strong>Germani</strong></span> <span class='ocrx_word' id='word_1_17' title='bbox 663 739 915 817; x_wconf 88' lang='lat' dir='ltr'><strong>adpropinquare</strong></span> <span class='ocrx_word' id='word_1_18' title='bbox 935 740 1083 813; x_wconf 83' lang='lat' dir='ltr'><strong>dicantur¹</strong></span> 
     </span>
     <span class='ocr_line' id='line_1_4' title="bbox 111 825 1076 901; baseline 0.004 -16"><span class='ocrx_word' id='word_1_19' title='bbox 111 841 183 886; x_wconf 90' lang='lat' dir='ltr'><strong>sese</strong></span> <span class='ocrx_word' id='word_1_20' title='bbox 204 842 278 886; x_wconf 91' lang='lat' dir='ltr'><strong>suas</strong></span> <span class='ocrx_word' id='word_1_21' title='bbox 299 828 515 901; x_wconf 89' lang='lat' dir='ltr'><strong>exercitusque</strong></span> <span class='ocrx_word' id='word_1_22' title='bbox 535 826 672 885; x_wconf 81' lang='lat' dir='ltr'><strong>fortunas</strong></span> <span class='ocrx_word' id='word_1_23' title='bbox 687 825 717 884; x_wconf 92' lang='lat' dir='ltr'><strong>in</strong></span> <span class='ocrx_word' id='word_1_24' title='bbox 734 826 859 886; x_wconf 92' lang='lat' dir='ltr'><strong>dubium</strong></span> <span class='ocrx_word' id='word_1_25' title='bbox 873 842 936 888; x_wconf 89' lang='lat' dir='ltr'><strong>non</strong></span> <span class='ocrx_word' id='word_1_26' title='bbox 951 828 1076 889; x_wconf 83' lang='lat' dir='ltr'><strong>devora·</strong></span> 
     </span>
     <span class='ocr_line' id='line_1_5' title="bbox 110 910 1081 987; baseline 0.001 -15"><span class='ocrx_word' id='word_1_27' title='bbox 110 917 209 972; x_wconf 90' lang='lat' dir='ltr'><strong>turum</strong></span> <span class='ocrx_word' id='word_1_28' title='bbox 224 917 255 971; x_wconf 90' lang='lat' dir='ltr'><strong>et</strong></span> <span class='ocrx_word' id='word_1_29' title='bbox 267 918 392 987; x_wconf 92' lang='lat' dir='ltr'><strong>postero</strong></span> <span class='ocrx_word' id='word_1_30' title='bbox 408 912 457 970; x_wconf 91' lang='lat' dir='ltr'><strong>die</strong></span> <span class='ocrx_word' id='word_1_31' title='bbox 471 910 569 985; x_wconf 88' lang='lat' dir='ltr'><strong>prima</strong></span> <span class='ocrx_word' id='word_1_32' title='bbox 582 911 651 969; x_wconf 92' lang='lat' dir='ltr'><strong>luce</strong></span> <span class='ocrx_word' id='word_1_33' title='bbox 666 916 766 970; x_wconf 87' lang='lat' dir='ltr'><strong>castra</strong></span> <span class='ocrx_word' id='word_1_34' title='bbox 780 917 942 973; x_wconf 91' lang='lat' dir='ltr'><strong>moturum.</strong></span> <span class='ocrx_word' id='word_1_35' title='bbox 974 913 1081 974; x_wconf 86' lang='lat' dir='ltr'><strong>Celeri·</strong></span> 
     </span>
     <span class='ocr_line' id='line_1_6' title="bbox 110 995 1083 1072; baseline 0.004 -17"><span class='ocrx_word' id='word_1_36' title='bbox 110 1004 156 1056; x_wconf 91' lang='lat' dir='ltr'><strong>ter</strong></span> <span class='ocrx_word' id='word_1_37' title='bbox 175 996 252 1056; x_wconf 89' lang='lat' dir='ltr'><strong>haec</strong></span> <span class='ocrx_word' id='word_1_38' title='bbox 273 997 312 1056; x_wconf 88' lang='lat' dir='ltr'><strong>ad</strong></span> <span class='ocrx_word' id='word_1_39' title='bbox 332 995 438 1056; x_wconf 89' lang='lat' dir='ltr'><strong>hostes</strong></span> <span class='ocrx_word' id='word_1_40' title='bbox 454 995 645 1068; x_wconf 87' lang='lat' dir='ltr'><strong>deteruntur,</strong></span> <span class='ocrx_word' id='word_1_41' title='bbox 671 1002 705 1055; x_wconf 91' lang='lat' dir='ltr'><strong>ut</strong></span> <span class='ocrx_word' id='word_1_42' title='bbox 730 1012 769 1055; x_wconf 87' lang='lat' dir='ltr'><strong>ex</strong></span> <span class='ocrx_word' id='word_1_43' title='bbox 793 1013 904 1072; x_wconf 90' lang='lat' dir='ltr'><strong>magno</strong></span> <span class='ocrx_word' id='word_1_44' title='bbox 928 997 1083 1059; x_wconf 77' lang='lat' dir='ltr'><strong>Gallorum</strong></span> 
     </span>
     <span class='ocr_line' id='line_1_7' title="bbox 110 1080 1083 1158; baseline 0.003 -17"><span class='ocrx_word' id='word_1_45' title='bbox 110 1081 246 1158; x_wconf 91' lang='lat' dir='ltr'><strong>equitum</strong></span> <span class='ocrx_word' id='word_1_46' title='bbox 265 1096 391 1141; x_wconf 90' lang='lat' dir='ltr'><strong>numero</strong></span> <span class='ocrx_word' id='word_1_47' title='bbox 413 1081 576 1140; x_wconf 92' lang='lat' dir='ltr'><strong>nonnullos</strong></span> <span class='ocrx_word' id='word_1_48' title='bbox 600 1080 721 1140; x_wconf 81' lang='lat' dir='ltr'><strong>Gallicis</strong></span> <span class='ocrx_word' id='word_1_49' title='bbox 742 1082 835 1142; x_wconf 88' lang='lat' dir='ltr'><strong>rebus</strong></span> <span class='ocrx_word' id='word_1_50' title='bbox 851 1084 956 1143; x_wconf 86' lang='lat' dir='ltr'><strong>lavere</strong></span> <span class='ocrx_word' id='word_1_51' title='bbox 977 1090 1083 1144; x_wconf 90' lang='lat' dir='ltr'><strong>natura</strong></span> 
     </span>
     <span class='ocr_line' id='line_1_8' title="bbox 111 1164 1079 1244; baseline 0.001 -17"><span class='ocrx_word' id='word_1_52' title='bbox 111 1168 250 1242; x_wconf 89' lang='lat' dir='ltr'><strong>cogebat.</strong></span> <span class='ocrx_word' id='word_1_53' title='bbox 285 1164 440 1225; x_wconf 82' lang='lat' dir='ltr'><strong>Labienus</strong></span> <span class='ocrx_word' id='word_1_54' title='bbox 456 1173 548 1225; x_wconf 91' lang='lat' dir='ltr'><strong>noctu</strong></span> <span class='ocrx_word' id='word_1_55' title='bbox 561 1164 691 1224; x_wconf 90' lang='lat' dir='ltr'><strong>tribunis</strong></span> <span class='ocrx_word' id='word_1_56' title='bbox 707 1167 832 1226; x_wconf 91' lang='lat' dir='ltr'><strong>militum</strong></span> <span class='ocrx_word' id='word_1_57' title='bbox 848 1168 1019 1244; x_wconf 88' lang='lat' dir='ltr'><strong>primisque</strong></span> <span class='ocrx_word' id='word_1_58' title='bbox 1034 1185 1079 1230; x_wconf 88' lang='lat' dir='ltr'><strong>or-</strong></span> 
     </span>
     <span class='ocr_line' id='line_1_9' title="bbox 111 1250 1081 1329; baseline 0.004 -18"><span class='ocrx_word' id='word_1_59' title='bbox 111 1252 232 1312; x_wconf 88' lang='lat' dir='ltr'><strong>dinibus</strong></span> <span class='ocrx_word' id='word_1_60' title='bbox 249 1251 426 1311; x_wconf 89' lang='lat' dir='ltr'><strong>convocatis</strong></span> <span class='ocrx_word' id='word_1_61' title='bbox 444 1251 517 1325; x_wconf 91' lang='lat' dir='ltr'><strong>quid</strong></span> <span class='ocrx_word' id='word_1_62' title='bbox 538 1250 586 1310; x_wconf 93' lang='lat' dir='ltr'><strong>sui</strong></span> <span class='ocrx_word' id='word_1_63' title='bbox 601 1250 642 1308; x_wconf 91' lang='lat' dir='ltr'><strong>sit</strong></span> <span class='ocrx_word' id='word_1_64' title='bbox 656 1251 775 1310; x_wconf 89' lang='lat' dir='ltr'><strong>consilii</strong></span> <span class='ocrx_word' id='word_1_65' title='bbox 790 1252 936 1326; x_wconf 91' lang='lat' dir='ltr'><strong>proponit</strong></span> <span class='ocrx_word' id='word_1_66' title='bbox 950 1259 995 1327; x_wconf 88' lang='lat' dir='ltr'><strong>et,</strong></span> <span class='ocrx_word' id='word_1_67' title='bbox 1021 1271 1081 1329; x_wconf 92' lang='lat' dir='ltr'><strong>quo</strong></span> 
     </span>
     <span class='ocr_line' id='line_1_10' title="bbox 110 1335 1082 1413; baseline 0.004 -18"><span class='ocrx_word' id='word_1_68' title='bbox 110 1338 228 1397; x_wconf 77' lang='lat' dir='ltr'><strong>facilius</strong></span> <span class='ocrx_word' id='word_1_69' title='bbox 242 1335 382 1394; x_wconf 83' lang='lat' dir='ltr'><strong>hostibus</strong></span> <span class='ocrx_word' id='word_1_70' title='bbox 398 1336 514 1396; x_wconf 89' lang='lat' dir='ltr'><strong>timoris</strong></span> <span class='ocrx_word' id='word_1_71' title='bbox 531 1336 582 1395; x_wconf 91' lang='lat' dir='ltr'><strong>det</strong></span> <span class='ocrx_word' id='word_1_72' title='bbox 593 1335 810 1410; x_wconf 90' lang='lat' dir='ltr'><strong>suspicionem,</strong></span> <span class='ocrx_word' id='word_1_73' title='bbox 826 1337 942 1397; x_wconf 90' lang='lat' dir='ltr'><strong>maiore</strong></span> <span class='ocrx_word' id='word_1_74' title='bbox 954 1339 1082 1413; x_wconf 90' lang='lat' dir='ltr'><strong>strepitu</strong></span> 
     </span>
     <span class='ocr_line' id='line_1_11' title="bbox 110 1420 1081 1497; baseline 0.003 -16"><span class='ocrx_word' id='word_1_75' title='bbox 110 1430 140 1483; x_wconf 92' lang='lat' dir='ltr'><strong>et</strong></span> <span class='ocrx_word' id='word_1_76' title='bbox 154 1423 296 1494; x_wconf 86' lang='lat' dir='ltr'><strong>tumultu,</strong></span> <span class='ocrx_word' id='word_1_77' title='bbox 313 1436 404 1494; x_wconf 91' lang='lat' dir='ltr'><strong>quam</strong></span> <span class='ocrx_word' id='word_1_78' title='bbox 419 1421 526 1495; x_wconf 90' lang='lat' dir='ltr'><strong>populi</strong></span> <span class='ocrx_word' id='word_1_79' title='bbox 540 1420 670 1481; x_wconf 90' lang='lat' dir='ltr'><strong>Romani</strong></span> <span class='ocrx_word' id='word_1_80' title='bbox 686 1421 743 1480; x_wconf 86' lang='lat' dir='ltr'><strong>tert</strong></span> <span class='ocrx_word' id='word_1_81' title='bbox 757 1422 966 1497; x_wconf 86' lang='lat' dir='ltr'><strong>consuetudo,</strong></span> <span class='ocrx_word' id='word_1_82' title='bbox 983 1432 1081 1484; x_wconf 88' lang='lat' dir='ltr'><strong>castra</strong></span> 
     </span>
     <span class='ocr_line' id='line_1_12' title="bbox 110 1505 1080 1581; baseline 0.004 -16"><span class='ocrx_word' id='word_1_83' title='bbox 110 1507 225 1566; x_wconf 89' lang='lat' dir='ltr'><strong>moveri</strong></span> <span class='ocrx_word' id='word_1_84' title='bbox 240 1505 331 1565; x_wconf 90' lang='lat' dir='ltr'><strong>iubet.</strong></span> <span class='ocrx_word' id='word_1_85' title='bbox 346 1505 401 1565; x_wconf 92' lang='lat' dir='ltr'><strong>His</strong></span> <span class='ocrx_word' id='word_1_86' title='bbox 416 1505 510 1565; x_wconf 89' lang='lat' dir='ltr'><strong>rebus</strong></span> <span class='ocrx_word' id='word_1_87' title='bbox 526 1507 617 1580; x_wconf 80' lang='lat' dir='ltr'><strong>fugae</strong></span> <span class='ocrx_word' id='word_1_88' title='bbox 632 1505 760 1566; x_wconf 87' lang='lat' dir='ltr'><strong>similem</strong></span> <span class='ocrx_word' id='word_1_89' title='bbox 775 1508 998 1581; x_wconf 88' lang='lat' dir='ltr'><strong>prosectionem</strong></span> <span class='ocrx_word' id='word_1_90' title='bbox 1009 1510 1080 1568; x_wconf 83' lang='lat' dir='ltr'><strong>elle</strong></span> 
     </span>
     <span class='ocr_line' id='line_1_13' title="bbox 110 1591 1084 1665; baseline 0.004 -15"><span class='ocrx_word' id='word_1_91' title='bbox 110 1592 158 1651; x_wconf 90' lang='lat' dir='ltr'><strong>cit.</strong></span> <span class='ocrx_word' id='word_1_92' title='bbox 186 1591 270 1651; x_wconf 90' lang='lat' dir='ltr'><strong>Haec</strong></span> <span class='ocrx_word' id='word_1_93' title='bbox 292 1606 417 1665; x_wconf 90' lang='lat' dir='ltr'><strong>quoque</strong></span> <span class='ocrx_word' id='word_1_94' title='bbox 438 1607 494 1665; x_wconf 90' lang='lat' dir='ltr'><strong>per</strong></span> <span class='ocrx_word' id='word_1_95' title='bbox 516 1593 728 1665; x_wconf 84' lang='lat' dir='ltr'><strong>exploratores</strong></span> <span class='ocrx_word' id='word_1_96' title='bbox 752 1598 822 1651; x_wconf 90' lang='lat' dir='ltr'><strong>ante</strong></span> <span class='ocrx_word' id='word_1_97' title='bbox 836 1593 936 1651; x_wconf 89' lang='lat' dir='ltr'><strong>lucem</strong></span> <span class='ocrx_word' id='word_1_98' title='bbox 954 1594 987 1653; x_wconf 91' lang='lat' dir='ltr'><strong>in</strong></span> <span class='ocrx_word' id='word_1_99' title='bbox 1002 1600 1084 1654; x_wconf 83' lang='lat' dir='ltr'><strong>tanta</strong></span> 
     </span>
     <span class='ocr_line' id='line_1_14' title="bbox 110 1675 900 1751; baseline -0.001 -16"><span class='ocrx_word' id='word_1_100' title='bbox 110 1677 336 1751; x_wconf 84' lang='lat' dir='ltr'><strong>propinquitate</strong></span> <span class='ocrx_word' id='word_1_101' title='bbox 352 1681 522 1736; x_wconf 89' lang='lat' dir='ltr'><strong>castrorum</strong></span> <span class='ocrx_word' id='word_1_102' title='bbox 537 1677 577 1734; x_wconf 90' lang='lat' dir='ltr'><strong>ad</strong></span> <span class='ocrx_word' id='word_1_103' title='bbox 592 1675 696 1735; x_wconf 89' lang='lat' dir='ltr'><strong>hostes</strong></span> <span class='ocrx_word' id='word_1_104' title='bbox 713 1677 900 1736; x_wconf 85' lang='lat' dir='ltr'><strong>deseruntur.</strong></span> 
     </span>
    </p>

    <p class='ocr_par' dir='ltr' id='par_1_3' title="bbox 108 1760 1082 2006">
     <span class='ocr_line' id='line_1_15' title="bbox 191 1760 1082 1839; baseline 0.002 -17"><span class='ocrx_word' id='word_1_105' title='bbox 191 1762 269 1822; x_wconf 89' lang='lat' dir='ltr'><strong>VllI.</strong></span> <span class='ocrx_word' id='word_1_106' title='bbox 297 1760 359 1820; x_wconf 90' lang='lat' dir='ltr'><strong>Vix</strong></span> <span class='ocrx_word' id='word_1_107' title='bbox 373 1776 481 1835; x_wconf 84' lang='lat' dir='ltr'><strong>agmen</strong></span> <span class='ocrx_word' id='word_1_108' title='bbox 498 1760 697 1821; x_wconf 89' lang='lat' dir='ltr'><strong>novissimum</strong></span> <span class='ocrx_word' id='word_1_109' title='bbox 713 1768 799 1819; x_wconf 91' lang='lat' dir='ltr'><strong>extra</strong></span> <span class='ocrx_word' id='word_1_110' title='bbox 812 1762 997 1822; x_wconf 87' lang='lat' dir='ltr'><strong>munitiones</strong></span> <span class='ocrx_word' id='word_1_111' title='bbox 1011 1780 1082 1839; x_wconf 90' lang='lat' dir='ltr'><strong>pro·</strong></span> 
     </span>
     <span class='ocr_line' id='line_1_16' title="bbox 109 1845 1082 1923; baseline 0.002 -16"><span class='ocrx_word' id='word_1_112' title='bbox 109 1853 255 1922; x_wconf 77' lang='lat' dir='ltr'><strong>cesserat,</strong></span> <span class='ocrx_word' id='word_1_113' title='bbox 272 1862 341 1907; x_wconf 87' lang='lat' dir='ltr'><strong>eum</strong></span> <span class='ocrx_word' id='word_1_114' title='bbox 356 1846 432 1905; x_wconf 88' lang='lat' dir='ltr'><strong>Galli</strong></span> <span class='ocrx_word' id='word_1_115' title='bbox 447 1845 596 1906; x_wconf 90' lang='lat' dir='ltr'><strong>cohortati</strong></span> <span class='ocrx_word' id='word_1_116' title='bbox 611 1847 689 1904; x_wconf 89' lang='lat' dir='ltr'><strong>inter</strong></span> <span class='ocrx_word' id='word_1_117' title='bbox 704 1860 753 1920; x_wconf 90' lang='lat' dir='ltr'><strong>sc,</strong></span> <span class='ocrx_word' id='word_1_118' title='bbox 770 1862 810 1904; x_wconf 90' lang='lat' dir='ltr'><strong>ne</strong></span> <span class='ocrx_word' id='word_1_119' title='bbox 825 1854 980 1921; x_wconf 91' lang='lat' dir='ltr'><strong>speratam</strong></span> <span class='ocrx_word' id='word_1_120' title='bbox 994 1864 1082 1923; x_wconf 90' lang='lat' dir='ltr'><strong>prae-</strong></span> 
     </span>
     <span class='ocr_line' id='line_1_17' title="bbox 108 1930 1081 2006; baseline 0.003 -14"><span class='ocrx_word' id='word_1_121' title='bbox 108 1934 177 1992; x_wconf 92' lang='lat' dir='ltr'><strong>dam</strong></span> <span class='ocrx_word' id='word_1_122' title='bbox 193 1949 232 1992; x_wconf 88' lang='lat' dir='ltr'><strong>ex</strong></span> <span class='ocrx_word' id='word_1_123' title='bbox 247 1931 387 1991; x_wconf 89' lang='lat' dir='ltr'><strong>manibus</strong></span> <span class='ocrx_word' id='word_1_124' title='bbox 403 1930 592 2005; x_wconf 89' lang='lat' dir='ltr'><strong>dimitterent,</strong></span> <span class='ocrx_word' id='word_1_125' title='bbox 609 1932 732 2004; x_wconf 89' lang='lat' dir='ltr'><strong>longum</strong></span> <span class='ocrx_word' id='word_1_126' title='bbox 748 1945 818 1990; x_wconf 92' lang='lat' dir='ltr'><strong>esse</strong></span> <span class='ocrx_word' id='word_1_127' title='bbox 833 1932 1003 2006; x_wconf 88' lang='lat' dir='ltr'><strong>perterritis</strong></span> <span class='ocrx_word' id='word_1_128' title='bbox 1021 1935 1081 1995; x_wconf 89' lang='lat' dir='ltr'><strong>Ro-</strong></span> 
     </span>
    </p>

    <p class='ocr_par' dir='ltr' id='par_1_4' title="bbox 86 2016 1084 3875">
     <span class='ocr_line' id='line_1_18' title="bbox 86 2016 1082 2097; baseline 0.003 -21"><span class='ocrx_word' id='word_1_129' title='bbox 86 2016 204 2097; x_wconf 75' lang='lat' dir='ltr'><strong>&#39;&#39;munis</strong></span> <span class='ocrx_word' id='word_1_130' title='bbox 219 2019 436 2077; x_wconf 87' lang='lat' dir='ltr'><strong>Germanorum</strong></span> <span class='ocrx_word' id='word_1_131' title='bbox 451 2017 596 2075; x_wconf 87' lang='lat' dir='ltr'><strong>auxilium</strong></span> <span class='ocrx_word' id='word_1_132' title='bbox 611 2024 783 2090; x_wconf 83' lang='lat' dir='ltr'><strong>expectare,</strong></span> <span class='ocrx_word' id='word_1_133' title='bbox 800 2031 902 2091; x_wconf 91' lang='lat' dir='ltr'><strong>neque</strong></span> <span class='ocrx_word' id='word_1_134' title='bbox 917 2033 1005 2078; x_wconf 92' lang='lat' dir='ltr'><strong>suam</strong></span> <span class='ocrx_word' id='word_1_135' title='bbox 1022 2019 1082 2094; x_wconf 85' lang='lat' dir='ltr'><strong>pati</strong></span> 
     </span>
     <span class='ocr_line' id='line_1_19' title="bbox 107 2101 1079 2178; baseline 0.001 -15"><span class='ocrx_word' id='word_1_136' title='bbox 107 2103 290 2178; x_wconf 89' lang='lat' dir='ltr'><strong>dignitatem,</strong></span> <span class='ocrx_word' id='word_1_137' title='bbox 306 2108 339 2162; x_wconf 95' lang='lat' dir='ltr'><strong>ut</strong></span> <span class='ocrx_word' id='word_1_138' title='bbox 352 2102 443 2160; x_wconf 89' lang='lat' dir='ltr'><strong>tantis</strong></span> <span class='ocrx_word' id='word_1_139' title='bbox 460 2102 557 2176; x_wconf 90' lang='lat' dir='ltr'><strong>copiis</strong></span> <span class='ocrx_word' id='word_1_140' title='bbox 573 2107 630 2159; x_wconf 87' lang='lat' dir='ltr'><strong>tam</strong></span> <span class='ocrx_word' id='word_1_141' title='bbox 652 2101 792 2174; x_wconf 87' lang='lat' dir='ltr'><strong>exiguam</strong></span> <span class='ocrx_word' id='word_1_142' title='bbox 807 2117 929 2162; x_wconf 91' lang='lat' dir='ltr'><strong>manum</strong></span> <span class='ocrx_word' id='word_1_143' title='bbox 941 2119 1079 2177; x_wconf 85' lang='lat' dir='ltr'><strong>praeser-</strong></span> 
     </span>
     <span class='ocr_line' id='line_1_20' title="bbox 108 2185 1079 2262; baseline 0.001 -14"><span class='ocrx_word' id='word_1_144' title='bbox 108 2190 159 2248; x_wconf 90' lang='lat' dir='ltr'><strong>tim</strong></span> <span class='ocrx_word' id='word_1_145' title='bbox 174 2189 338 2262; x_wconf 86' lang='lat' dir='ltr'><strong>fngientem</strong></span> <span class='ocrx_word' id='word_1_146' title='bbox 353 2194 445 2261; x_wconf 88' lang='lat' dir='ltr'><strong>atque</strong></span> <span class='ocrx_word' id='word_1_147' title='bbox 460 2186 634 2261; x_wconf 89' lang='lat' dir='ltr'><strong>impeditam</strong></span> <span class='ocrx_word' id='word_1_148' title='bbox 650 2185 763 2244; x_wconf 89' lang='lat' dir='ltr'><strong>adoriri</strong></span> <span class='ocrx_word' id='word_1_149' title='bbox 778 2202 839 2246; x_wconf 90' lang='lat' dir='ltr'><strong>non</strong></span> <span class='ocrx_word' id='word_1_150' title='bbox 855 2188 1007 2262; x_wconf 89' lang='lat' dir='ltr'><strong>audeant,</strong></span> <span class='ocrx_word' id='word_1_151' title='bbox 1026 2190 1079 2249; x_wconf 88' lang='lat' dir='ltr'><strong>ilu-</strong></span> 
     </span>
     <span class='ocr_line' id='line_1_21' title="bbox 107 2271 1069 2345; baseline 0.002 -13"><span class='ocrx_word' id='word_1_152' title='bbox 107 2290 175 2332; x_wconf 90' lang='lat' dir='ltr'><strong>men</strong></span> <span class='ocrx_word' id='word_1_153' title='bbox 190 2273 319 2332; x_wconf 90' lang='lat' dir='ltr'><strong>transire</strong></span> <span class='ocrx_word' id='word_1_154' title='bbox 335 2278 364 2330; x_wconf 91' lang='lat' dir='ltr'><strong>et</strong></span> <span class='ocrx_word' id='word_1_155' title='bbox 378 2271 481 2345; x_wconf 89' lang='lat' dir='ltr'><strong>iniquo</strong></span> <span class='ocrx_word' id='word_1_156' title='bbox 498 2273 566 2330; x_wconf 90' lang='lat' dir='ltr'><strong>loco</strong></span> <span class='ocrx_word' id='word_1_157' title='bbox 583 2271 770 2329; x_wconf 85' lang='lat' dir='ltr'><strong>committere</strong></span> <span class='ocrx_word' id='word_1_158' title='bbox 785 2272 936 2345; x_wconf 92' lang='lat' dir='ltr'><strong>proelium</strong></span> <span class='ocrx_word' id='word_1_159' title='bbox 952 2289 1014 2333; x_wconf 89' lang='lat' dir='ltr'><strong>non</strong></span> <span class='ocrx_word' id='word_1_160' title='bbox 1027 2274 1069 2334; x_wconf 91' lang='lat' dir='ltr'><strong>du</strong></span> 
     </span>
     <span class='ocr_line' id='line_1_22' title="bbox 107 2352 1081 2429; baseline 0.002 -12"><span class='ocrx_word' id='word_1_161' title='bbox 107 2357 209 2418; x_wconf 72' lang='lat' dir='ltr'><strong>¹ritant.</strong></span> <span class='ocrx_word' id='word_1_162' title='bbox 240 2357 323 2429; x_wconf 83' lang='lat' dir='ltr'><strong>Quae</strong></span> <span class='ocrx_word' id='word_1_163' title='bbox 343 2356 409 2415; x_wconf 87' lang='lat' dir='ltr'><strong>sore</strong></span> <span class='ocrx_word' id='word_1_164' title='bbox 430 2355 605 2428; x_wconf 86' lang='lat' dir='ltr'><strong>suspicatus</strong></span> <span class='ocrx_word' id='word_1_165' title='bbox 626 2352 794 2429; x_wconf 87' lang='lat' dir='ltr'><strong>Labienus,</strong></span> <span class='ocrx_word' id='word_1_166' title='bbox 820 2362 853 2415; x_wconf 91' lang='lat' dir='ltr'><strong>ut</strong></span> <span class='ocrx_word' id='word_1_167' title='bbox 879 2373 986 2417; x_wconf 89' lang='lat' dir='ltr'><strong>omnes</strong></span> <span class='ocrx_word' id='word_1_168' title='bbox 1009 2359 1081 2420; x_wconf 89' lang='lat' dir='ltr'><strong>citra</strong></span> 
     </span>
     <span class='ocr_line' id='line_1_23' title="bbox 108 2438 1082 2517; baseline 0.001 -15"><span class='ocrx_word' id='word_1_169' title='bbox 108 2442 219 2502; x_wconf 79' lang='lat' dir='ltr'><strong>ssunren</strong></span> <span class='ocrx_word' id='word_1_170' title='bbox 242 2442 379 2513; x_wconf 86' lang='lat' dir='ltr'><strong>eliceret,</strong></span> <span class='ocrx_word' id='word_1_171' title='bbox 407 2439 512 2497; x_wconf 88' lang='lat' dir='ltr'><strong>eadem</strong></span> <span class='ocrx_word' id='word_1_172' title='bbox 526 2454 602 2497; x_wconf 92' lang='lat' dir='ltr'><strong>usus</strong></span> <span class='ocrx_word' id='word_1_173' title='bbox 622 2438 815 2499; x_wconf 88' lang='lat' dir='ltr'><strong>simulatione</strong></span> <span class='ocrx_word' id='word_1_174' title='bbox 831 2440 945 2501; x_wconf 92' lang='lat' dir='ltr'><strong>itineris</strong></span> <span class='ocrx_word' id='word_1_175' title='bbox 961 2444 1082 2517; x_wconf 89' lang='lat' dir='ltr'><strong>placide</strong></span> 
     </span>
     <span class='ocr_line' id='line_1_24' title="bbox 107 2523 1082 2602; baseline 0.002 -16"><span class='ocrx_word' id='word_1_176' title='bbox 107 2524 366 2602; x_wconf 82' lang='lat' dir='ltr'><strong>progrediebatur.</strong></span> <span class='ocrx_word' id='word_1_177' title='bbox 401 2524 476 2584; x_wconf 88' lang='lat' dir='ltr'><strong>Tum</strong></span> <span class='ocrx_word' id='word_1_178' title='bbox 500 2523 679 2598; x_wconf 88' lang='lat' dir='ltr'><strong>praemissis</strong></span> <span class='ocrx_word' id='word_1_179' title='bbox 704 2528 829 2597; x_wconf 89' lang='lat' dir='ltr'><strong>paulum</strong></span> <span class='ocrx_word' id='word_1_180' title='bbox 857 2525 1082 2601; x_wconf 89' lang='lat' dir='ltr'><strong>impedimentis</strong></span> 
     </span>
     <span class='ocr_line' id='line_1_25' title="bbox 105 2608 1083 2687; baseline 0.003 -17"><span class='ocrx_word' id='word_1_181' title='bbox 105 2619 197 2686; x_wconf 88' lang='lat' dir='ltr'><strong>atque</strong></span> <span class='ocrx_word' id='word_1_182' title='bbox 212 2611 242 2668; x_wconf 92' lang='lat' dir='ltr'><strong>in</strong></span> <span class='ocrx_word' id='word_1_183' title='bbox 256 2610 371 2668; x_wconf 91' lang='lat' dir='ltr'><strong>tumulo</strong></span> <span class='ocrx_word' id='word_1_184' title='bbox 388 2608 521 2683; x_wconf 91' lang='lat' dir='ltr'><strong>quodam</strong></span> <span class='ocrx_word' id='word_1_185' title='bbox 536 2608 708 2682; x_wconf 89' lang='lat' dir='ltr'><strong>collocatis,</strong></span> <span class='ocrx_word' id='word_1_186' title='bbox 723 2610 859 2683; x_wconf 67' lang='lat' dir='ltr'><strong>Hebetes,</strong></span> <span class='ocrx_word' id='word_1_187' title='bbox 875 2610 982 2687; x_wconf 83' lang='lat' dir='ltr'><strong>inquil,</strong></span> <span class='ocrx_word' id='word_1_188' title='bbox 999 2615 1083 2673; x_wconf 80' lang='lat' dir='ltr'><strong>mili-</strong></span> 
     </span>
     <span class='ocr_line' id='line_1_26' title="bbox 105 2694 1084 2772; baseline 0.003 -16"><span class='ocrx_word' id='word_1_189' title='bbox 105 2707 155 2769; x_wconf 75' lang='lat' dir='ltr'><strong>ter,</strong></span> <span class='ocrx_word' id='word_1_190' title='bbox 170 2711 259 2771; x_wconf 83' lang='lat' dir='ltr'><strong>quam</strong></span> <span class='ocrx_word' id='word_1_191' title='bbox 269 2696 383 2768; x_wconf 80' lang='lat' dir='ltr'><strong>petistis</strong></span> <span class='ocrx_word' id='word_1_192' title='bbox 393 2694 587 2766; x_wconf 82' lang='lat' dir='ltr'><strong>facultatem:</strong></span> <span class='ocrx_word' id='word_1_193' title='bbox 602 2694 709 2752; x_wconf 84' lang='lat' dir='ltr'><strong>bostem</strong></span> <span class='ocrx_word' id='word_1_194' title='bbox 724 2697 865 2769; x_wconf 73' lang='lat' dir='ltr'><strong>impedito</strong></span> <span class='ocrx_word' id='word_1_195' title='bbox 880 2706 969 2771; x_wconf 75' lang='lat' dir='ltr'><strong>atque</strong></span> <span class='ocrx_word' id='word_1_196' title='bbox 982 2700 1084 2772; x_wconf 78' lang='lat' dir='ltr'><strong>tnqm</strong></span> 
     </span>
     <span class='ocr_line' id='line_1_27' title="bbox 105 2779 1081 2856; baseline 0 -14"><span class='ocrx_word' id='word_1_197' title='bbox 105 2786 167 2842; x_wconf 86' lang='lat' dir='ltr'><strong>loco</strong></span> <span class='ocrx_word' id='word_1_198' title='bbox 180 2782 295 2840; x_wconf 77' lang='lat' dir='ltr'><strong>tenetis:</strong></span> <span class='ocrx_word' id='word_1_199' title='bbox 306 2784 460 2853; x_wconf 82' lang='lat' dir='ltr'><strong>praestate</strong></span> <span class='ocrx_word' id='word_1_200' title='bbox 472 2779 596 2837; x_wconf 78' lang='lat' dir='ltr'><strong>eoredem</strong></span> <span class='ocrx_word' id='word_1_201' title='bbox 608 2779 690 2837; x_wconf 78' lang='lat' dir='ltr'><strong>nobis</strong></span> <span class='ocrx_word' id='word_1_202' title='bbox 702 2780 825 2842; x_wconf 75' lang='lat' dir='ltr'><strong>ducibus</strong></span> <span class='ocrx_word' id='word_1_203' title='bbox 831 2782 976 2853; x_wconf 69' lang='lat' dir='ltr'><strong>carattere,</strong></span> <span class='ocrx_word' id='word_1_204' title='bbox 992 2800 1081 2856; x_wconf 73' lang='lat' dir='ltr'><strong>quen.</strong></span> 
     </span>
     <span class='ocr_line' id='line_1_28' title="bbox 104 2864 1084 2941; baseline 0.002 -15"><span class='ocrx_word' id='word_1_205' title='bbox 104 2880 313 2941; x_wconf 78' lang='lat' dir='ltr'><strong>saepenumero</strong></span> <span class='ocrx_word' id='word_1_206' title='bbox 328 2864 501 2938; x_wconf 79' lang='lat' dir='ltr'><strong>imperatori</strong></span> <span class='ocrx_word' id='word_1_207' title='bbox 507 2866 711 2937; x_wconf 74' lang='lat' dir='ltr'><strong>praestitistis,</strong></span> <span class='ocrx_word' id='word_1_208' title='bbox 734 2875 824 2941; x_wconf 62' lang='lat' dir='ltr'><strong>utq‘rre</strong></span> <span class='ocrx_word' id='word_1_209' title='bbox 837 2869 920 2926; x_wconf 81' lang='lat' dir='ltr'><strong>illam</strong></span> <span class='ocrx_word' id='word_1_210' title='bbox 935 2868 1042 2927; x_wconf 84' lang='lat' dir='ltr'><strong>edesse</strong></span> <span class='ocrx_word' id='word_1_211' title='bbox 1055 2878 1084 2928; x_wconf 90' lang='lat' dir='ltr'><strong>et</strong></span> 
     </span>
     <span class='ocr_line' id='line_1_29' title="bbox 104 2946 1081 3024; baseline -0.001 -13"><span class='ocrx_word' id='word_1_212' title='bbox 104 2952 178 3011; x_wconf 83' lang='lat' dir='ltr'><strong>boec</strong></span> <span class='ocrx_word' id='word_1_213' title='bbox 191 2966 292 3010; x_wconf 85' lang='lat' dir='ltr'><strong>eorem</strong></span> <span class='ocrx_word' id='word_1_214' title='bbox 306 2966 428 3008; x_wconf 78' lang='lat' dir='ltr'><strong>eernere</strong></span> <span class='ocrx_word' id='word_1_215' title='bbox 441 2949 614 3008; x_wconf 76' lang='lat' dir='ltr'><strong>existimate.</strong></span> <span class='ocrx_word' id='word_1_216' title='bbox 631 2946 725 3008; x_wconf 73' lang='lat' dir='ltr'><strong>Simul</strong></span> <span class='ocrx_word' id='word_1_217' title='bbox 734 2949 996 3024; x_wconf 88' lang='lat' dir='ltr'><strong>signaadhostem</strong></span> <span class='ocrx_word' id='word_1_218' title='bbox 1009 2966 1081 3012; x_wconf 88' lang='lat' dir='ltr'><strong>con-</strong></span> 
     </span>
     <span class='ocr_line' id='line_1_30' title="bbox 105 3032 1082 3109; baseline 0.003 -15"><span class='ocrx_word' id='word_1_219' title='bbox 105 3036 181 3095; x_wconf 89' lang='lat' dir='ltr'><strong>verti</strong></span> <span class='ocrx_word' id='word_1_220' title='bbox 196 3034 355 3107; x_wconf 88' lang='lat' dir='ltr'><strong>aciemque</strong></span> <span class='ocrx_word' id='word_1_221' title='bbox 372 3033 460 3107; x_wconf 87' lang='lat' dir='ltr'><strong>dirigi</strong></span> <span class='ocrx_word' id='word_1_222' title='bbox 482 3032 565 3093; x_wconf 87' lang='lat' dir='ltr'><strong>iubet</strong></span> <span class='ocrx_word' id='word_1_223' title='bbox 579 3039 608 3092; x_wconf 89' lang='lat' dir='ltr'><strong>et</strong></span> <span class='ocrx_word' id='word_1_224' title='bbox 623 3034 729 3106; x_wconf 90' lang='lat' dir='ltr'><strong>paucis</strong></span> <span class='ocrx_word' id='word_1_225' title='bbox 747 3035 852 3094; x_wconf 89' lang='lat' dir='ltr'><strong>turmis</strong></span> <span class='ocrx_word' id='word_1_226' title='bbox 869 3036 1025 3109; x_wconf 87' lang='lat' dir='ltr'><strong>pracsidio</strong></span> <span class='ocrx_word' id='word_1_227' title='bbox 1043 3037 1082 3097; x_wconf 75' lang='lat' dir='ltr'><strong>ad</strong></span> 
     </span>
     <span class='ocr_line' id='line_1_31' title="bbox 105 3118 1080 3196; baseline 0.003 -17"><span class='ocrx_word' id='word_1_228' title='bbox 105 3119 321 3195; x_wconf 87' lang='lat' dir='ltr'><strong>impedimenta</strong></span> <span class='ocrx_word' id='word_1_229' title='bbox 342 3118 477 3177; x_wconf 88' lang='lat' dir='ltr'><strong>dimissis</strong></span> <span class='ocrx_word' id='word_1_230' title='bbox 498 3119 634 3194; x_wconf 66' lang='lat' dir='ltr'><strong>reliquos</strong></span> <span class='ocrx_word' id='word_1_231' title='bbox 657 3119 776 3194; x_wconf 86' lang='lat' dir='ltr'><strong>equites</strong></span> <span class='ocrx_word' id='word_1_232' title='bbox 798 3123 837 3180; x_wconf 89' lang='lat' dir='ltr'><strong>ad</strong></span> <span class='ocrx_word' id='word_1_233' title='bbox 860 3122 958 3179; x_wconf 89' lang='lat' dir='ltr'><strong>latera</strong></span> <span class='ocrx_word' id='word_1_234' title='bbox 974 3121 1080 3196; x_wconf 90' lang='lat' dir='ltr'><strong>dispo·</strong></span> 
     </span>
     <span class='ocr_line' id='line_1_32' title="bbox 105 3202 1068 3279; baseline 0.001 -15"><span class='ocrx_word' id='word_1_235' title='bbox 105 3207 155 3265; x_wconf 89' lang='lat' dir='ltr'><strong>nit.</strong></span> <span class='ocrx_word' id='word_1_236' title='bbox 172 3202 316 3264; x_wconf 83' lang='lat' dir='ltr'><strong>Celeriter</strong></span> <span class='ocrx_word' id='word_1_237' title='bbox 331 3204 427 3262; x_wconf 93' lang='lat' dir='ltr'><strong>nostri</strong></span> <span class='ocrx_word' id='word_1_238' title='bbox 444 3204 576 3262; x_wconf 87' lang='lat' dir='ltr'><strong>elamore</strong></span> <span class='ocrx_word' id='word_1_239' title='bbox 591 3203 711 3263; x_wconf 90' lang='lat' dir='ltr'><strong>sublato</strong></span> <span class='ocrx_word' id='word_1_240' title='bbox 727 3206 789 3279; x_wconf 92' lang='lat' dir='ltr'><strong>pila</strong></span> <span class='ocrx_word' id='word_1_241' title='bbox 804 3206 834 3265; x_wconf 90' lang='lat' dir='ltr'><strong>in</strong></span> <span class='ocrx_word' id='word_1_242' title='bbox 850 3205 956 3264; x_wconf 90' lang='lat' dir='ltr'><strong>hostes</strong></span> <span class='ocrx_word' id='word_1_243' title='bbox 973 3206 1068 3265; x_wconf 90' lang='lat' dir='ltr'><strong>immit</strong></span> 
     </span>
     <span class='ocr_line' id='line_1_33' title="bbox 104 3286 1080 3364; baseline -0.001 -14"><span class='ocrx_word' id='word_1_244' title='bbox 104 3296 178 3350; x_wconf 90' lang='lat' dir='ltr'><strong>tunt.</strong></span> <span class='ocrx_word' id='word_1_245' title='bbox 208 3287 267 3361; x_wconf 91' lang='lat' dir='ltr'><strong>Illi,</strong></span> <span class='ocrx_word' id='word_1_246' title='bbox 294 3286 346 3346; x_wconf 91' lang='lat' dir='ltr'><strong>ubi</strong></span> <span class='ocrx_word' id='word_1_247' title='bbox 367 3295 489 3362; x_wconf 85' lang='lat' dir='ltr'><strong>praeter</strong></span> <span class='ocrx_word' id='word_1_248' title='bbox 503 3303 591 3361; x_wconf 88' lang='lat' dir='ltr'><strong>spem</strong></span> <span class='ocrx_word' id='word_1_249' title='bbox 607 3305 685 3363; x_wconf 92' lang='lat' dir='ltr'><strong>quos</strong></span> <span class='ocrx_word' id='word_1_250' title='bbox 701 3291 807 3364; x_wconf 87' lang='lat' dir='ltr'><strong>sugere</strong></span> <span class='ocrx_word' id='word_1_251' title='bbox 824 3290 990 3351; x_wconf 89' lang='lat' dir='ltr'><strong>credebant</strong></span> <span class='ocrx_word' id='word_1_252' title='bbox 1004 3290 1051 3349; x_wconf 86' lang='lat' dir='ltr'><strong>int</strong></span> <span class='ocrx_word' id='word_1_253' title='bbox 1069 3322 1080 3332; x_wconf 96' lang='lat'><em>-</em></span> 
     </span>
     <span class='ocr_line' id='line_1_34' title="bbox 104 3372 1081 3448; baseline 0.001 -14"><span class='ocrx_word' id='word_1_254' title='bbox 104 3376 159 3435; x_wconf 92' lang='lat' dir='ltr'><strong>stis</strong></span> <span class='ocrx_word' id='word_1_255' title='bbox 182 3372 278 3447; x_wconf 90' lang='lat' dir='ltr'><strong>signis</strong></span> <span class='ocrx_word' id='word_1_256' title='bbox 301 3372 391 3432; x_wconf 93' lang='lat' dir='ltr'><strong>adse</strong></span> <span class='ocrx_word' id='word_1_257' title='bbox 412 3372 457 3432; x_wconf 89' lang='lat' dir='ltr'><strong>ire</strong></span> <span class='ocrx_word' id='word_1_258' title='bbox 472 3372 627 3447; x_wconf 85' lang='lat' dir='ltr'><strong>viderunt,</strong></span> <span class='ocrx_word' id='word_1_259' title='bbox 652 3373 799 3448; x_wconf 89' lang='lat' dir='ltr'><strong>impetum</strong></span> <span class='ocrx_word' id='word_1_260' title='bbox 814 3374 907 3435; x_wconf 93' lang='lat' dir='ltr'><strong>modo</strong></span> <span class='ocrx_word' id='word_1_261' title='bbox 924 3375 1003 3433; x_wconf 84' lang='lat' dir='ltr'><strong>terre</strong></span> <span class='ocrx_word' id='word_1_262' title='bbox 1019 3391 1081 3435; x_wconf 91' lang='lat' dir='ltr'><strong>non</strong></span> 
     </span>
     <span class='ocr_line' id='line_1_35' title="bbox 103 3458 1081 3534; baseline 0.002 -15"><span class='ocrx_word' id='word_1_263' title='bbox 103 3464 268 3534; x_wconf 87' lang='lat' dir='ltr'><strong>potuerunt</strong></span> <span class='ocrx_word' id='word_1_264' title='bbox 282 3474 319 3517; x_wconf 92' lang='lat' dir='ltr'><strong>ac</strong></span> <span class='ocrx_word' id='word_1_265' title='bbox 334 3459 431 3532; x_wconf 91' lang='lat' dir='ltr'><strong>primo</strong></span> <span class='ocrx_word' id='word_1_266' title='bbox 448 3473 600 3518; x_wconf 88' lang='lat' dir='ltr'><strong>concursu</strong></span> <span class='ocrx_word' id='word_1_267' title='bbox 613 3459 641 3516; x_wconf 91' lang='lat' dir='ltr'><strong>in</strong></span> <span class='ocrx_word' id='word_1_268' title='bbox 654 3458 756 3532; x_wconf 83' lang='lat' dir='ltr'><strong>sugam</strong></span> <span class='ocrx_word' id='word_1_269' title='bbox 769 3461 899 3521; x_wconf 90' lang='lat' dir='ltr'><strong>coniecti</strong></span> <span class='ocrx_word' id='word_1_270' title='bbox 913 3476 1081 3533; x_wconf 88' lang='lat' dir='ltr'><strong>proxumas</strong></span> 
     </span>
     <span class='ocr_line' id='line_1_36' title="bbox 104 3543 1079 3618; baseline 0.001 -14"><span class='ocrx_word' id='word_1_271' title='bbox 104 3545 197 3604; x_wconf 88' lang='lat' dir='ltr'><strong>silvas</strong></span> <span class='ocrx_word' id='word_1_272' title='bbox 220 3545 401 3618; x_wconf 91' lang='lat' dir='ltr'><strong>petiverunt.</strong></span> <span class='ocrx_word' id='word_1_273' title='bbox 432 3543 513 3616; x_wconf 82' lang='lat' dir='ltr'><strong>Quos</strong></span> <span class='ocrx_word' id='word_1_274' title='bbox 539 3543 691 3602; x_wconf 89' lang='lat' dir='ltr'><strong>Labienus</strong></span> <span class='ocrx_word' id='word_1_275' title='bbox 717 3543 854 3617; x_wconf 88' lang='lat' dir='ltr'><strong>equitatu</strong></span> <span class='ocrx_word' id='word_1_276' title='bbox 881 3552 1079 3606; x_wconf 87' lang='lat' dir='ltr'><strong>consectatus</strong></span> 
     </span>
     <span class='ocr_line' id='line_1_37' title="bbox 105 3626 1080 3704; baseline 0.002 -16"><span class='ocrx_word' id='word_1_277' title='bbox 105 3644 214 3702; x_wconf 92' lang='lat' dir='ltr'><strong>magno</strong></span> <span class='ocrx_word' id='word_1_278' title='bbox 230 3644 356 3689; x_wconf 89' lang='lat' dir='ltr'><strong>numero</strong></span> <span class='ocrx_word' id='word_1_279' title='bbox 373 3630 541 3702; x_wconf 83' lang='lat' dir='ltr'><strong>interiecto,</strong></span> <span class='ocrx_word' id='word_1_280' title='bbox 559 3626 756 3702; x_wconf 89' lang='lat' dir='ltr'><strong>conpluribus</strong></span> <span class='ocrx_word' id='word_1_281' title='bbox 773 3630 870 3704; x_wconf 89' lang='lat' dir='ltr'><strong>captis</strong></span> <span class='ocrx_word' id='word_1_282' title='bbox 887 3630 995 3704; x_wconf 87' lang='lat' dir='ltr'><strong>paucis</strong></span> <span class='ocrx_word' id='word_1_283' title='bbox 1008 3640 1080 3704; x_wconf 80' lang='lat' dir='ltr'><strong>pos·</strong></span> 
     </span>
     <span class='ocr_line' id='line_1_38' title="bbox 105 3710 1066 3789; baseline 0 -15"><span class='ocrx_word' id='word_1_284' title='bbox 105 3714 213 3774; x_wconf 90' lang='lat' dir='ltr'><strong>diebus</strong></span> <span class='ocrx_word' id='word_1_285' title='bbox 230 3713 381 3772; x_wconf 86' lang='lat' dir='ltr'><strong>civitatem</strong></span> <span class='ocrx_word' id='word_1_286' title='bbox 396 3714 521 3787; x_wconf 90' lang='lat' dir='ltr'><strong>recepit.</strong></span> <span class='ocrx_word' id='word_1_287' title='bbox 556 3710 631 3769; x_wconf 87' lang='lat' dir='ltr'><strong>Nam</strong></span> <span class='ocrx_word' id='word_1_288' title='bbox 649 3712 804 3786; x_wconf 89' lang='lat' dir='ltr'><strong>Germani,</strong></span> <span class='ocrx_word' id='word_1_289' title='bbox 832 3714 882 3789; x_wconf 93' lang='lat' dir='ltr'><strong>qui</strong></span> <span class='ocrx_word' id='word_1_290' title='bbox 898 3715 1011 3775; x_wconf 89' lang='lat' dir='ltr'><strong>auxilio</strong></span> <span class='ocrx_word' id='word_1_291' title='bbox 1027 3732 1066 3775; x_wconf 88' lang='lat' dir='ltr'><strong>ve</strong></span> 
     </span>
     <span class='ocr_line' id='line_1_39' title="bbox 105 3796 1079 3875; baseline 0.002 -17"><span class='ocrx_word' id='word_1_292' title='bbox 105 3800 242 3872; x_wconf 79' lang='lat' dir='ltr'><strong>aiebant,</strong></span> <span class='ocrx_word' id='word_1_293' title='bbox 264 3803 413 3873; x_wconf 89' lang='lat' dir='ltr'><strong>percepta</strong></span> <span class='ocrx_word' id='word_1_294' title='bbox 426 3798 626 3856; x_wconf 88' lang='lat' dir='ltr'><strong>Treverorum</strong></span> <span class='ocrx_word' id='word_1_295' title='bbox 641 3796 714 3871; x_wconf 86' lang='lat' dir='ltr'><strong>iuga</strong></span> <span class='ocrx_word' id='word_1_296' title='bbox 728 3811 799 3858; x_wconf 91' lang='lat' dir='ltr'><strong>sese</strong></span> <span class='ocrx_word' id='word_1_297' title='bbox 814 3799 937 3860; x_wconf 93' lang='lat' dir='ltr'><strong>domum</strong></span> <span class='ocrx_word' id='word_1_298' title='bbox 951 3814 1079 3875; x_wconf 89' lang='lat' dir='ltr'><strong>recepe-</strong></span> 
     </span>
    </p>
   </div>
   <div class='ocr_carea' id='block_1_3' title="bbox 0 0 1140 4176">
    <p class='ocr_par' dir='ltr' id='par_1_5' title="bbox 0 0 1140 4176">
     <span class='ocr_line' id='line_1_40' title="bbox 0 0 1140 4176; baseline 0 1"><span class='ocrx_word' id='word_1_299' title='bbox 0 0 1140 4176; x_wconf 95' lang='lat' dir='ltr'><strong> </strong></span> 
     </span>
    </p>
   </div>
  </div>
 </body>
</html>
