2272 4176
294 168 451 231 BELLUM
471 168 789 235 Atnxhhultmuu.
967 170 1032 237 335

54 320 209 397 bellariis,
225 322 278 398 qui
293 323 332 384 de
344 323 562 385 Alexandrinis
575 324 669 386 rebus
683 325 799 387 litteras
815 327 855 387 ad
868 327 1030 389 Domitium

55 406 213 483 rorabant,
235 409 394 484 cognoscit
409 410 570 470 Caesarem
590 425 701 485 magno
716 411 747 470 in
762 411 899 487 periculo
914 411 1031 472 versari

56 489 253 567 flagitarique
267 494 307 553 ab
320 493 468 569 Domitio,
492 502 525 555 ut
541 510 632 569 quam
647 496 778 570 primum
794 496 916 557 Caesari
931 497 1031 556 subsi-

56 575 107 635 dia
120 576 255 638 mitteret
268 577 459 655 propiusque
473 580 542 653 ipse
552 580 770 639 Alexandriam
786 597 842 655 per
850 580 967 659 Syriam
982 596 1031 641 ae·

57 661 191 722 eederet.
222 661 288 735 Qua
309 663 430 737 cognita
448 679 482 722 re
501 662 674 723 Pharnaces
695 664 841 725 victoriae
856 667 924 726 loeo
940 665 1031 725 duee·

55 744 123 820 bai,
151 747 179 805 si
193 747 316 806 trahere
329 754 450 823 tempus
466 755 589 822 posset,
611 763 679 807 cum
695 749 917 809 discedendum
930 749 1031 809 Domi·
1126 770 1131 791 ··

57 830 98 891 tio
114 830 255 890 celeriter
269 838 398 907 putaret.
426 834 532 908 Itaque
553 832 591 891 ab
614 832 745 907 oppido,
773 850 835 909 qua
859 834 1032 893 facillimum

57 920 272 975 necessumst
294 917 511 991 aequissimum
534 916 574 975 ad
595 916 800 978 dimicandum
819 919 932 978 nostris
948 918 1031 976 vide-

57 998 115 1072 bat,
131 1001 237 1060 iossas
253 1001 330 1061 duas
346 1002 477 1061 directas
503 1017 565 1060 non
580 1001 621 1060 ita
635 1017 745 1076 magno
758 1003 858 1063 medio
874 1003 1031 1062 intervallo

56 1083 163 1144 relicto
191 1090 333 1159 quattuor
347 1086 462 1160 pedum
476 1085 641 1145 altitudinis
657 1086 686 1144 in
702 1101 771 1145 eum
783 1089 884 1147 locum
897 1085 1032 1161 deduxit,

59 1184 119 1245 quo
134 1169 258 1244 longius
274 1171 473 1232 constituerat
488 1186 574 1230 suam
588 1186 649 1229 non
665 1171 837 1245 producere
849 1173 954 1230 aciem.
983 1172 1029 1229 In-

57 1260 102 1313 ter
115 1252 174 1313 has
190 1255 293 1315 fossas
307 1256 405 1316 aeicm
420 1271 542 1331 semper
557 1255 733 1328 instruebat,
749 1257 916 1332 equitatum
932 1262 1030 1315 autem

59 1353 178 1399 omnem
194 1340 234 1399 ab
249 1341 394 1401 lateribus
411 1347 498 1399 extra
513 1341 629 1400 fossam
645 1341 829 1411 collocabat;
857 1340 909 1415 qui
930 1354 1030 1415 neque

58 1423 143 1482 aliter
164 1422 248 1483 utilis
270 1440 341 1485 esse
361 1430 482 1500 poterat
502 1429 533 1483 et
547 1426 673 1484 multum
687 1441 814 1485 numero
831 1424 963 1484 anteibat
976 1440 1030 1484 no-

59 1514 153 1568 strum
168 1509 344 1583 equitatum.

139 1592 272 1653 XXXlX.
294 1593 442 1654 Domitius
458 1600 572 1667 autem,
600 1608 668 1652 cum
684 1591 823 1654 Caesaris
839 1590 935 1665 magis
950 1592 1029 1665 peri·

59 1679 127 1738 culo
143 1693 237 1752 quam
253 1694 309 1739 suo
326 1685 567 1738 commoveretur
581 1692 683 1752 neque
697 1693 733 1736 se
747 1683 810 1736 tuto
823 1675 1031 1735 disccssurum

58 1762 264 1837 arbitraretur,
280 1763 305 1823 si
321 1764 534 1835 condiciones
552 1778 628 1837 quas
643 1761 799 1834 reiecerat
814 1775 922 1819 rursus
938 1760 1029 1834 adpe-

59 1853 134 1906 teret
156 1853 210 1906 aut
230 1846 297 1907 sine
312 1863 407 1908 causa
421 1847 603 1922 discederet,
626 1862 665 1903 ex
680 1844 861 1920 propinquis
877 1844 985 1905 castris
1000 1843 1030 1902 in

59 1932 154 1990 aciem
170 1931 336 1992 exercitum
352 1933 472 2002 eduxit;
498 1931 682 1990 tricesimam
703 1935 821 1989 sextam
836 1929 987 2003 legionem
1000 1927 1030 1987 in

59 2016 167 2075 dextro
184 2030 280 2075 cornu
294 2016 462 2090 collocavit,
476 2015 631 2075 Ponticam
647 2014 677 2072 in
693 2013 825 2087 sinistro,
841 2012 974 2073 Deiotari
988 2014 1029 2072 le-

59 2099 167 2174 giones
183 2099 214 2157 in
229 2100 359 2160 mediam
375 2102 471 2160 aciem
486 2099 620 2172 contulit
637 2099 747 2173 quibus
764 2106 863 2157 tamen
879 2097 1030 2173 angustis-

59 2184 169 2245 simum
191 2184 380 2245 intervallum
401 2185 509 2245 frontis
530 2183 653 2258 reliquit
666 2182 793 2257 reliquis
810 2182 985 2244 cohortibus
1000 2182 1029 2242 in

59 2268 206 2330 subsidiis
223 2270 388 2329 collocatis.
419 2269 470 2329 Sic
485 2269 638 2344 utrimque
652 2267 718 2327 acie
738 2269 885 2328 instructa
905 2283 1030 2343 proces·

59 2370 126 2415 sum
141 2360 192 2413 est
206 2354 247 2413 ad
261 2354 473 2414 dimicandum.

139 2438 203 2498 XL.
227 2436 320 2512 Signo
342 2439 398 2498 sub
420 2439 500 2497 idem
521 2445 642 2513 tempus
664 2439 702 2499 ab
724 2444 855 2512 utroque
871 2437 941 2497 dato
958 2452 1030 2496 con·

59 2523 205 2583 curritur=
221 2523 330 2583 acriter
343 2523 490 2597 varieque
505 2531 664 2598 pugnatur.
686 2524 762 2582 Nam
776 2521 930 2581 tricesima
944 2527 1032 2581 sexta

58 2608 154 2682 legio,
182 2622 251 2667 cum
272 2614 357 2666 extra
378 2608 495 2667 fossam
517 2607 546 2666 in
568 2609 686 2683 equites
712 2607 795 2682 regis
819 2607 963 2681 impetum
987 2605 1030 2662 s-

57 2692 162 2767 cisset,
179 2692 257 2752 adeo
273 2692 441 2752 seeundum
454 2692 603 2767 proelium
615 2693 694 2766 iecit
709 2698 743 2751 ut
753 2690 913 2752 moenibus
926 2688 1031 2763 oppidi

57 2776 242 2838 succederet
253 2778 431 2851 fossamque
442 2776 584 2836 transiret
595 2776 786 2850 aversosque
800 2775 906 2836 hostes
922 2773 1030 2847 adgre-
1076 2814 1079 2819 -

56 2863 191 2922 deretur.
220 2862 261 2920 At
277 2861 401 2921 Pontica
422 2877 462 2921 ex
483 2863 577 2921 altera
596 2867 681 2935 parte
703 2861 797 2936 legio,
823 2876 892 2919 cum
907 2860 1030 2932 paulum

56 2962 170 3007 aversa
189 2945 330 3006 hostibus
353 2945 513 3021 cessisset,
540 2947 654 3005 fossam
676 2951 775 3004 autem
792 2944 952 3004 circumire
967 2942 1043 3001 acic·
1118 2948 1122 2955 '

56 3031 239 3093 excedendo
265 3037 373 3091 conata
393 3037 490 3104 esset,
515 3036 550 3089 ut
570 3035 675 3104 aperto
697 3031 791 3089 latere
813 3028 1033 3102 adgrederetur

56 3116 194 3189 hostem,
221 3116 252 3173 in
272 3115 341 3189 ipso
363 3115 491 3175 transitu
506 3115 611 3174 fossae
626 3114 748 3174 confixa
762 3119 792 3172 et
807 3128 960 3187 oppressa
974 3118 1030 3171 est.

55 3200 193 3263 Deiotari
208 3215 282 3260 vero
298 3200 435 3274 legiones
449 3199 501 3257 vix
516 3199 661 3273 impetum
682 3199 900 3258 sustinuerunt.
929 3196 975 3255 Ita
986 3195 1029 3255 vi-

56 3286 170 3349 ctrices
189 3285 295 3359 regiae
316 3285 423 3359 copiae
444 3300 541 3343 cornu
561 3298 619 3343 suo
645 3283 754 3342 dextro
779 3281 941 3356 mediaque
964 3279 1030 3341 acio

55 3377 277 3433 converterunt
298 3385 332 3429 se
352 3370 391 3429 ad
412 3368 596 3429 tricesimam
617 3372 736 3428 sextam
756 3367 916 3441 legionem.
947 3364 1030 3439 Quae

55 3464 160 3521 amen
175 3454 294 3517 fortiter
306 3454 490 3516 vincentium
504 3453 649 3531 impetum
664 3451 824 3526 sustinuit,
846 3451 973 3531 magnis
985 3465 1034 3511 so
