2272 4176
328 156 486 222 BELLUM
506 158 682 223 malcan.
928 157 992 225 859

54 340 57 373 t
78 314 193 377 bollum
214 320 321 376 contra
340 329 375 375 se
396 314 543 390 gerebant
562 315 699 376 miserari
717 347 759 360 -
778 314 894 392 regium
909 315 988 377 enim

54 401 186 479 luimtum
202 398 306 475 Scipio
324 414 363 460 ex
377 400 536 476 provincia
549 401 654 461 Africa
668 400 769 462 alebat
784 434 817 445 -
836 405 920 462 tanta
931 400 986 463 ho-

54 488 117 547 ines
144 486 217 545 ess'e
243 485 407 560 dementia,
436 491 469 546 ut
488 484 593 545 malint
612 485 695 561 regis
727 500 799 546 esse
824 485 987 561 vectigales
1076 524 1080 529 -

53 587 112 631 ram
133 585 212 631 eum.
224 568 341 630 civibus
362 570 392 629 in
413 569 511 646 patria
530 570 560 628 in
582 570 646 632 suis
670 569 799 631 fortunis
819 584 891 630 esse
905 570 987 632 inco

54 671 127 715 mes.

103 738 153 798 IX.
177 737 289 797 Caesar
310 753 336 796 a.
360 735 389 795 d.
416 751 453 795 111
476 737 552 798 Non.
568 739 629 797 lan.
646 745 746 798 castra
760 744 877 809 movet3
902 738 989 814 Lepti

55 840 76 882 x
92 821 261 883 cohortium
276 820 430 896 praesidio
446 836 514 881 cum
523 821 656 899 Saserna
669 823 774 882 relicto
790 823 857 899 ipse
870 838 988 901 rursus,

54 908 101 967 lde
114 906 214 982 pridie
228 912 367 978 venerat,
389 905 559 981 Ruspinam
580 922 648 966 cum
663 906 788 983 reliquis
805 907 901 980 copiis
917 922 989 967 con-

54 992 107 1052 ntit
137 988 396 1067 ibiquesarcinis
411 991 563 1050 exereitus
577 992 690 1050 relictis
723 993 791 1069 ipse
813 1003 881 1050 oum
896 1006 988 1067 expe·
1026 1006 1029 1011 ·

54 1082 81 1136 ta
101 1091 194 1133 manu
214 1073 419 1149 proficiscitur
441 1074 553 1134 circum
573 1075 660 1134 villas
676 1076 886 1135 frumentatum
902 1076 988 1152 opp'r

54 1160 172 1233 nisque
187 1158 330 1233 imperat,
356 1163 388 1217 ut
402 1159 523 1238 plostra¹
534 1159 726 1234 iumentaque
741 1159 842 1219 omnia
856 1175 987 1235 sequan-

54 1261 74 1302 r.
105 1244 214 1317 Itaque
234 1257 343 1315 magno
365 1258 489 1302 numero
513 1244 652 1302 frumenti
673 1244 794 1304 invento
820 1244 988 1319 Ruspinam

54 1329 104 1387 dit.
135 1328 203 1385 Huc
218 1342 288 1385 eum
303 1326 416 1386 idcirco
433 1327 572 1388 existimo
588 1329 818 1405 recepissent
832 1330 989 1390 marituma

54 1413 135 1487 pida
151 1418 223 1484 post
236 1426 271 1469 se
287 1427 324 1469 ne
339 1427 437 1471 vacua
448 1412 632 1487 relinqueret
643 1412 860 1487 praesidioque
872 1413 986 1475 firmata

71 1496 199 1556 classim
212 1497 407 1570 receptacula
421 1497 558 1556 muniret.

99 1581 138 1640 X.
171 1579 277 1654 ltaque
298 1580 337 1638 ibi
358 1580 463 1640 relicto
485 1579 517 1638 P.
535 1579 681 1653 Saserna,
708 1581 800 1639 fratre
815 1581 881 1641 eius
898 1597 988 1657 quem

54 1666 104 1739 pti
120 1664 261 1739 proximo
278 1665 392 1739 oppido
407 1665 579 1738 reliquerat,
595 1680 663 1723 curn
676 1664 796 1738 legione
810 1664 892 1724 iubet
908 1682 988 1728 conr·

56 1750 133 1809 rtari
151 1749 232 1822 ligna
244 1750 274 1807 in
290 1749 437 1824 oppidum
450 1749 700 1827 quam‘plurima3
716 1749 784 1822 ipse
800 1764 868 1808 eum
880 1750 984 1811 cohor-

57 1850 97 1894 us
113 1840 242 1908 septem,
260 1847 338 1908 quae
352 1848 391 1892 ex
406 1833 559 1892 veteranIs
574 1832 745 1907 legionibus
760 1832 789 1890 in
806 1835 905 1893 classe
920 1850 988 1897 cum

54 1918 157 1992 ‚lpioio
180 1925 210 1976 et
230 1917 351 1977 Vatinio
373 1931 437 1975 rem
458 1925 631 1991 gesserant,
657 1932 695 1975 ex
717 1917 831 1991 oppido
852 1918 988 1995 Ruspina

54 2018 165 2061 ressus
182 2001 384 2074 proficiscitur
399 2001 436 2058 ad
451 2009 579 2076 portum,
597 2002 647 2076 qui
660 2001 748 2061 abest
758 2002 796 2061 ab
809 2002 924 2076 oppido
936 2004 983 2064 mi·

68 2101 223 2161 passuum
239 2086 315 2157 duo,
342 2085 443 2158 ibique
466 2088 596 2144 classem
617 2086 675 2145 sub
691 2102 854 2161 vesperum
870 2104 937 2149 eum
954 2104 988 2151 ea

54 2171 110 2246 pia
132 2170 320 2229 conscendit.
352 2168 497 2229 Omnibus
519 2170 546 2228 in
570 2171 705 2230 exercitu
726 2170 831 2230 insciis
847 2180 876 2231 et
890 2174 989 2247 requi·

54 2255 155 2316 rtibus
172 2253 361 2326 imperatoris
378 2254 536 2313 consilium
550 2271 658 2329 magno
675 2262 755 2314 metu
767 2272 802 2315 ae
813 2256 991 2317 tristinronia

53 2338 269 2398 llicitabantur.
300 2338 397 2396 Parva
413 2339 491 2397 enim
507 2355 575 2398 cum
591 2340 680 2413 copia
694 2344 724 2398 et
741 2355 778 2399 ea
793 2339 924 2400 tironum
938 2357 990 2400 ne-

54 2438 77 2481 e
107 2422 188 2481 omni
217 2422 358 2495 exposita
379 2421 407 2479 in
429 2423 533 2482 Alrica
553 2431 659 2483 contra
679 2439 805 2497 magnas
828 2426 934 2500 copias
962 2432 992 2485 et

54 2507 187 2567 tidiosae
204 2506 333 2565 nationis
350 2506 576 2580 equitatumque
588 2508 835 2567 innumerabilem
848 2524 882 2567 se
895 2525 990 2583 expo-

55 2607 95 2650 os
118 2590 264 2649 videbant
283 2605 384 2664 neque
406 2590 568 2665 quicquam
589 2592 694 2651 solacii
704 2593 731 2649 in
750 2594 922 2666 praesentia
939 2608 991 2652 ne·

54 2691 78 2735 e
104 2674 251 2733 auxilium
276 2674 305 2732 in
332 2691 456 2735 suorum
483 2676 609 2735 oonsilio
631 2669 762 2735 animum
785 2677 991 2751 advertebant,

54 2759 75 2819 si
97 2761 128 2818 in
144 2759 243 2832 ipsius
259 2759 449 2833 imperatoris
470 2763 569 2832 vultu,
595 2761 701 2835 vigore
716 2759 903 2834 mirabilique
919 2760 985 2821 hila·

54 2852 120 2903 ate:
150 2843 282 2918 animum
303 2844 382 2902 enim
400 2844 491 2902 altum
511 2851 541 2903 et
564 2853 696 2905 ereetum
719 2859 793 2918 prae
807 2859 842 2903 se
856 2845 989 2919 gerebat.

54 2929 95 2989 ric
111 2927 353 3002 adquiescebant
367 2927 505 2987 homines
527 2935 557 2988 et
577 2928 606 2987 in
622 2929 687 2989 eius
704 2928 832 2987 scientia
847 2935 876 2988 et
890 2930 989 2990 consi·

54 3042 56 3059 ›
73 3013 179 3074 omnia
193 3011 251 3071 sibi
267 3012 414 3086 proclivia
430 3027 535 3072 omnes
551 3015 616 3072 lore
632 3013 805 3087 sperabant.

101 3097 153 3157 ΧΙ.
187 3096 299 3156 Caesar
322 3112 383 3155 una
409 3105 497 3157 noete
522 3098 552 3155 in
573 3096 703 3156 navibus
729 3101 911 3169 consumpta
930 3096 990 3157 iarn

55 3186 105 3243 elo
134 3182 252 3240 albente
281 3196 349 3239 cum
371 3181 524 3255 proficisci
542 3187 717 3253 conaretur,
744 3179 843 3240 subito
869 3179 990 3242 navium

54 3283 102 3339 trs,
120 3266 160 3324 de
173 3282 232 3339 qua
244 3264 374 3335 timebat,
392 3281 430 3324 ex
446 3281 550 3325 errore
565 3266 674 3325 eodem
690 3264 910 3325 conserebatur.
926 3266 990 3326 Hac

78 3349 203 3424 cognita
224 3349 335 3408 Caesar
361 3349 498 3409 celeriter
523 3350 562 3409 de
584 3348 712 3429 napibus
734 3348 862 3424 imperat
883 3366 989 3412 omncs

54 3435 126 3499 redi
148 3441 240 3514 atque
260 3433 290 3493 in
304 3434 391 3499 litore
412 3443 544 3503 armatos
559 3436 695 3513 reliquos
710 3434 900 3503 advenientis
914 3436 988 3500 mili-
