2272 4176
128 298 190 363 254
448 298 495 359 ott
516 297 639 359 BELLO
663 299 776 360 ctvttt

130 455 167 514 ab
181 468 254 528 rege
271 454 346 513 iuba
359 458 522 527 venerunt,
539 453 589 528 qui
604 452 686 513 illurn
701 455 813 514 adesse
828 468 895 514 cum
910 453 1034 529 magnis
1049 469 1087 517 ro·

129 540 188 614 piis
210 539 345 598 dicerent
365 546 395 598 et
416 538 454 597 de
476 537 616 598 custodia
636 554 673 598 ac
694 535 877 598 defensione
896 539 982 599 urbis
998 539 1092 601 borto-

128 630 239 682 rentur.
269 623 352 697 Quae
366 639 416 682 res
432 638 538 683 eorum
553 623 728 698 perterritos
744 624 863 685 animos
879 624 1077 686 confirmavit

211 707 357 766 XXXVII.
379 707 598 768 Nuntiabantur
611 708 689 768 haec
703 710 812 768 eadem
828 709 961 783 Curioni,
976 709 1035 768 sed
1048 709 1092 768 aii-

130 792 272 866 quamdiu
287 792 365 851 fides
380 792 446 852 fieri
461 807 522 851 non
538 799 673 867 poterat:
698 800 814 853 tantum
828 794 964 854 habebat
977 809 1092 853 suarum

127 893 227 936 rerum
242 877 392 936 fiduciam.
421 877 546 952 lamque
561 878 700 938 Caesaris
715 880 745 937 in
759 877 911 953 Hispania
923 893 976 939 res
992 893 1092 938 secun·

129 963 186 1021 dae
207 962 236 1020 in
250 962 384 1021 Africam
403 963 517 1021 nuntiis
540 967 570 1020 et
589 962 694 1022 titteris
710 963 954 1037 perimebantur.
985 962 1092 1036 Quibus

126 1047 219 1106 rebus
242 1047 381 1107 omnibus
402 1048 539 1107 sublatus
561 1046 634 1105 nihil
656 1053 762 1109 contra
782 1062 819 1106 se
832 1062 940 1121 regern
956 1063 1091 1108 ausurum

127 1131 327 1190 existimabat.
359 1131 421 1191 Sed
441 1132 492 1191 ubi
517 1131 607 1192 certis
629 1131 804 1193 auctoribus
826 1132 977 1206 comperit
1001 1132 1092 1192 minus

129 1215 264 1290 quinque
279 1222 309 1275 et
322 1217 427 1290 viginti
441 1217 564 1276 mitibus
579 1217 670 1291 longe
685 1217 723 1276 ab
738 1215 827 1276 Utica
840 1216 908 1276 eius
925 1217 1033 1292 copias
1046 1216 1088 1277 ab

128 1315 207 1374 esse,
222 1300 334 1359 relictis
350 1300 567 1361 munitionibus
580 1316 651 1361 sese
665 1302 696 1360 in
711 1306 811 1361 castra
820 1299 961 1361 Cornelia
975 1302 1087 1377 recepit

130 1385 193 1443 Huc
205 1385 387 1443 trumentum
400 1394 599 1460 comportare,
609 1393 710 1446 castra
720 1385 847 1459 munire,
860 1386 1016 1446 materiam
1028 1402 1090 1447 con·

128 1469 208 1527 terre
223 1469 324 1542 coepit
338 1471 501 1544 statimque
514 1471 544 1528 in
557 1468 688 1530 Siciliam
703 1470 793 1545 misit,
808 1470 851 1530 uti
867 1470 949 1530 duae
964 1471 1090 1546 legiones

127 1553 326 1628 reliquusque
348 1556 500 1629 equitatus
521 1554 560 1613 ad
582 1570 617 1613 se
632 1555 807 1614 mitteretur.
837 1555 947 1615 Castra
961 1556 1090 1615 erantad

128 1637 238 1696 bottum
259 1638 430 1698 ducendum
451 1638 609 1714 aptissima
631 1646 738 1699 natura
758 1638 817 1698 loci
838 1646 869 1699 et
888 1640 1055 1701 munitione
1066 1644 1091 1699 et

129 1723 219 1781 maris
235 1723 462 1798 propinquitate
476 1729 507 1783 et
521 1738 620 1797 aquae
636 1729 666 1782 et
680 1723 753 1784 salis
769 1724 868 1798 copia,
886 1724 975 1785 cuius
991 1741 1088 1800 magna

126 1807 173 1866 vis
188 1808 247 1866 iam
262 1823 301 1866 ex
317 1809 463 1882 proximis
485 1816 549 1867 erat
562 1807 668 1867 salinis
683 1823 720 1869 eo
737 1814 894 1883 congesta.
923 1809 992 1869 Non
1007 1817 1087 1871 matc-

125 1891 171 1950 ria
184 1893 371 1951 multitudine
382 1893 532 1973 arborum,
549 1908 609 1952 non
622 1894 813 1966 frumentum,
830 1893 918 1952 ouius
934 1902 1023 1955 erant
1035 1897 1088 1971 pie

126 1976 244 2035 nissimi
268 1978 347 2051 agri,
373 1977 506 2037 deficere
530 1983 658 2052 poterat.
687 1978 792 2052 Itaque
817 1978 953 2038 omnium
974 1996 1089 2041 suorum
1121 1982 1125 1989 '

128 2076 281 2120 consensu
297 2061 384 2122 Curio
406 2063 540 2137 reliquas
562 2063 668 2137 copias
690 2068 854 2138 expectare
869 2069 900 2123 et
914 2063 1029 2125 bellum
1043 2066 1087 2127 du

127 2161 195 2205 cere
211 2146 346 2221 parabat.
1127 2218 1131 2235 Ι

208 2229 367 2307 XXXVIII.
390 2231 443 2289 His
466 2232 636 2291 constitutis
661 2231 754 2291 rebus
781 2233 983 2310 probatisque
999 2236 1077 2297 consi

126 2315 173 2374 liis
189 2330 227 2372 cx
243 2315 379 2388 perfugis
395 2314 577 2389 quibusdam
599 2316 761 2390 oppidanis
784 2317 867 2377 audit
887 2318 994 2380 iubam
1010 2336 1087 2380 revo-

128 2405 224 2459 catum
240 2399 364 2459 finitimo
385 2399 465 2459 bello
487 2407 517 2459 et
538 2401 753 2461 controversiis
768 2402 996 2476 Leptitanorum
1011 2405 1088 2465 resti·

127 2485 200 2544 tisse
213 2483 242 2541 in
254 2499 357 2556 regno,
375 2482 548 2559 Saburram,
564 2486 630 2545 cius
644 2486 839 2559 praetectum,
856 2503 925 2548 cum
938 2489 1088 2551 mediocri-

127 2571 183 2628 bus
200 2568 297 2642 oopiis
312 2570 439 2628 missum
453 2569 559 2628 Uticae
574 2570 832 2644 appropinquare.
848 2570 903 2632 His
919 2575 1088 2635 auctoribus

127 2662 238 2714 temere
261 2654 388 2712 eredens
404 2653 563 2714 consitium
579 2660 741 2714 commutat
755 2662 785 2714 et
800 2658 918 2730 proelio
935 2675 1000 2719 rem
1016 2676 1083 2720 com·
1128 2722 1131 2727 ,

126 2739 241 2798 mittero
258 2738 418 2798 constituit.
439 2738 565 2798 Multum
581 2740 619 2798 ad
634 2739 711 2798 hanc
726 2756 790 2799 rem
807 2743 997 2814 probandam
1013 2744 1088 2804 adin·

126 2832 175 2883 vat
190 2824 410 2898 adulescentia,
435 2824 610 2898 magnitudo
632 2825 738 2899 animi,
765 2826 933 2900 superioris
949 2828 1089 2905 temporis

128 2917 302 2985 proventus,
319 2909 431 2967 fiducia
444 2909 488 2967 rei
503 2909 582 2967 bene
596 2909 758 2983 gerendae.
774 2910 828 2969 His
844 2913 938 2973 rebus
955 2913 1089 2989 inpulsus

126 2994 291 3069 equitatum
313 3009 431 3053 omnem
454 2994 552 3069 prima
573 3001 662 3053 noete
683 2993 721 3051 ad
736 3001 836 3053 castra
850 2995 985 3056 hostium
1001 2998 1089 3069 mittit,

125 3081 164 3140 ad
179 3079 289 3138 ssnmen
304 3078 489 3152 Bagradam3
517 3079 627 3153 quibus
648 3085 789 3152 praeerat
803 3079 953 3152 Saburra,
980 3083 1019 3142 de
1034 3098 1089 3157 quo

126 3172 193 3225 ante
209 3171 273 3223 erat
288 3163 437 3238 auditum,
465 3164 521 3223 sed
535 3180 589 3222 rex
605 3162 745 3222 omnibus
762 3164 858 3238 copiis
875 3165 1090 3242 insequebatur

126 3257 155 3309 et
169 3266 224 3309 sex
245 3249 357 3306 mitium
378 3265 525 3323 passuum
546 3248 703 3307 intervallo
719 3263 737 3306 a
752 3246 886 3309 Saburra
901 3252 1088 3312 consederat

124 3333 248 3408 Equites
273 3333 358 3391 missi
382 3341 472 3394 nocte
497 3335 552 3394 iter
578 3332 757 3406 conficiunt,
783 3334 977 3409 inprudentis
1002 3343 1090 3412 atque

124 3419 306 3493 inopinantis
321 3417 426 3478 hostes
449 3418 673 3494 aggrediuntur.
702 3417 850 3477 Numidae
864 3419 946 3479 enim
962 3421 1088 3496 quadam

123 3502 253 3562 barbara
274 3504 494 3564 consuetudine
514 3502 604 3564 nullis
626 3502 784 3563 ordinibus
805 3502 922 3578 passim
944 3506 1089 3566 consede

123 3595 200 3653 rent.
229 3589 294 3650 Hos
310 3603 480 3663 oppressos
495 3590 607 3650 somna
619 3593 650 3646 et
663 3586 822 3662 dispersos
837 3589 935 3650 adorti
950 3605 1088 3667 magnum
