2272 4176
313 180 472 243 BELLUM
491 180 757 250 illsrnruuttsn.
963 183 1026 247 405

51 346 133 394 eum.
162 332 221 409 oui
233 348 303 395 cum
316 335 357 394 ad
371 335 423 394 Cn.
438 335 565 411 Pompei
578 334 732 411 praesidia
745 336 897 410 venisset,
921 335 1028 397 incidit

51 416 134 477 idem
145 416 304 494 temporis,
314 426 348 479 ut
358 426 537 495 tempestate
550 419 681 479 adversa
691 419 924 496 vehementique
934 429 1025 482 vento

52 499 281 571 adilietmetur3
304 504 443 579 quaevis
458 504 648 579 tempestatis
664 503 705 563 ita
719 504 912 579 obscurabat,
927 511 961 564 ut
975 505 1025 564 vix

52 585 230 660 proximum
242 601 414 662 agnoscere
429 593 568 663 possent.
595 588 688 648 Cuius
703 588 928 650 incommodum
945 605 1025 648 sum-

52 684 133 729 mam
145 670 302 731 utilitatem
317 672 392 747 ipsis
407 672 582 748 praebebat.
597 672 642 732 lta
656 688 724 731 cum
738 673 778 731 ad
789 688 857 732 eum
869 680 1026 745 venerunt,

52 753 136 814 iubet
155 754 246 815 binos
269 771 366 830 equos
389 756 610 829 conscendere,
619 763 650 816 et
662 763 747 815 recia
761 772 816 831 per
834 756 1024 816 adversario-

52 854 120 900 rum
133 838 291 914 praesidia
305 841 345 900 ad
361 841 508 916 oppidum
523 841 718 901 contendunt.
734 840 906 916 Mediisque
922 857 1026 900 eorum

53 922 218 997 praesidiis
241 938 311 983 cum
332 924 438 986 essent
458 923 498 962 **
518 941 598 984 unus
614 940 653 983 ex
666 924 779 986 nostris
795 925 968 1000 respondit,
995 933 1028 984 ut

54 1007 141 1067 sileat
155 1007 285 1068 verbum
299 1009 416 1068 lacere:
438 1024 508 1067 nam
527 1009 560 1067 id
573 1009 719 1083 temporis
735 1010 840 1069 conari
855 1010 894 1069 ad
908 1024 1027 1069 murum

54 1089 220 1167 accedere,
245 1098 280 1151 ut
295 1094 443 1168 oppidum
458 1093 594 1166 copiane
622 1100 651 1151 et
665 1092 774 1167 partim
788 1100 968 1169 tempestate
982 1093 1027 1152 in-

54 1174 149 1250 pediti
163 1174 274 1250 vigiles
286 1193 349 1236 non
364 1182 506 1252 poterant
519 1177 705 1251 diligentiam
720 1184 894 1253 praestare,
917 1177 1027 1252 partim

54 1259 102 1319 illo
128 1274 284 1335 responso
310 1261 548 1321 deterrebantur.
585 1261 658 1321 Cum
673 1263 713 1321 ad
728 1268 846 1337 portam
861 1263 1026 1338 adpropin-

55 1350 218 1419 quassent,
240 1344 328 1418 signo
346 1345 416 1405 dato
433 1345 471 1404 ab
486 1345 651 1420 oppidanis
666 1353 738 1406 sunt
750 1347 881 1422 recepti,
898 1354 928 1407 et
942 1347 1025 1421 pedi-

54 1434 98 1487 tes
110 1426 255 1503 dispositi
267 1429 376 1504 partim
387 1429 428 1489 ibi
439 1436 659 1503 remanserunt,
671 1430 790 1506 equites
803 1431 935 1490 clamore
948 1433 1026 1490 laeto

54 1512 245 1586 eruptionem
260 1513 290 1572 in
305 1512 551 1573 adversariorum
573 1521 673 1574 castra
687 1514 833 1573 lecerunt.
865 1514 915 1574 Sic
930 1515 961 1573 in
976 1515 1026 1574 illo

54 1597 149 1668 lacto,
176 1612 247 1657 cum
267 1595 465 1658 inscientibus
487 1597 667 1671 accidisset,
696 1597 909 1659 existimabant
929 1614 1027 1673 prope

54 1695 164 1755 magna
175 1696 249 1756 pars
262 1681 427 1757 hominum,
441 1681 491 1758 qui
502 1681 533 1740 in
545 1680 593 1741 his
605 1681 714 1742 castris
727 1682 865 1756 fuissent,
882 1698 917 1743 se
928 1698 1027 1758 prope

54 1771 161 1840 captos
177 1780 258 1824 esse.

122 1850 187 1908 .lV.
209 1848 277 1909 Hoc
290 1848 386 1909 misso
402 1849 441 1909 ad
458 1849 556 1910 Uliam
571 1850 727 1923 praesidio
745 1851 872 1926 Caesar,
888 1857 921 1911 ut
935 1851 1024 1912 Pom-

53 1932 154 2008 peium
169 1933 208 1993 ab
224 1948 261 1992 aa
276 1934 505 2008 oppugnatione
521 1935 695 2007 deduceret,
713 1936 752 1995 ad
765 1935 938 1996 Cordubam
954 1952 1026 1997 con·

52 2017 258 2092 tenditexque
271 2017 378 2078 itinere
390 2019 534 2079 loricatos
542 2018 626 2078 viros
636 2019 730 2079 fortes
739 2035 807 2079 cum
815 2021 950 2095 equitatu
958 2028 1027 2080 ante

53 2100 226 2176 praemisit3
257 2102 308 2176 qui
332 2103 420 2162 simul
441 2102 470 2161 in
487 2109 686 2177 conspectum
702 2104 807 2179 oppidi
823 2121 857 2164 se
870 2106 1027 2179 dederunt,

52 2184 139 2260 equis
148 2183 700 2260 recipiuntur.HocaCordubensibus
709 2204 901 2265 nequaquam
909 2197 1028 2265 poterat

52 2270 186 2330 animum
201 2269 326 2331 adverti.
342 2270 670 2347 Appropinquantibus
686 2289 725 2332 ex
742 2274 857 2348 oppido
874 2273 953 2333 bene
964 2291 1025 2334 ma-

52 2369 111 2428 gna
131 2353 294 2414 multitudo
316 2356 355 2416 od
377 2356 544 2431 equitatum
559 2356 782 2432 concidendum
798 2374 865 2418 cum
880 2359 1025 2431 exissent,

52 2437 185 2512 loricati,
213 2444 247 2497 ut
267 2455 363 2515 supra
378 2440 572 2515 scripsimus,
599 2457 638 2500 ex
653 2441 741 2515 equis
757 2442 984 2502 descenderunt
998 2450 1027 2502 et

51 2538 197 2597 magnum
212 2524 362 2597 proelium
378 2525 530 2597 iecerunt,
557 2525 602 2584 sie
622 2525 664 2585 uti
688 2541 727 2584 ex
742 2526 858 2586 infinita
872 2526 1027 2586 hominum

51 2606 244 2669 multitudine
259 2608 349 2682 pauci
370 2609 400 2667 in
416 2609 563 2685 oppidum
580 2625 615 2669 se
629 2609 809 2683 reciperent.
839 2611 905 2671 Hoc
921 2612 1026 2671 timore

52 2692 207 2752 adductus
224 2690 336 2753 Sextus
350 2691 514 2768 Pompeius
530 2694 644 2753 litteras
660 2693 743 2754 fratri
758 2695 853 2769 misit,
874 2703 907 2756 ut
922 2695 1025 2755 celeri-

51 2783 95 2836 ter
109 2775 171 2836 sibi
187 2775 326 2838 subsidio
342 2778 474 2849 veniret,
504 2793 543 2836 ne
558 2777 644 2852 prius
660 2777 773 2839 Caesar
789 2779 961 2840 Cordubam
977 2795 1025 2839 ca-

52 2866 249 2934 peret,quam
270 2859 337 2935 ipse
357 2863 408 2923 illo
430 2862 576 2922 venisset.
604 2861 711 2937 ltaque
733 2865 817 2924 lacit:
846 2865 914 2925 Ulia
928 2881 1027 2939 prope

53 2951 143 3020 capta
159 2943 265 3004 litteris
282 2945 382 3006 fratris
397 2947 516 3006 excitus
533 2962 601 3006 cum
617 2945 715 3022 copiis
730 2950 770 3008 ad
786 2948 957 3010 Cordubam
971 2949 1027 3008 iter

53 3029 156 3089 lacere
172 3028 282 3102 eoepit.

133 3112 175 3170 V.
199 3112 326 3188 Caesar,
353 3114 481 3174 eumad
504 3113 616 3175 flumen
637 3117 754 3177 Baetim
774 3117 911 3178 venisset
926 3132 1026 3192 neque

53 3203 181 3272 propter
202 3197 388 3258 altitudinem
410 3197 543 3258 fluminis
570 3201 699 3260 transire
724 3209 845 3274 posset,
872 3201 1026 3275 lapidibus

52 3281 165 3343 corbes
182 3281 291 3356 plenos
307 3282 442 3343 demisit:
464 3284 505 3343 ita
520 3284 647 3359 insuper
660 3292 753 3359 ponte
769 3286 849 3347 lacto
866 3286 972 3360 copias
987 3287 1026 3348 ed

51 3372 156 3426 castra
176 3363 323 3440 tripartito
345 3366 487 3429 traduxit.
515 3368 651 3428 Tenebat
671 3370 820 3430 adversus
841 3371 988 3446 oppidum
1009 3388 1026 3432 e

49 3450 180 3528 regione
194 3452 295 3527 pontis
308 3460 417 3529 cestra,
429 3449 462 3514 ut
474 3470 569 3532 supra
579 3453 773 3534 scripsimus,
785 3456 951 3534 tripartito.
960 3457 1035 3516 ilua
