<?xml version="1.0" encoding="UTF-8"?>
<!DOCTYPE html PUBLIC "-//W3C//DTD XHTML 1.0 Transitional//EN"
    "http://www.w3.org/TR/xhtml1/DTD/xhtml1-transitional.dtd">
<html xmlns="http://www.w3.org/1999/xhtml" xml:lang="en" lang="en">
 <head>
  <title>
</title>
<meta http-equiv="Content-Type" content="text/html;charset=utf-8" />
  <meta name='ocr-system' content='tesseract 3.04.00' />
  <meta name='ocr-capabilities' content='ocr_page ocr_carea ocr_par ocr_line ocrx_word'/>
</head>
<body>
  <div class='ocr_page' id='page_1' title='image "./commentarii00caesgoog_0496.png"; bbox 0 0 2272 4176; ppageno 0'>
   <div class='ocr_carea' id='block_1_1' title="bbox 129 191 1015 255">
    <p class='ocr_par' dir='ltr' id='par_1_1' title="bbox 129 191 1015 255">
     <span class='ocr_line' id='line_1_1' title="bbox 129 191 1015 255; baseline 0.003 -8"><span class='ocrx_word' id='word_1_1' title='bbox 129 205 175 247; x_wconf 78' lang='lat' dir='ltr'>on</span> <span class='ocrx_word' id='word_1_2' title='bbox 197 203 370 249; x_wconf 67' lang='lat' dir='ltr'>nummum</span> <span class='ocrx_word' id='word_1_3' title='bbox 392 205 632 250; x_wconf 77' lang='lat' dir='ltr'>courvnamonr</span> <span class='ocrx_word' id='word_1_4' title='bbox 653 207 680 247; x_wconf 86' lang='lat' dir='ltr'>c.</span> <span class='ocrx_word' id='word_1_5' title='bbox 702 198 744 251; x_wconf 83' lang='lat'>41.</span> <span class='ocrx_word' id='word_1_6' title='bbox 764 200 806 251; x_wconf 78' lang='lat'>42.</span> <span class='ocrx_word' id='word_1_7' title='bbox 828 201 869 255; x_wconf 77' lang='lat'>43.</span> <span class='ocrx_word' id='word_1_8' title='bbox 892 201 935 254; x_wconf 77' lang='lat' dir='ltr'>ts.</span> <span class='ocrx_word' id='word_1_9' title='bbox 980 191 1015 251; x_wconf 83' lang='lat'>21</span> 
     </span>
    </p>
   </div>
   <div class='ocr_carea' id='block_1_2' title="bbox 51 353 1113 3515">
    <p class='ocr_par' dir='ltr' id='par_1_2' title="bbox 51 353 1046 751">
     <span class='ocr_line' id='line_1_2' title="bbox 51 353 1019 432; baseline 0.002 -17"><span class='ocrx_word' id='word_1_10' title='bbox 51 354 144 415; x_wconf 63' lang='lat' dir='ltr'>civitas</span> <span class='ocrx_word' id='word_1_11' title='bbox 164 353 335 430; x_wconf 86' lang='lat' dir='ltr'>plurumum</span> <span class='ocrx_word' id='word_1_12' title='bbox 354 353 503 423; x_wconf 88' lang='lat' dir='ltr'>utebatur,</span> <span class='ocrx_word' id='word_1_13' title='bbox 526 372 589 414; x_wconf 90' lang='lat' dir='ltr'>rem</span> <span class='ocrx_word' id='word_1_14' title='bbox 609 373 735 424; x_wconf 90' lang='lat' dir='ltr'>omnem,</span> <span class='ocrx_word' id='word_1_15' title='bbox 753 358 796 415; x_wconf 92' lang='lat' dir='ltr'>uti</span> <span class='ocrx_word' id='word_1_16' title='bbox 814 365 1019 432; x_wconf 79' lang='lat' dir='ltr'>cognoverant,</span> 
     </span>
     <span class='ocr_line' id='line_1_3' title="bbox 52 435 1046 517; baseline 0.006 -22"><span class='ocrx_word' id='word_1_17' title='bbox 52 438 189 516; x_wconf 68' lang='lat' dir='ltr'>aperiunt.</span> <span class='ocrx_word' id='word_1_18' title='bbox 226 435 327 497; x_wconf 89' lang='lat' dir='ltr'>Cicero</span> <span class='ocrx_word' id='word_1_19' title='bbox 342 453 396 515; x_wconf 92' lang='lat' dir='ltr'>per</span> <span class='ocrx_word' id='word_1_20' title='bbox 412 438 537 513; x_wconf 82' lang='lat' dir='ltr'>Sangam</span> <span class='ocrx_word' id='word_1_21' title='bbox 551 437 672 497; x_wconf 87' lang='lat' dir='ltr'>oonsilio</span> <span class='ocrx_word' id='word_1_22' title='bbox 687 440 805 515; x_wconf 88' lang='lat' dir='ltr'>cognito</span> <span class='ocrx_word' id='word_1_23' title='bbox 819 438 921 515; x_wconf 88' lang='lat' dir='ltr'>legatis</span> <span class='ocrx_word' id='word_1_24' title='bbox 935 456 1046 517; x_wconf 77' lang='lat' dir='ltr'>prae-5</span> 
     </span>
     <span class='ocr_line' id='line_1_4' title="bbox 52 519 1021 599; baseline 0.001 -16"><span class='ocrx_word' id='word_1_25' title='bbox 52 522 126 599; x_wconf 76' lang='lat' dir='ltr'>ipit,</span> <span class='ocrx_word' id='word_1_26' title='bbox 142 526 177 581; x_wconf 89' lang='lat' dir='ltr'>ut</span> <span class='ocrx_word' id='word_1_27' title='bbox 191 519 318 580; x_wconf 88' lang='lat' dir='ltr'>studium</span> <span class='ocrx_word' id='word_1_28' title='bbox 333 521 539 581; x_wconf 91' lang='lat' dir='ltr'>coniurationis</span> <span class='ocrx_word' id='word_1_29' title='bbox 551 520 739 581; x_wconf 86' lang='lat' dir='ltr'>vehementer</span> <span class='ocrx_word' id='word_1_30' title='bbox 750 521 894 590; x_wconf 84' lang='lat' dir='ltr'>simulent,</span> <span class='ocrx_word' id='word_1_31' title='bbox 908 530 1021 584; x_wconf 90' lang='lat' dir='ltr'>ceteros</span> 
     </span>
     <span class='ocr_line' id='line_1_5' title="bbox 52 601 1021 684; baseline 0.001 -18"><span class='ocrx_word' id='word_1_32' title='bbox 52 604 159 673; x_wconf 75' lang='lat' dir='ltr'>ideam,</span> <span class='ocrx_word' id='word_1_33' title='bbox 179 601 255 663; x_wconf 89' lang='lat' dir='ltr'>hene</span> <span class='ocrx_word' id='word_1_34' title='bbox 270 602 477 681; x_wconf 89' lang='lat' dir='ltr'>polliceantur,</span> <span class='ocrx_word' id='word_1_35' title='bbox 500 604 627 683; x_wconf 80' lang='lat' dir='ltr'>dentque</span> <span class='ocrx_word' id='word_1_36' title='bbox 647 622 782 682; x_wconf 83' lang='lat' dir='ltr'>operam,</span> <span class='ocrx_word' id='word_1_37' title='bbox 801 608 845 671; x_wconf 90' lang='lat' dir='ltr'>uti</span> <span class='ocrx_word' id='word_1_38' title='bbox 867 622 917 666; x_wconf 91' lang='lat' dir='ltr'>eos</span> <span class='ocrx_word' id='word_1_39' title='bbox 934 625 1021 684; x_wconf 93' lang='lat' dir='ltr'>quam</span> 
     </span>
     <span class='ocr_line' id='line_1_6' title="bbox 52 685 534 751; baseline -0.01 -1"><span class='ocrx_word' id='word_1_40' title='bbox 52 703 181 751; x_wconf 85' lang='lat' dir='ltr'>naxume</span> <span class='ocrx_word' id='word_1_41' title='bbox 202 687 380 746; x_wconf 81' lang='lat' dir='ltr'>manufestos</span> <span class='ocrx_word' id='word_1_42' title='bbox 399 685 534 747; x_wconf 83' lang='lat' dir='ltr'>habeant.</span> 
     </span>
    </p>

    <p class='ocr_par' dir='ltr' id='par_1_3' title="bbox 52 768 1072 1515">
     <span class='ocr_line' id='line_1_7' title="bbox 128 768 1072 850; baseline 0.003 -20"><span class='ocrx_word' id='word_1_43' title='bbox 128 768 246 830; x_wconf 81' lang='lat' dir='ltr'>Eisdem</span> <span class='ocrx_word' id='word_1_44' title='bbox 260 768 321 830; x_wconf 88' lang='lat' dir='ltr'>lere</span> <span class='ocrx_word' id='word_1_45' title='bbox 339 768 519 847; x_wconf 78' lang='lat' dir='ltr'>temporibus</span> <span class='ocrx_word' id='word_1_46' title='bbox 533 772 562 829; x_wconf 92' lang='lat' dir='ltr'>in</span> <span class='ocrx_word' id='word_1_47' title='bbox 578 769 668 832; x_wconf 88' lang='lat' dir='ltr'>Callia</span> <span class='ocrx_word' id='word_1_48' title='bbox 688 773 823 832; x_wconf 81' lang='lat' dir='ltr'>citeriore</span> <span class='ocrx_word' id='word_1_49' title='bbox 838 779 924 850; x_wconf 90' lang='lat' dir='ltr'>atque</span> <span class='ocrx_word' id='word_1_50' title='bbox 946 773 1019 834; x_wconf 89' lang='lat' dir='ltr'>ulte·</span> <span class='ocrx_word' id='word_1_51' title='bbox 1031 781 1072 842; x_wconf 81' lang='lat'>42</span> 
     </span>
     <span class='ocr_line' id='line_1_8' title="bbox 52 852 1048 932; baseline 0.001 -17"><span class='ocrx_word' id='word_1_52' title='bbox 52 856 132 922; x_wconf 83' lang='lat' dir='ltr'>iore,</span> <span class='ocrx_word' id='word_1_53' title='bbox 148 855 218 913; x_wconf 92' lang='lat' dir='ltr'>item</span> <span class='ocrx_word' id='word_1_54' title='bbox 232 854 262 912; x_wconf 92' lang='lat' dir='ltr'>in</span> <span class='ocrx_word' id='word_1_55' title='bbox 275 869 347 929; x_wconf 92' lang='lat' dir='ltr'>agro</span> <span class='ocrx_word' id='word_1_56' title='bbox 360 853 467 914; x_wconf 92' lang='lat' dir='ltr'>Piceno</span> <span class='ocrx_word' id='word_1_57' title='bbox 482 854 595 913; x_wconf 89' lang='lat' dir='ltr'>Bruttio</span> <span class='ocrx_word' id='word_1_58' title='bbox 610 852 712 932; x_wconf 85' lang='lat' dir='ltr'>hpulia</span> <span class='ocrx_word' id='word_1_59' title='bbox 728 860 824 914; x_wconf 89' lang='lat' dir='ltr'>motus</span> <span class='ocrx_word' id='word_1_60' title='bbox 840 862 911 915; x_wconf 87' lang='lat' dir='ltr'>erat.</span> <span class='ocrx_word' id='word_1_61' title='bbox 933 856 1048 928; x_wconf 83' lang='lat' dir='ltr'>Nam-2</span> 
     </span>
     <span class='ocr_line' id='line_1_9' title="bbox 52 935 1021 1019; baseline 0.001 -21"><span class='ocrx_word' id='word_1_62' title='bbox 52 956 100 1019; x_wconf 80' lang='lat' dir='ltr'>que</span> <span class='ocrx_word' id='word_1_63' title='bbox 121 936 176 1006; x_wconf 91' lang='lat' dir='ltr'>illi,</span> <span class='ocrx_word' id='word_1_64' title='bbox 201 954 274 1016; x_wconf 85' lang='lat' dir='ltr'>quos</span> <span class='ocrx_word' id='word_1_65' title='bbox 291 942 357 996; x_wconf 89' lang='lat' dir='ltr'>ante</span> <span class='ocrx_word' id='word_1_66' title='bbox 374 935 492 996; x_wconf 82' lang='lat' dir='ltr'>Catilina</span> <span class='ocrx_word' id='word_1_67' title='bbox 511 938 672 1005; x_wconf 87' lang='lat' dir='ltr'>dimiserat,</span> <span class='ocrx_word' id='word_1_68' title='bbox 695 935 858 998; x_wconf 79' lang='lat' dir='ltr'>inconsulte</span> <span class='ocrx_word' id='word_1_69' title='bbox 879 956 913 998; x_wconf 91' lang='lat' dir='ltr'>ac</span> <span class='ocrx_word' id='word_1_70' title='bbox 933 939 1021 999; x_wconf 86' lang='lat' dir='ltr'>veluti</span> 
     </span>
     <span class='ocr_line' id='line_1_10' title="bbox 52 1018 1019 1099; baseline 0.002 -19"><span class='ocrx_word' id='word_1_71' title='bbox 52 1038 97 1099; x_wconf 78' lang='lat' dir='ltr'>¹ror</span> <span class='ocrx_word' id='word_1_72' title='bbox 121 1020 296 1081; x_wconf 89' lang='lat' dir='ltr'>dementiam</span> <span class='ocrx_word' id='word_1_73' title='bbox 318 1026 422 1080; x_wconf 87' lang='lat' dir='ltr'>cuncta</span> <span class='ocrx_word' id='word_1_74' title='bbox 442 1018 527 1080; x_wconf 92' lang='lat' dir='ltr'>simul</span> <span class='ocrx_word' id='word_1_75' title='bbox 549 1019 689 1096; x_wconf 85' lang='lat' dir='ltr'>agebant:</span> <span class='ocrx_word' id='word_1_76' title='bbox 712 1023 862 1081; x_wconf 84' lang='lat' dir='ltr'>nocturnis</span> <span class='ocrx_word' id='word_1_77' title='bbox 885 1022 1019 1092; x_wconf 85' lang='lat' dir='ltr'>consiliis,</span> 
     </span>
     <span class='ocr_line' id='line_1_11' title="bbox 52 1102 1019 1181; baseline 0 -17"><span class='ocrx_word' id='word_1_78' title='bbox 52 1121 195 1164; x_wconf 86' lang='lat' dir='ltr'>umorum</span> <span class='ocrx_word' id='word_1_79' title='bbox 210 1109 298 1181; x_wconf 88' lang='lat' dir='ltr'>atque</span> <span class='ocrx_word' id='word_1_80' title='bbox 310 1102 437 1163; x_wconf 89' lang='lat' dir='ltr'>telorum</span> <span class='ocrx_word' id='word_1_81' title='bbox 450 1102 676 1180; x_wconf 88' lang='lat' dir='ltr'>portationibus,</span> <span class='ocrx_word' id='word_1_82' title='bbox 693 1103 868 1173; x_wconf 80' lang='lat' dir='ltr'>festinando,</span> <span class='ocrx_word' id='word_1_83' title='bbox 885 1106 1019 1181; x_wconf 88' lang='lat' dir='ltr'>agitando</span> 
     </span>
     <span class='ocr_line' id='line_1_12' title="bbox 52 1185 1047 1265; baseline 0.001 -18"><span class='ocrx_word' id='word_1_84' title='bbox 52 1188 139 1247; x_wconf 74' lang='lat' dir='ltr'>omnia</span> <span class='ocrx_word' id='word_1_85' title='bbox 153 1186 220 1265; x_wconf 85' lang='lat' dir='ltr'>plus</span> <span class='ocrx_word' id='word_1_86' title='bbox 234 1188 346 1246; x_wconf 91' lang='lat' dir='ltr'>timoris</span> <span class='ocrx_word' id='word_1_87' title='bbox 361 1204 449 1265; x_wconf 91' lang='lat' dir='ltr'>quam</span> <span class='ocrx_word' id='word_1_88' title='bbox 462 1185 585 1263; x_wconf 85' lang='lat' dir='ltr'>periculi</span> <span class='ocrx_word' id='word_1_89' title='bbox 600 1187 765 1248; x_wconf 81' lang='lat' dir='ltr'>effecerant.</span> <span class='ocrx_word' id='word_1_90' title='bbox 792 1187 835 1248; x_wconf 82' lang='lat' dir='ltr'>Ex</span> <span class='ocrx_word' id='word_1_91' title='bbox 850 1206 885 1249; x_wconf 92' lang='lat' dir='ltr'>eo</span> <span class='ocrx_word' id='word_1_92' title='bbox 897 1204 1047 1256; x_wconf 71' lang='lat' dir='ltr'>numeros</span> 
     </span>
     <span class='ocr_line' id='line_1_13' title="bbox 52 1268 1020 1349; baseline 0 -18"><span class='ocrx_word' id='word_1_93' title='bbox 52 1270 194 1349; x_wconf 67' lang='lat' dir='ltr'>conpluris</span> <span class='ocrx_word' id='word_1_94' title='bbox 215 1270 248 1341; x_wconf 87' lang='lat' dir='ltr'>Q.</span> <span class='ocrx_word' id='word_1_95' title='bbox 271 1268 402 1330; x_wconf 89' lang='lat' dir='ltr'>Metellus</span> <span class='ocrx_word' id='word_1_96' title='bbox 425 1269 507 1330; x_wconf 88' lang='lat' dir='ltr'>Celer</span> <span class='ocrx_word' id='word_1_97' title='bbox 533 1276 653 1348; x_wconf 87' lang='lat' dir='ltr'>praetor</span> <span class='ocrx_word' id='word_1_98' title='bbox 679 1290 715 1331; x_wconf 88' lang='lat' dir='ltr'>ex</span> <span class='ocrx_word' id='word_1_99' title='bbox 744 1278 861 1331; x_wconf 90' lang='lat' dir='ltr'>senatus</span> <span class='ocrx_word' id='word_1_100' title='bbox 888 1271 1020 1333; x_wconf 88' lang='lat' dir='ltr'>consulto</span> 
     </span>
     <span class='ocr_line' id='line_1_14' title="bbox 52 1352 1021 1429; baseline 0 -14"><span class='ocrx_word' id='word_1_101' title='bbox 52 1371 144 1415; x_wconf 82' lang='lat' dir='ltr'>:aussa</span> <span class='ocrx_word' id='word_1_102' title='bbox 162 1355 276 1429; x_wconf 87' lang='lat' dir='ltr'>cognita</span> <span class='ocrx_word' id='word_1_103' title='bbox 291 1355 321 1413; x_wconf 91' lang='lat' dir='ltr'>in</span> <span class='ocrx_word' id='word_1_104' title='bbox 335 1352 449 1413; x_wconf 84' lang='lat' dir='ltr'>vincula</span> <span class='ocrx_word' id='word_1_105' title='bbox 464 1355 636 1422; x_wconf 90' lang='lat' dir='ltr'>coniecerat,</span> <span class='ocrx_word' id='word_1_106' title='bbox 653 1355 721 1414; x_wconf 86' lang='lat' dir='ltr'>item</span> <span class='ocrx_word' id='word_1_107' title='bbox 735 1357 765 1414; x_wconf 88' lang='lat' dir='ltr'>in</span> <span class='ocrx_word' id='word_1_108' title='bbox 778 1353 918 1415; x_wconf 88' lang='lat' dir='ltr'>ulteriore</span> <span class='ocrx_word' id='word_1_109' title='bbox 930 1354 1021 1417; x_wconf 88' lang='lat' dir='ltr'>Callia</span> 
     </span>
     <span class='ocr_line' id='line_1_15' title="bbox 52 1436 818 1515; baseline -0.004 -17"><span class='ocrx_word' id='word_1_110' title='bbox 52 1436 77 1498; x_wconf 70' lang='grc' dir='ltr'>Ξ.</span> <span class='ocrx_word' id='word_1_111' title='bbox 93 1436 225 1506; x_wconf 86' lang='lat' dir='ltr'>Murena,</span> <span class='ocrx_word' id='word_1_112' title='bbox 246 1438 296 1514; x_wconf 93' lang='lat' dir='ltr'>qui</span> <span class='ocrx_word' id='word_1_113' title='bbox 312 1439 338 1497; x_wconf 93' lang='lat' dir='ltr'>ei</span> <span class='ocrx_word' id='word_1_114' title='bbox 357 1439 522 1515; x_wconf 83' lang='lat' dir='ltr'>provinciae</span> <span class='ocrx_word' id='word_1_115' title='bbox 541 1437 653 1512; x_wconf 90' lang='lat' dir='ltr'>legatus</span> <span class='ocrx_word' id='word_1_116' title='bbox 673 1444 818 1515; x_wconf 89' lang='lat' dir='ltr'>praeerat.</span> 
     </span>
    </p>

    <p class='ocr_par' dir='ltr' id='par_1_4' title="bbox 52 1519 1113 3266">
     <span class='ocr_line' id='line_1_16' title="bbox 127 1519 1070 1598; baseline 0.005 -18"><span class='ocrx_word' id='word_1_117' title='bbox 127 1521 166 1580; x_wconf 79' lang='lat' dir='ltr'>lt</span> <span class='ocrx_word' id='word_1_118' title='bbox 185 1519 297 1581; x_wconf 88' lang='lat' dir='ltr'>Romae</span> <span class='ocrx_word' id='word_1_119' title='bbox 314 1519 455 1581; x_wconf 87' lang='lat' dir='ltr'>Lentulus</span> <span class='ocrx_word' id='word_1_120' title='bbox 472 1539 538 1581; x_wconf 90' lang='lat' dir='ltr'>curn</span> <span class='ocrx_word' id='word_1_121' title='bbox 557 1521 675 1589; x_wconf 87' lang='lat' dir='ltr'>ceteris,</span> <span class='ocrx_word' id='word_1_122' title='bbox 696 1522 744 1598; x_wconf 93' lang='lat' dir='ltr'>qui</span> <span class='ocrx_word' id='word_1_123' title='bbox 759 1521 905 1598; x_wconf 90' lang='lat' dir='ltr'>principes</span> <span class='ocrx_word' id='word_1_124' title='bbox 922 1523 1020 1581; x_wconf 90' lang='lat' dir='ltr'>coniu-</span> <span class='ocrx_word' id='word_1_125' title='bbox 1031 1526 1070 1586; x_wconf 82' lang='grc'>43</span> 
     </span>
     <span class='ocr_line' id='line_1_17' title="bbox 52 1602 1021 1681; baseline -0.002 -16"><span class='ocrx_word' id='word_1_126' title='bbox 52 1605 165 1667; x_wconf 81' lang='lat' dir='ltr'>rationis</span> <span class='ocrx_word' id='word_1_127' title='bbox 178 1609 270 1673; x_wconf 89' lang='lat' dir='ltr'>erant,</span> <span class='ocrx_word' id='word_1_128' title='bbox 292 1605 401 1681; x_wconf 89' lang='lat' dir='ltr'>paratis</span> <span class='ocrx_word' id='word_1_129' title='bbox 419 1611 452 1664; x_wconf 90' lang='lat' dir='ltr'>nt</span> <span class='ocrx_word' id='word_1_130' title='bbox 472 1602 643 1665; x_wconf 86' lang='lat' dir='ltr'>videbantur</span> <span class='ocrx_word' id='word_1_131' title='bbox 658 1604 770 1680; x_wconf 89' lang='lat' dir='ltr'>magnis</span> <span class='ocrx_word' id='word_1_132' title='bbox 792 1605 891 1680; x_wconf 89' lang='lat' dir='ltr'>copiis,</span> <span class='ocrx_word' id='word_1_133' title='bbox 916 1605 1021 1663; x_wconf 87' lang='lat' dir='ltr'>consti-</span> 
     </span>
     <span class='ocr_line' id='line_1_18' title="bbox 52 1685 1021 1763; baseline -0.005 -13"><span class='ocrx_word' id='word_1_134' title='bbox 52 1693 170 1756; x_wconf 85' lang='lat' dir='ltr'>tuerant,</span> <span class='ocrx_word' id='word_1_135' title='bbox 191 1688 243 1756; x_wconf 90' lang='lat' dir='ltr'>uti,</span> <span class='ocrx_word' id='word_1_136' title='bbox 266 1705 333 1748; x_wconf 91' lang='lat' dir='ltr'>cum</span> <span class='ocrx_word' id='word_1_137' title='bbox 348 1685 466 1747; x_wconf 83' lang='lat' dir='ltr'>Catilina</span> <span class='ocrx_word' id='word_1_138' title='bbox 482 1689 512 1746; x_wconf 92' lang='lat' dir='ltr'>in</span> <span class='ocrx_word' id='word_1_139' title='bbox 527 1703 631 1763; x_wconf 85' lang='lat' dir='ltr'>agrum</span> <span class='ocrx_word' id='word_1_140' title='bbox 648 1685 838 1746; x_wconf 89' lang='lat' dir='ltr'>Carsulanum</span> <span class='ocrx_word' id='word_1_141' title='bbox 854 1703 921 1746; x_wconf 89' lang='lat' dir='ltr'>oum</span> <span class='ocrx_word' id='word_1_142' title='bbox 938 1704 1021 1746; x_wconf 83' lang='lat' dir='ltr'>exer·</span> 
     </span>
     <span class='ocr_line' id='line_1_19' title="bbox 52 1767 1021 1849; baseline -0.005 -14"><span class='ocrx_word' id='word_1_143' title='bbox 52 1773 103 1835; x_wconf 83' lang='lat' dir='ltr'>situ</span> <span class='ocrx_word' id='word_1_144' title='bbox 116 1771 253 1840; x_wconf 80' lang='lat' dir='ltr'>venisset,</span> <span class='ocrx_word' id='word_1_145' title='bbox 269 1770 302 1831; x_wconf 88' lang='lat' dir='ltr'>L.</span> <span class='ocrx_word' id='word_1_146' title='bbox 315 1771 411 1831; x_wconf 91' lang='lat' dir='ltr'>Bestia</span> <span class='ocrx_word' id='word_1_147' title='bbox 426 1769 561 1830; x_wconf 89' lang='lat' dir='ltr'>tribunus</span> <span class='ocrx_word' id='word_1_148' title='bbox 573 1769 669 1849; x_wconf 92' lang='lat' dir='ltr'>plebei</span> <span class='ocrx_word' id='word_1_149' title='bbox 687 1771 821 1830; x_wconf 89' lang='lat' dir='ltr'>contione</span> <span class='ocrx_word' id='word_1_150' title='bbox 837 1767 935 1829; x_wconf 90' lang='lat' dir='ltr'>hahita</span> <span class='ocrx_word' id='word_1_151' title='bbox 951 1787 1021 1848; x_wconf 91' lang='lat' dir='ltr'>quc-</span> 
     </span>
     <span class='ocr_line' id='line_1_20' title="bbox 52 1852 1022 1932; baseline -0.003 -17"><span class='ocrx_word' id='word_1_152' title='bbox 52 1862 161 1918; x_wconf 79' lang='lat' dir='ltr'>teretur</span> <span class='ocrx_word' id='word_1_153' title='bbox 177 1852 213 1913; x_wconf 89' lang='lat' dir='ltr'>de</span> <span class='ocrx_word' id='word_1_154' title='bbox 224 1853 386 1914; x_wconf 88' lang='lat' dir='ltr'>actionibus</span> <span class='ocrx_word' id='word_1_155' title='bbox 401 1852 548 1915; x_wconf 83' lang='lat' dir='ltr'>Ciceronis</span> <span class='ocrx_word' id='word_1_156' title='bbox 561 1852 688 1932; x_wconf 90' lang='lat' dir='ltr'>bellique</span> <span class='ocrx_word' id='word_1_157' title='bbox 702 1855 874 1929; x_wconf 81' lang='lat' dir='ltr'>gravissumi</span> <span class='ocrx_word' id='word_1_158' title='bbox 886 1853 1022 1912; x_wconf 91' lang='lat' dir='ltr'>invidiam</span> 
     </span>
     <span class='ocr_line' id='line_1_21' title="bbox 52 1936 1021 2019; baseline -0.003 -20"><span class='ocrx_word' id='word_1_159' title='bbox 52 1946 167 2019; x_wconf 82' lang='lat' dir='ltr'>optumo</span> <span class='ocrx_word' id='word_1_160' title='bbox 184 1936 296 1998; x_wconf 90' lang='lat' dir='ltr'>consuli</span> <span class='ocrx_word' id='word_1_161' title='bbox 310 1939 476 2014; x_wconf 86' lang='lat' dir='ltr'>inponeret:</span> <span class='ocrx_word' id='word_1_162' title='bbox 500 1954 535 1996; x_wconf 91' lang='lat' dir='ltr'>eo</span> <span class='ocrx_word' id='word_1_163' title='bbox 557 1938 639 2013; x_wconf 89' lang='lat' dir='ltr'>signo</span> <span class='ocrx_word' id='word_1_164' title='bbox 655 1953 797 2014; x_wconf 83' lang='lat' dir='ltr'>proxuma</span> <span class='ocrx_word' id='word_1_165' title='bbox 820 1942 905 1996; x_wconf 89' lang='lat' dir='ltr'>nocte</span> <span class='ocrx_word' id='word_1_166' title='bbox 924 1943 1021 1996; x_wconf 88' lang='lat' dir='ltr'>cetera</span> 
     </span>
     <span class='ocr_line' id='line_1_22' title="bbox 52 2021 1113 2098; baseline -0.003 -15"><span class='ocrx_word' id='word_1_167' title='bbox 52 2021 200 2084; x_wconf 89' lang='lat' dir='ltr'>noltitudo</span> <span class='ocrx_word' id='word_1_168' title='bbox 218 2021 423 2080; x_wconf 89' lang='lat' dir='ltr'>coniurationis</span> <span class='ocrx_word' id='word_1_169' title='bbox 444 2037 529 2080; x_wconf 90' lang='lat' dir='ltr'>suurn</span> <span class='ocrx_word' id='word_1_170' title='bbox 551 2022 672 2098; x_wconf 91' lang='lat' dir='ltr'>quisque</span> <span class='ocrx_word' id='word_1_171' title='bbox 694 2021 843 2096; x_wconf 81' lang='lat' dir='ltr'>negotium</span> <span class='ocrx_word' id='word_1_172' title='bbox 862 2038 1021 2098; x_wconf 83' lang='lat' dir='ltr'>exequere-</span> <span class='ocrx_word' id='word_1_173' title='bbox 1110 2072 1113 2080; x_wconf 94' lang='grc'><em>,</em></span> 
     </span>
     <span class='ocr_line' id='line_1_23' title="bbox 52 2103 1048 2178; baseline -0.003 -11"><span class='ocrx_word' id='word_1_174' title='bbox 52 2122 98 2167; x_wconf 90' lang='lat' dir='ltr'>ur.</span> <span class='ocrx_word' id='word_1_175' title='bbox 126 2105 180 2164; x_wconf 91' lang='lat' dir='ltr'>Set</span> <span class='ocrx_word' id='word_1_176' title='bbox 190 2121 224 2164; x_wconf 88' lang='lat' dir='ltr'>ea</span> <span class='ocrx_word' id='word_1_177' title='bbox 234 2103 323 2164; x_wconf 87' lang='lat' dir='ltr'>divisa</span> <span class='ocrx_word' id='word_1_178' title='bbox 333 2103 390 2163; x_wconf 88' lang='lat' dir='ltr'>hoc</span> <span class='ocrx_word' id='word_1_179' title='bbox 400 2103 487 2164; x_wconf 91' lang='lat' dir='ltr'>modo</span> <span class='ocrx_word' id='word_1_180' title='bbox 503 2104 687 2178; x_wconf 83' lang='lat' dir='ltr'>dicebantur:</span> <span class='ocrx_word' id='word_1_181' title='bbox 704 2103 832 2163; x_wconf 87' lang='lat' dir='ltr'>Statilius</span> <span class='ocrx_word' id='word_1_182' title='bbox 843 2110 871 2163; x_wconf 91' lang='lat' dir='ltr'>et</span> <span class='ocrx_word' id='word_1_183' title='bbox 882 2103 1048 2165; x_wconf 75' lang='lat' dir='ltr'>Gabininse</span> 
     </span>
     <span class='ocr_line' id='line_1_24' title="bbox 52 2186 1023 2266; baseline -0.006 -15"><span class='ocrx_word' id='word_1_184' title='bbox 52 2192 83 2251; x_wconf 86' lang='lat' dir='ltr'>oi</span> <span class='ocrx_word' id='word_1_185' title='bbox 106 2205 177 2249; x_wconf 89' lang='lat' dir='ltr'>cum</span> <span class='ocrx_word' id='word_1_186' title='bbox 197 2203 301 2264; x_wconf 91' lang='lat' dir='ltr'>magna</span> <span class='ocrx_word' id='word_1_187' title='bbox 323 2204 412 2249; x_wconf 90' lang='lat' dir='ltr'>manu</span> <span class='ocrx_word' id='word_1_188' title='bbox 434 2187 588 2247; x_wconf 91' lang='lat' dir='ltr'>duodecim</span> <span class='ocrx_word' id='word_1_189' title='bbox 603 2186 688 2247; x_wconf 91' lang='lat' dir='ltr'>simul</span> <span class='ocrx_word' id='word_1_190' title='bbox 703 2194 847 2266; x_wconf 87' lang='lat' dir='ltr'>oportuna</span> <span class='ocrx_word' id='word_1_191' title='bbox 860 2186 925 2247; x_wconf 92' lang='lat' dir='ltr'>loca</span> <span class='ocrx_word' id='word_1_192' title='bbox 941 2187 1023 2247; x_wconf 86' lang='lat' dir='ltr'>urbis</span> 
     </span>
     <span class='ocr_line' id='line_1_25' title="bbox 52 2269 1022 2350; baseline -0.006 -14"><span class='ocrx_word' id='word_1_193' title='bbox 52 2272 252 2340; x_wconf 77' lang='lat' dir='ltr'>scanderent,</span> <span class='ocrx_word' id='word_1_194' title='bbox 272 2288 330 2350; x_wconf 92' lang='lat' dir='ltr'>quo</span> <span class='ocrx_word' id='word_1_195' title='bbox 350 2269 477 2332; x_wconf 89' lang='lat' dir='ltr'>tumultu</span> <span class='ocrx_word' id='word_1_196' title='bbox 499 2270 611 2330; x_wconf 81' lang='lat' dir='ltr'>facilior</span> <span class='ocrx_word' id='word_1_197' title='bbox 631 2270 725 2331; x_wconf 90' lang='lat' dir='ltr'>aditus</span> <span class='ocrx_word' id='word_1_198' title='bbox 746 2270 783 2330; x_wconf 90' lang='lat' dir='ltr'>ad</span> <span class='ocrx_word' id='word_1_199' title='bbox 805 2270 955 2330; x_wconf 90' lang='lat' dir='ltr'>consulem</span> <span class='ocrx_word' id='word_1_200' title='bbox 976 2288 1022 2330; x_wconf 92' lang='lat' dir='ltr'>ce·</span> 
     </span>
     <span class='ocr_line' id='line_1_26' title="bbox 52 2353 1022 2434; baseline -0.006 -16"><span class='ocrx_word' id='word_1_201' title='bbox 52 2372 186 2434; x_wconf 90' lang='lat' dir='ltr'>erosque</span> <span class='ocrx_word' id='word_1_202' title='bbox 208 2354 313 2433; x_wconf 90' lang='lat' dir='ltr'>quihus</span> <span class='ocrx_word' id='word_1_203' title='bbox 327 2354 447 2415; x_wconf 90' lang='lat' dir='ltr'>insidiae</span> <span class='ocrx_word' id='word_1_204' title='bbox 462 2353 641 2431; x_wconf 88' lang='lat' dir='ltr'>parabantur</span> <span class='ocrx_word' id='word_1_205' title='bbox 656 2355 757 2414; x_wconf 85' lang='lat' dir='ltr'>fieret:</span> <span class='ocrx_word' id='word_1_206' title='bbox 781 2353 925 2430; x_wconf 82' lang='lat' dir='ltr'>Cethegus</span> <span class='ocrx_word' id='word_1_207' title='bbox 943 2353 1022 2413; x_wconf 90' lang='lat' dir='ltr'>Cice·</span> 
     </span>
     <span class='ocr_line' id='line_1_27' title="bbox 54 2436 1023 2517; baseline -0.006 -16"><span class='ocrx_word' id='word_1_208' title='bbox 54 2442 124 2501; x_wconf 90' lang='lat' dir='ltr'>onis</span> <span class='ocrx_word' id='word_1_209' title='bbox 136 2440 256 2498; x_wconf 90' lang='lat' dir='ltr'>ianuam</span> <span class='ocrx_word' id='word_1_210' title='bbox 271 2437 419 2498; x_wconf 91' lang='lat' dir='ltr'>obsideret</span> <span class='ocrx_word' id='word_1_211' title='bbox 429 2455 555 2517; x_wconf 91' lang='lat' dir='ltr'>eumque</span> <span class='ocrx_word' id='word_1_212' title='bbox 570 2439 597 2496; x_wconf 87' lang='lat' dir='ltr'>vi</span> <span class='ocrx_word' id='word_1_213' title='bbox 607 2438 827 2513; x_wconf 89' lang='lat' dir='ltr'>adgrederetur,</span> <span class='ocrx_word' id='word_1_214' title='bbox 844 2436 915 2496; x_wconf 91' lang='lat' dir='ltr'>alins</span> <span class='ocrx_word' id='word_1_215' title='bbox 926 2442 1023 2496; x_wconf 86' lang='lat' dir='ltr'>autern</span> 
     </span>
     <span class='ocr_line' id='line_1_28' title="bbox 52 2520 1022 2598; baseline -0.008 -13"><span class='ocrx_word' id='word_1_216' title='bbox 52 2524 148 2585; x_wconf 92' lang='lat' dir='ltr'>lium:</span> <span class='ocrx_word' id='word_1_217' title='bbox 170 2527 216 2581; x_wconf 90' lang='lat' dir='ltr'>set</span> <span class='ocrx_word' id='word_1_218' title='bbox 229 2521 280 2582; x_wconf 84' lang='lat' dir='ltr'>filii</span> <span class='ocrx_word' id='word_1_219' title='bbox 298 2520 487 2590; x_wconf 81' lang='lat' dir='ltr'>familiarum,</span> <span class='ocrx_word' id='word_1_220' title='bbox 508 2538 632 2598; x_wconf 91' lang='lat' dir='ltr'>quorum</span> <span class='ocrx_word' id='word_1_221' title='bbox 657 2540 693 2582; x_wconf 85' lang='lat' dir='ltr'>ex</span> <span class='ocrx_word' id='word_1_222' title='bbox 716 2520 865 2580; x_wconf 90' lang='lat' dir='ltr'>nobilitate</span> <span class='ocrx_word' id='word_1_223' title='bbox 887 2536 1022 2578; x_wconf 87' lang='lat' dir='ltr'>maxuma</span> 
     </span>
     <span class='ocr_line' id='line_1_29' title="bbox 52 2603 1021 2682; baseline 0.001 -22"><span class='ocrx_word' id='word_1_224' title='bbox 52 2611 215 2672; x_wconf 84' lang='lat' dir='ltr'>arserat,</span> <span class='ocrx_word' id='word_1_225' title='bbox 237 2607 365 2682; x_wconf 86' lang='lat' dir='ltr'>parentis</span> <span class='ocrx_word' id='word_1_226' title='bbox 385 2605 597 2665; x_wconf 85' lang='lat' dir='ltr'>interficerent:</span> <span class='ocrx_word' id='word_1_227' title='bbox 620 2603 705 2664; x_wconf 91' lang='lat' dir='ltr'>simul</span> <span class='ocrx_word' id='word_1_228' title='bbox 728 2604 815 2664; x_wconf 90' lang='lat' dir='ltr'>caede</span> <span class='ocrx_word' id='word_1_229' title='bbox 839 2608 867 2662; x_wconf 92' lang='lat' dir='ltr'>et</span> <span class='ocrx_word' id='word_1_230' title='bbox 887 2603 1021 2661; x_wconf 90' lang='lat' dir='ltr'>incendio</span> 
     </span>
     <span class='ocr_line' id='line_1_30' title="bbox 52 2685 1047 2764; baseline -0.009 -12"><span class='ocrx_word' id='word_1_231' title='bbox 52 2688 189 2752; x_wconf 72' lang='lat' dir='ltr'>creabis</span> <span class='ocrx_word' id='word_1_232' title='bbox 203 2687 338 2748; x_wconf 87' lang='lat' dir='ltr'>omnihus</span> <span class='ocrx_word' id='word_1_233' title='bbox 353 2688 389 2748; x_wconf 91' lang='lat' dir='ltr'>ad</span> <span class='ocrx_word' id='word_1_234' title='bbox 404 2687 552 2747; x_wconf 90' lang='lat' dir='ltr'>Catilinam</span> <span class='ocrx_word' id='word_1_235' title='bbox 567 2693 763 2764; x_wconf 88' lang='lat' dir='ltr'>erumperent.</span> <span class='ocrx_word' id='word_1_236' title='bbox 790 2687 869 2747; x_wconf 88' lang='lat' dir='ltr'>lnter</span> <span class='ocrx_word' id='word_1_237' title='bbox 884 2685 957 2744; x_wconf 92' lang='lat' dir='ltr'>haec</span> <span class='ocrx_word' id='word_1_238' title='bbox 971 2695 1047 2761; x_wconf 71' lang='grc' dir='ltr'>ρει-3</span> 
     </span>
     <span class='ocr_line' id='line_1_31' title="bbox 53 2768 1023 2850; baseline -0.011 -15"><span class='ocrx_word' id='word_1_239' title='bbox 53 2780 105 2835; x_wconf 87' lang='lat' dir='ltr'>ata</span> <span class='ocrx_word' id='word_1_240' title='bbox 128 2778 217 2850; x_wconf 89' lang='lat' dir='ltr'>atque</span> <span class='ocrx_word' id='word_1_241' title='bbox 239 2771 355 2831; x_wconf 86' lang='lat' dir='ltr'>decreta</span> <span class='ocrx_word' id='word_1_242' title='bbox 373 2770 516 2847; x_wconf 90' lang='lat' dir='ltr'>Cethegus</span> <span class='ocrx_word' id='word_1_243' title='bbox 531 2786 648 2847; x_wconf 90' lang='lat' dir='ltr'>semper</span> <span class='ocrx_word' id='word_1_244' title='bbox 663 2769 841 2848; x_wconf 90' lang='lat' dir='ltr'>querebatur</span> <span class='ocrx_word' id='word_1_245' title='bbox 859 2768 894 2828; x_wconf 92' lang='lat' dir='ltr'>de</span> <span class='ocrx_word' id='word_1_246' title='bbox 912 2768 1023 2844; x_wconf 89' lang='lat' dir='ltr'>ignavia</span> 
     </span>
     <span class='ocr_line' id='line_1_32' title="bbox 52 2852 1023 2930; baseline -0.011 -12"><span class='ocrx_word' id='word_1_247' title='bbox 52 2858 211 2918; x_wconf 90' lang='lat' dir='ltr'>ociorum:</span> <span class='ocrx_word' id='word_1_248' title='bbox 232 2853 298 2914; x_wconf 92' lang='lat' dir='ltr'>illos</span> <span class='ocrx_word' id='word_1_249' title='bbox 318 2853 477 2915; x_wconf 89' lang='lat' dir='ltr'>dubitando</span> <span class='ocrx_word' id='word_1_250' title='bbox 496 2860 524 2912; x_wconf 88' lang='lat' dir='ltr'>et</span> <span class='ocrx_word' id='word_1_251' title='bbox 541 2853 602 2914; x_wconf 89' lang='lat' dir='ltr'>dies</span> <span class='ocrx_word' id='word_1_252' title='bbox 618 2852 788 2930; x_wconf 90' lang='lat' dir='ltr'>prolatando</span> <span class='ocrx_word' id='word_1_253' title='bbox 803 2867 922 2926; x_wconf 89' lang='lat' dir='ltr'>magnas</span> <span class='ocrx_word' id='word_1_254' title='bbox 937 2867 1023 2926; x_wconf 91' lang='lat' dir='ltr'>opor·</span> 
     </span>
     <span class='ocr_line' id='line_1_33' title="bbox 52 2931 1023 3015; baseline -0.007 -17"><span class='ocrx_word' id='word_1_255' title='bbox 52 2942 184 3003; x_wconf 89' lang='lat' dir='ltr'>unitates</span> <span class='ocrx_word' id='word_1_256' title='bbox 203 2954 413 3015; x_wconf 90' lang='lat' dir='ltr'>conrumpere:</span> <span class='ocrx_word' id='word_1_257' title='bbox 435 2935 526 3004; x_wconf 83' lang='lat' dir='ltr'>iacto,</span> <span class='ocrx_word' id='word_1_258' title='bbox 549 2952 608 2995; x_wconf 91' lang='lat' dir='ltr'>non</span> <span class='ocrx_word' id='word_1_259' title='bbox 629 2935 760 2996; x_wconf 88' lang='lat' dir='ltr'>consulto</span> <span class='ocrx_word' id='word_1_260' title='bbox 774 2937 803 2995; x_wconf 93' lang='lat' dir='ltr'>in</span> <span class='ocrx_word' id='word_1_261' title='bbox 824 2935 874 2994; x_wconf 90' lang='lat' dir='ltr'>tali</span> <span class='ocrx_word' id='word_1_262' title='bbox 893 2931 1023 3011; x_wconf 90' lang='lat' dir='ltr'>periculo</span> 
     </span>
     <span class='ocr_line' id='line_1_34' title="bbox 52 3017 1023 3102; baseline -0.006 -22"><span class='ocrx_word' id='word_1_263' title='bbox 52 3040 119 3102; x_wconf 70' lang='lat' dir='ltr'>»pus</span> <span class='ocrx_word' id='word_1_264' title='bbox 136 3036 211 3089; x_wconf 86' lang='lat' dir='ltr'>esse,</span> <span class='ocrx_word' id='word_1_265' title='bbox 227 3037 326 3098; x_wconf 89' lang='lat' dir='ltr'>seque,</span> <span class='ocrx_word' id='word_1_266' title='bbox 345 3023 370 3080; x_wconf 88' lang='lat' dir='ltr'>si</span> <span class='ocrx_word' id='word_1_267' title='bbox 383 3021 468 3097; x_wconf 89' lang='lat' dir='ltr'>pauci</span> <span class='ocrx_word' id='word_1_268' title='bbox 481 3019 659 3088; x_wconf 87' lang='lat' dir='ltr'>adiuvarent,</span> <span class='ocrx_word' id='word_1_269' title='bbox 675 3017 880 3094; x_wconf 88' lang='lat' dir='ltr'>languentibus</span> <span class='ocrx_word' id='word_1_270' title='bbox 895 3017 964 3083; x_wconf 88' lang='lat' dir='ltr'>aliis,</span> <span class='ocrx_word' id='word_1_271' title='bbox 980 3017 1023 3075; x_wconf 95' lang='lat' dir='ltr'>in-</span> 
     </span>
     <span class='ocr_line' id='line_1_35' title="bbox 52 3101 1052 3169; baseline -0.009 -4"><span class='ocrx_word' id='word_1_272' title='bbox 52 3112 147 3169; x_wconf 77' lang='lat' dir='ltr'>tetum</span> <span class='ocrx_word' id='word_1_273' title='bbox 162 3105 193 3163; x_wconf 91' lang='lat' dir='ltr'>in</span> <span class='ocrx_word' id='word_1_274' title='bbox 209 3104 321 3164; x_wconf 89' lang='lat' dir='ltr'>curiam</span> <span class='ocrx_word' id='word_1_275' title='bbox 336 3102 490 3164; x_wconf 83' lang='lat' dir='ltr'>iacturum.</span> <span class='ocrx_word' id='word_1_276' title='bbox 517 3102 627 3162; x_wconf 90' lang='lat' dir='ltr'>Natura</span> <span class='ocrx_word' id='word_1_277' title='bbox 642 3102 734 3168; x_wconf 81' lang='lat' dir='ltr'>seron,</span> <span class='ocrx_word' id='word_1_278' title='bbox 753 3101 920 3167; x_wconf 84' lang='lat' dir='ltr'>vehemens,</span> <span class='ocrx_word' id='word_1_279' title='bbox 936 3116 1052 3164; x_wconf 87' lang='lat' dir='ltr'>manu4</span> 
     </span>
     <span class='ocr_line' id='line_1_36' title="bbox 52 3181 989 3266; baseline -0.01 -17"><span class='ocrx_word' id='word_1_280' title='bbox 52 3192 202 3266; x_wconf 80' lang='lat' dir='ltr'>tromptus</span> <span class='ocrx_word' id='word_1_281' title='bbox 223 3192 301 3247; x_wconf 90' lang='lat' dir='ltr'>erat:</span> <span class='ocrx_word' id='word_1_282' title='bbox 323 3203 491 3247; x_wconf 83' lang='lat' dir='ltr'>maxumum</span> <span class='ocrx_word' id='word_1_283' title='bbox 510 3184 621 3246; x_wconf 90' lang='lat' dir='ltr'>honum</span> <span class='ocrx_word' id='word_1_284' title='bbox 641 3186 671 3245; x_wconf 90' lang='lat' dir='ltr'>in</span> <span class='ocrx_word' id='word_1_285' title='bbox 693 3185 839 3245; x_wconf 89' lang='lat' dir='ltr'>celeritate</span> <span class='ocrx_word' id='word_1_286' title='bbox 860 3181 989 3261; x_wconf 88' lang='lat' dir='ltr'>putabat.</span> 
     </span>
    </p>

    <p class='ocr_par' dir='ltr' id='par_1_5' title="bbox 52 3265 1074 3515">
     <span class='ocr_line' id='line_1_37' title="bbox 130 3265 1074 3347; baseline -0.003 -16"><span class='ocrx_word' id='word_1_287' title='bbox 130 3270 184 3331; x_wconf 87' lang='lat' dir='ltr'>Set</span> <span class='ocrx_word' id='word_1_288' title='bbox 204 3269 377 3346; x_wconf 76' lang='lat' dir='ltr'>Allobroges</span> <span class='ocrx_word' id='word_1_289' title='bbox 398 3288 434 3330; x_wconf 82' lang='lat' dir='ltr'>ex</span> <span class='ocrx_word' id='word_1_290' title='bbox 453 3275 608 3347; x_wconf 87' lang='lat' dir='ltr'>praecepto</span> <span class='ocrx_word' id='word_1_291' title='bbox 632 3269 779 3329; x_wconf 87' lang='lat' dir='ltr'>Ciceronis</span> <span class='ocrx_word' id='word_1_292' title='bbox 796 3285 849 3345; x_wconf 90' lang='lat' dir='ltr'>per</span> <span class='ocrx_word' id='word_1_293' title='bbox 871 3265 1025 3325; x_wconf 87' lang='lat' dir='ltr'>Gabinium</span> <span class='ocrx_word' id='word_1_294' title='bbox 1035 3271 1074 3331; x_wconf 83' lang='grc'>44</span> 
     </span>
     <span class='ocr_line' id='line_1_38' title="bbox 52 3348 1025 3428; baseline -0.012 -9"><span class='ocrx_word' id='word_1_295' title='bbox 52 3363 163 3419; x_wconf 78' lang='lat' dir='ltr'>:eteros</span> <span class='ocrx_word' id='word_1_296' title='bbox 177 3354 368 3415; x_wconf 86' lang='lat' dir='ltr'>conveniunt:</span> <span class='ocrx_word' id='word_1_297' title='bbox 385 3352 422 3414; x_wconf 90' lang='lat' dir='ltr'>ab</span> <span class='ocrx_word' id='word_1_298' title='bbox 433 3352 556 3413; x_wconf 85' lang='lat' dir='ltr'>Lentulo</span> <span class='ocrx_word' id='word_1_299' title='bbox 568 3352 695 3428; x_wconf 89' lang='lat' dir='ltr'>Cethego</span> <span class='ocrx_word' id='word_1_300' title='bbox 707 3350 826 3419; x_wconf 86' lang='lat' dir='ltr'>Statilio,</span> <span class='ocrx_word' id='word_1_301' title='bbox 844 3350 913 3409; x_wconf 91' lang='lat' dir='ltr'>item</span> <span class='ocrx_word' id='word_1_302' title='bbox 928 3348 1025 3408; x_wconf 89' lang='lat' dir='ltr'>Cassio</span> 
     </span>
     <span class='ocr_line' id='line_1_39' title="bbox 52 3432 1027 3515; baseline -0.011 -14"><span class='ocrx_word' id='word_1_303' title='bbox 52 3436 196 3501; x_wconf 77' lang='lat' dir='ltr'>tostulant</span> <span class='ocrx_word' id='word_1_304' title='bbox 208 3439 254 3498; x_wconf 88' lang='lat' dir='ltr'>ins</span> <span class='ocrx_word' id='word_1_305' title='bbox 270 3437 440 3506; x_wconf 89' lang='lat' dir='ltr'>iurandum,</span> <span class='ocrx_word' id='word_1_306' title='bbox 463 3435 542 3515; x_wconf 91' lang='lat' dir='ltr'>quod</span> <span class='ocrx_word' id='word_1_307' title='bbox 563 3437 707 3513; x_wconf 89' lang='lat' dir='ltr'>signatum</span> <span class='ocrx_word' id='word_1_308' title='bbox 722 3435 760 3495; x_wconf 92' lang='lat' dir='ltr'>ad</span> <span class='ocrx_word' id='word_1_309' title='bbox 779 3434 847 3494; x_wconf 83' lang='lat' dir='ltr'>ciris</span> <span class='ocrx_word' id='word_1_310' title='bbox 859 3432 1027 3512; x_wconf 83' lang='lat' dir='ltr'>perierant:</span> 
     </span>
    </p>
   </div>
   <div class='ocr_carea' id='block_1_3' title="bbox 0 0 1140 4176">
    <p class='ocr_par' dir='ltr' id='par_1_6' title="bbox 0 0 1140 4176">
     <span class='ocr_line' id='line_1_40' title="bbox 0 0 1140 4176; baseline 0 0"><span class='ocrx_word' id='word_1_311' title='bbox 0 0 1140 4176; x_wconf 95' lang='lat' dir='ltr'> </span> 
     </span>
    </p>
   </div>
  </div>
 </body>
</html>
