2302 4192
136 569 180 632 64
429 566 479 625 DE
500 564 625 626 BELLO
649 567 812 628 GALLICO

137 719 278 782 hostibus
294 718 439 778 auxilium
453 719 560 792 terret,
586 718 669 778 illum
684 734 724 779 ex
738 720 875 794 periculo
892 720 1023 796 cripuit,
1044 720 1115 797 ipse

137 820 218 880 equo
233 805 392 864 vulnerato
408 802 561 875 deiectus,
583 802 687 877 quoad
701 804 813 879 potuit,
841 804 1009 865 fortissime
1023 806 1112 865 resti·

136 890 186 949 tit=
203 905 272 949 cum
287 888 511 947 circumventus
525 886 625 946 multis
640 887 818 948 vulneribus
831 888 968 963 acceptis
981 888 1114 949 cecidis-

138 978 199 1047 set,
222 980 313 1047 atque
328 972 360 1030 id
373 972 481 1045 irater,
504 971 555 1045 qui
569 970 628 1028 iarn
643 972 760 1045 proelio
782 978 975 1045 excesserat,
1003 974 1114 1047 procul

138 1055 417 1129 animadvertisset,
443 1053 566 1113 incitato
588 1069 669 1129 equo
691 1070 726 1115 se
740 1055 881 1117 hostibus
896 1056 1006 1117 obtulit
1019 1062 1114 1133 atque

138 1141 314 1200 interiectus
330 1145 379 1198 est
833 1196 837 1203 ,

221 1225 299 1284 Xlll.
320 1223 387 1282 Hoc
402 1222 483 1283 lacto
500 1221 618 1296 proelio
635 1221 748 1282 caesar
762 1237 864 1298 neque
879 1224 938 1282 iam
954 1223 1015 1283 sibi
1029 1226 1101 1299 lega

138 1315 187 1370 tos
201 1307 372 1368 audiendos
386 1320 487 1380 neque
495 1304 692 1367 condiciones
699 1306 896 1382 accipiendas
907 1306 1113 1369 arbitrabatur

139 1392 177 1452 ab
192 1391 239 1465 iis,
256 1390 308 1465 qui
324 1405 380 1465 per
394 1390 496 1450 dolum
512 1394 604 1464 atque
618 1388 746 1450 insidias
759 1391 853 1466 petita
868 1405 945 1466 pace
955 1391 1038 1452 ultro
1048 1391 1110 1457 bel·

138 1478 200 1536 lum
215 1475 403 1536 intulissent:
418 1479 584 1550 expectare
598 1492 683 1549 vero,
699 1475 771 1535 dum
786 1474 918 1536 hostium
933 1476 1045 1555 copiae
1059 1492 1111 1536 au·

139 1566 283 1635 gerentur
306 1561 523 1636 equitatusque
547 1565 761 1634 reverteretur,
778 1574 915 1619 summae
940 1556 1113 1619 dementiae

139 1660 211 1704 esse
225 1644 396 1718 iudicabat,
412 1650 442 1703 et
457 1643 580 1717 cognita
595 1643 749 1717 Gallorum
763 1643 946 1716 infirmitate,
963 1650 1113 1717 quantum

139 1728 199 1786 iam
214 1727 297 1801 apud
313 1744 367 1788 eos
382 1729 489 1787 hostes
503 1742 565 1786 uno
581 1726 700 1800 proelio
716 1726 903 1787 auctoritatis
918 1732 1026 1787 essent
1040 1743 1112 1788 con·

140 1811 246 1885 secuti,
262 1812 426 1880 sentiebat;
443 1811 554 1886 quibus
570 1810 610 1868 ad
625 1809 752 1869 consilia
767 1809 917 1886 capienda
931 1808 1005 1868 nihil
1021 1810 1112 1886 spatii

140 1896 274 1955 dandum
286 1896 486 1955 existimabat.
502 1895 556 1953 His
570 1892 741 1953 constitutis
754 1894 847 1954 rebus
859 1900 889 1953 et
900 1893 1031 1954 consilio
1043 1910 1113 1955 curn

139 1979 247 2053 legatis
263 1985 292 2037 et
307 1986 471 2052 quaestore
487 1977 718 2052 communicato,
734 1991 879 2051 nequem
894 1976 973 2035 diem
990 1993 1113 2053 pugnae

139 2063 400 2136 praetermitteret
416 2061 678 2137 opportunissima
691 2076 742 2120 res
758 2060 882 2134 accidit,
899 2061 983 2134 quod
998 2062 1111 2136 postri-

140 2147 263 2205 dieeius
272 2146 581 2205 dicimaneeademet
588 2144 719 2219 perfidia
732 2152 762 2204 et
775 2138 967 2204 simulatione
980 2147 1031 2206 usi
1040 2147 1110 2206 Ger-

139 2230 219 2289 nmni
232 2231 407 2304 frequentes
427 2229 567 2289 omnibus
586 2227 776 2303 principibus
795 2227 1025 2303 maioribusque
1040 2237 1110 2290 natu

141 2313 282 2372 adhibitis
298 2313 337 2371 ad
353 2313 467 2373 eumin
483 2320 585 2372 castra
598 2318 763 2386 venerunt,
779 2311 878 2386 simul,
894 2317 927 2371 ut
942 2313 1110 2388 dicebatur,

140 2397 187 2456 sui
204 2396 356 2470 purgandi
371 2413 480 2472 causa,
503 2398 588 2472 quod
603 2404 723 2470 contra,
747 2401 840 2470 atque
855 2402 939 2455 esset
953 2396 1070 2457 dictum
1083 2404 1110 2457 ct

141 2480 200 2554 ipsi
215 2479 375 2554 petissent,
391 2481 542 2554 proelium
556 2480 656 2556 pridie
671 2479 906 2554 commisissent,
923 2479 1014 2539 simul
1028 2487 1070 2555 ut,
1085 2480 1109 2540 si

141 2563 214 2639 quid
228 2570 367 2638 possent,
384 2565 422 2624 de
437 2564 560 2635 indutiis
576 2563 709 2624 sallendo
724 2564 940 2637 impetrarent:
954 2563 1038 2636 Quos
1054 2563 1110 2624 sibi

141 2649 253 2706 Caesar
278 2647 396 2707 oblatos
418 2649 544 2722 gavisus
566 2649 635 2707 illos
650 2648 773 2707 retineri
788 2647 893 2717 iussit;
918 2647 988 2720 ipse
1005 2662 1110 2708 omnes

142 2731 247 2804 copias
264 2732 373 2791 castris
389 2732 495 2792 eduxit
509 2733 747 2808 equitatumque,
764 2732 848 2806 quod
862 2731 977 2791 recenti
993 2731 1109 2807 proelio

142 2815 331 2890 perterritum
346 2831 417 2875 esse
432 2816 633 2888 existimabat,
649 2830 758 2890 agmen
773 2815 922 2890 subsequi
938 2815 1037 2877 iussit.

220 2898 299 2958 XIV.
321 2899 398 2959 Acie
419 2900 529 2974 triplici
551 2900 688 2959 instituta
707 2904 738 2958 et
759 2901 897 2959 celeriter
917 2915 976 2958 v111
998 2900 1108 2960 milium

141 2983 246 3042 itinere
262 2983 402 3043 conlecto
418 2984 504 3058 prius
519 2984 559 3042 ad
573 2983 706 3043 hostium
722 2989 824 3042 castra
837 2983 993 3058 pervenit,
1021 2999 1110 3059 quam

142 3067 215 3140 quid
230 3073 370 3140 ageretur
386 3067 526 3127 Germani
542 3068 656 3128 sentire
670 3073 809 3141 possent.
836 3066 891 3139 Qui
907 3067 1049 3127 omnibus
1064 3082 1108 3127 re

142 3151 197 3210 bus
214 3151 314 3210 subito
336 3151 486 3224 perterriti
502 3158 532 3210 et
552 3151 705 3211 celeritate
725 3151 875 3211 adventus
892 3150 989 3210 nostri
1004 3159 1035 3211 et
1050 3150 1108 3211 dis·

140 3249 233 3293 cassu
248 3249 389 3309 suorum,
415 3250 517 3310 neque
539 3235 657 3295 consilii
677 3235 811 3294 habendi
831 3250 932 3309 neque
955 3250 1041 3293 arma
1062 3250 1107 3294 ca·
1135 3288 1141 3295 .

141 3317 243 3393 piendi
259 3318 359 3392 spatio
375 3319 456 3393 dato,
471 3321 701 3395 perturbantur,
727 3318 875 3393 copiasne
890 3320 1041 3378 adversus
1056 3317 1108 3378 lro·

140 3410 217 3463 stem
233 3402 361 3478 ducere,
391 3420 429 3463 an
452 3412 553 3464 castra
568 3403 748 3476 defendere,
771 3419 810 3462 an
826 3404 898 3477 luga
913 3404 1043 3462 salutem
1059 3417 1108 3477 pe·

142 3494 203 3545 tere
219 3495 398 3560 praestaret.
429 3488 563 3562 Quorum
583 3489 673 3546 timor
694 3502 763 3546 cum
778 3487 898 3546 fremitu
912 3492 942 3546 et
958 3488 1110 3547 concursu

139 3568 377 3647 significaretur,
399 3573 512 3632 milites
529 3572 626 3633 nostri
640 3569 760 3646 pristini
776 3571 835 3629 diei
851 3570 983 3644 perfidia
997 3569 1108 3630 incitati

139 3652 171 3712 in
188 3661 289 3714 castra
302 3657 491 3731 inruperunt.
514 3657 579 3731 Quo
596 3658 664 3716 loco
681 3654 733 3729 qui
748 3654 885 3714 celeriter
900 3669 985 3713 arma
1000 3666 1111 3730 capere

138 3743 319 3813 potuerunt,
345 3742 504 3816 paulisper
518 3740 632 3802 nostris
647 3739 825 3799 restiterunt
840 3745 934 3813 atque
949 3738 1029 3798 inter
1044 3752 1109 3798 car·

137 3836 192 3882 ros
213 3821 491 3902 impedimentaque
510 3825 659 3902 proelium
683 3820 915 3884 commiserunta
941 3827 971 3882 at
992 3820 1112 3898 reliqua
