2272 4176
481 197 596 258 LIBER
617 198 668 259 VI.
1000 186 1063 261 107

83 360 162 416 runt.
199 354 276 415 Cum
301 352 349 415 lris
374 351 541 429 propinqui
565 351 775 426 Indutiomari,
804 352 855 428 qui
881 355 1062 419 delectionis

84 445 228 502 auctores
250 441 385 514 luerent,
415 438 548 499 comitati
570 454 625 499 eos
647 453 686 497 ex
708 438 828 498 civitate
850 448 1061 503 excesserunt.

84 526 281 602 cingetorigi,
295 540 389 600 quem
403 524 441 584 ab
457 523 541 583 initio
557 523 767 599 permansisse
778 524 808 583 in
821 525 923 586 oliicio
936 527 1061 590 demon-

85 612 259 685 stravimus,
276 610 466 685 principatus
481 617 572 683 atque
588 609 747 683 imperium
763 615 810 668 est
825 612 976 673 traditum.

166 696 218 755 IX.
243 696 356 756 Caesar
377 703 544 770 postquam
566 709 605 754 ex
625 692 776 768 Menapiis
798 695 828 752 in
842 696 993 758 Treveros
1011 715 1060 759 ve·

88 783 142 856 nit,
168 781 290 842 duabus
310 780 349 840 de
370 780 472 840 causis
487 779 625 839 Rhenum
641 779 772 839 transire
787 782 959 851 constituit;
986 800 1060 857 qua·

88 860 150 927 rum
163 867 320 939 una'erat,
348 867 432 940 quod
453 865 566 924 auxilia
581 871 687 925 contra
701 879 736 924 se
749 865 889 924 Treveris
905 866 1059 943 miserant,

91 955 194 1027 altera,
216 967 256 1011 ne
277 951 317 1009 ad
331 965 386 1010 eos
401 950 562 1010 Ambiorix
576 956 734 1025 receptum
749 949 885 1010 haberet.
915 951 970 1010 His
987 968 1059 1013 con-

93 1037 195 1097 stitutis
211 1036 305 1095 rebus
321 1037 446 1110 paulum
461 1051 556 1110 supra
571 1050 640 1094 eum
655 1037 771 1108 locum,
799 1052 859 1110 quo
882 1042 951 1095 ante
972 1053 1060 1098 exer·

94 1124 175 1182 citum
190 1121 377 1195 traduxerat,
394 1122 496 1180 lacere
511 1127 635 1196 pontem
650 1120 785 1180 instituit.
815 1120 894 1181 Nota
908 1127 1001 1196 atque
1015 1124 1059 1183 in·

95 1209 187 1267 stituta
206 1207 325 1266 ratione
345 1221 455 1280 magno
472 1206 596 1265 militum
612 1206 712 1266 studio
730 1206 837 1280 paucis
854 1206 962 1267 diebus
979 1225 1058 1284 opus

96 1292 223 1352 elicitur.
253 1291 354 1351 Firmo
377 1291 406 1350 in
422 1291 561 1350 Treveris
577 1292 615 1350 ad
631 1298 756 1366 pontem
771 1292 927 1366 praesidio
942 1295 1058 1369 relicto,

96 1393 126 1436 ne
146 1378 212 1452 quis
236 1377 273 1436 ab
296 1376 344 1436 his
366 1370 466 1437 subito
488 1382 590 1436 motus
612 1383 764 1451 oreretur,
790 1376 926 1452 reliquas
952 1380 1058 1453 copias

97 1464 312 1538 equitatumque
326 1461 465 1521 traducit.
495 1461 578 1535 Ubii,
607 1461 657 1536 qui
679 1468 748 1521 ente
770 1461 895 1521 obsides
912 1463 1060 1525 dederant

99 1555 175 1623 atque
188 1548 218 1606 in
236 1545 422 1607 deditionem
436 1552 592 1621 venerant,
608 1546 760 1622 purgandi
773 1548 820 1606 sui
833 1561 928 1607 causa
939 1548 978 1607 ad
989 1565 1056 1611 eum

100 1633 199 1707 legatos
215 1633 343 1705 mittunt,
360 1632 413 1707 qui
428 1632 560 1691 doceant
574 1647 675 1707 neque
690 1632 803 1692 auxilia
814 1648 853 1690 ex
865 1648 922 1692 sua
939 1633 1059 1694 civitate

99 1716 121 1775 in
128 1719 272 1778 Treveros
284 1717 380 1776 missa
391 1732 493 1791 neque
505 1717 542 1776 ab
556 1717 830 1776 seiidemlaesam=
843 1725 953 1791 petunt
965 1727 1058 1795 atque

100 1810 183 1878 orant,
200 1810 233 1863 ut
247 1802 307 1863 sibi
322 1809 444 1876 parcat,
465 1817 505 1860 ne
520 1801 672 1861 communi
689 1802 759 1862 odio
778 1801 998 1862 Germanorum
1011 1805 1056 1864 in·

99 1895 228 1948 nocentes
244 1903 301 1963 pro
317 1886 499 1948 nocentibus
515 1903 632 1962 poenas
649 1887 800 1962 pendant3
817 1886 843 1946 si
859 1889 989 1962 amplius
1003 1890 1054 1950 ob·

100 1973 181 2033 sidum
194 1975 302 2045 vellet,
319 1973 393 2031 dare
407 1973 599 2047 pollicentur.
632 1971 758 2046 Cognita
773 1971 887 2031 Caesar
902 1989 996 2033 causa
1009 1991 1053 2035 re·

100 2059 162 2130 perit
175 2059 212 2117 ab
225 2057 336 2117 Suavis
353 2058 466 2116 auxilia
480 2057 576 2117 missa
591 2073 678 2127 esse;
704 2056 852 2117 Ubiorum
874 2059 1053 2121 satisfactio

100 2156 153 2200 nem
166 2143 283 2218 accipit,
297 2142 397 2201 aditus
412 2143 542 2217 viasque
557 2143 587 2202 in
603 2142 723 2204 Suevos
739 2144 896 2218 perquirit.

165 2228 198 2286 X.
221 2227 343 2286 Interim
364 2227 471 2302 paucis
494 2234 566 2301 post
592 2228 700 2288 dicbus
727 2228 760 2287 fit
778 2228 816 2287 ab
838 2229 924 2289 Ubiis
947 2233 1056 2292 certior

98 2310 201 2372 Suevos
218 2327 325 2373 omnes
341 2312 370 2370 in
386 2328 478 2370 unum
494 2314 593 2371 locum
608 2315 714 2388 copias
728 2329 840 2388 cogere
853 2322 944 2391 atque
956 2316 991 2376 iis
1004 2334 1056 2376 nu-

96 2395 212 2457 tionibus
220 2443 229 2474 ,
257 2413 337 2471 quac
358 2397 415 2456 sub
437 2412 542 2457 eorum
558 2399 618 2457 sint
631 2400 775 2474 imperio,
803 2400 998 2475 denuntiare,
1024 2409 1057 2461 ut

95 2483 193 2541 auxilia
207 2482 363 2558 peditatus
383 2482 595 2558 equitatusque
616 2484 742 2544 mittunt.
780 2484 835 2542 His
859 2486 987 2558 cognitis
1008 2501 1055 2545 re-

94 2565 140 2626 bus
154 2584 215 2626 rem
233 2567 460 2626 frumentariam
475 2569 631 2642 providet,
659 2570 768 2629 castris
790 2570 933 2628 idoneum
955 2571 1054 2630 locum

92 2651 197 2727 deligit3
212 2652 301 2713 Ubiis
317 2652 461 2727 imperat,
477 2659 509 2712 ut
524 2670 637 2728 pecora
653 2654 806 2713 deducunt
821 2670 941 2728 suoque
956 2656 1056 2714 onmia

91 2751 121 2796 cx
135 2739 214 2812 agris
227 2737 258 2796 in
274 2737 390 2813 oppida
403 2739 569 2813 conterant,
586 2754 715 2813 sperans
731 2739 879 2797 barbaros
895 2747 987 2813 atque
1002 2740 1041 2797 im

89 2825 193 2896 peritos
216 2822 358 2882 homines
380 2823 484 2897 inopia
500 2825 683 2883 cibariorum
698 2824 849 2883 adductos
866 2824 905 2882 ad
920 2824 1055 2897 iniquam

87 2907 234 2983 pugnandi
251 2907 463 2967 condicionem
479 2924 574 2982 posse
590 2909 713 2980 deduci,
730 2910 866 2982 mandat,
882 2914 915 2967 ut
930 2909 1054 2968 crebros

86 2997 291 3069 exploratores
308 2993 337 3050 in
354 2992 473 3053 Sueuos
490 2994 606 3052 mittant
622 3009 763 3068 quaeque
778 2994 861 3067 apud
877 3008 931 3051 eos
946 3008 1053 3066 geran-

83 3084 126 3139 tur
140 3082 340 3153 cognoscant.
364 3078 407 3138 illi
423 3079 572 3153 imperata
586 3079 700 3136 faciunt
715 3086 745 3138 et
760 3078 867 3153 paucis
885 3076 994 3135 dicbus
1010 3078 1054 3136 in-

82 3164 226 3225 termissis
241 3164 392 3222 referunt:
423 3162 543 3223 Suevos
560 3179 675 3237 omnes,
692 3172 893 3237 posteaquam
908 3163 1055 3224 certiores

81 3252 171 3310 nuntii
193 3252 233 3309 de
255 3249 393 3308 exercitu
412 3249 618 3308 Romanorum
643 3248 796 3322 venerint,
823 3262 892 3306 cum
914 3248 1053 3308 omnibus
1118 3298 1122 3311 .

81 3337 141 3395 suis
156 3334 378 3410 sociorumque
393 3334 500 3408 copiis,
518 3350 595 3408 quas
611 3333 794 3407 coegissent,
813 3334 933 3408 penitus
949 3332 989 3391 ad
1002 3348 1053 3392 ex-

80 3428 190 3481 tremos
206 3420 285 3480 fines
302 3434 338 3478 se
352 3420 526 3493 recepisse:
543 3420 650 3478 silvam
669 3434 740 3478 esse
754 3419 797 3480 ibi
812 3418 1059 3492 infinitomauni-

81 3506 193 3576 tudine,
223 3518 303 3579 quae
323 3506 496 3579 appellatur
514 3507 669 3583 Bacenis3
694 3506 783 3573 hanc
797 3511 898 3589 lonae
914 3505 1048 3567 intumo*

46 3769 93 3816 dam
