2302 4192
228 137 272 178 nn
291 136 395 178 annno
418 136 619 181 menbranae
643 137 670 181 c.
693 130 735 184 66.
755 129 799 185 67.
823 130 869 186 68.
1002 119 1045 183 79

55 285 116 354 let,
145 291 174 345 et
196 302 332 345 maxume
354 285 561 355 Numidarum,
588 288 704 363 ingenio
731 287 847 356 mobili,
873 287 1042 349 seditiosum

56 376 149 447 atque
169 367 382 430 discordiosum
402 376 473 439 erat,
496 369 633 449 cupidum
652 388 795 431 novarum
815 389 930 441 reram,
953 372 1043 452 quieti

57 460 89 514 ct
111 453 170 513 otio
193 453 359 512 advorsum.
397 453 470 513 Dein
485 456 642 532 conpositis
659 455 735 516 inter
752 472 784 515 se
804 454 896 515 rebus
914 455 944 514 in
965 456 1042 515 diem

55 537 180 596 tertium
199 537 386 606 constituunt,
410 536 488 617 qnod
510 539 534 597 is
549 537 639 598 festus
660 537 882 618 celebratusque
903 554 958 615 per
979 556 1042 598 om-

30 638 129 683 snem
147 620 277 680 Africam
298 619 400 680 ludum
423 627 451 681 et
471 621 617 681 lasciviam
636 623 728 700 magis
753 641 841 701 mam
856 621 1041 682 formidinem

57 703 234 765 ostentabat.
278 704 328 765 Set
349 704 400 764 ubi
422 711 538 782 tempus
561 704 623 773 fuit,
646 707 830 766 centuriones
846 705 1067 784 tribunosquea

55 786 192 848 militaris
214 794 244 848 et
262 788 357 866 ipsum
379 788 560 865 praefectum
583 789 696 867 oppidi,
726 789 760 850 Τ.
782 789 945 869 Turpilium
968 790 1041 850 sita-

56 889 141 941 rum,
164 870 238 932 alius
259 871 348 931 alium
370 872 473 932 domos
494 889 562 931 suas
583 872 712 942 invitant,
734 891 784 933 eos
804 875 897 934 omnis
923 880 1041 952 praeter

56 954 223 1033 Turpilium
242 956 318 1015 inter
340 953 441 1034 epulas
463 956 656 1016 obtruncant:
672 964 774 1034 postea
787 958 892 1018 milites
906 958 1039 1035 palantis,

10 1058 47 1101 ¹‘ao
58 1041 198 1108 inermos,
220 1040 328 1117 quippe
343 1040 373 1098 in
387 1037 437 1099 tali
454 1039 518 1108 die,
541 1057 576 1099 ac
594 1040 656 1099 sine
670 1041 798 1117 inperio,
819 1041 1039 1117 adgrediuntur.

57 1123 142 1184 ldem
167 1121 269 1200 plebes
296 1122 381 1191 facit,
409 1139 479 1200 pars
501 1123 597 1182 edocti
623 1123 659 1184 ab
680 1123 846 1193 nobilitate,
875 1123 923 1184 alii
945 1126 1068 1186 studioa

57 1205 161 1266 talium
180 1222 283 1266 rerum
302 1207 426 1275 incitati,
450 1207 514 1285 quis
530 1213 592 1266 acta
609 1207 819 1286 consiliumque
837 1209 1040 1285 ignorantibus

58 1287 201 1350 tumultus
219 1290 282 1367 ipse
304 1295 333 1351 et
354 1307 402 1350 res
425 1308 517 1350 novae
538 1291 606 1349 satis
625 1290 788 1369 placebant.
820 1290 944 1352 Romani
966 1293 1039 1353 mili·
1050 1290 1091 1351 67

59 1379 118 1444 tes,
144 1374 292 1451 inproviso
306 1379 386 1434 metu
405 1374 509 1434 incerti
528 1375 679 1451 ignarique
702 1376 771 1453 quid
790 1377 982 1451 potissumum
998 1377 1012 1434 f
1028 1409 1040 1422 ·

22 1463 178 1525 nocerent,
200 1456 363 1535 trepidare:
386 1456 453 1538 [ad]
475 1474 573 1517 arcem
596 1458 708 1533 oppidi,
735 1457 785 1518 nbi
806 1460 889 1534 signa
909 1466 938 1519 et
958 1467 1040 1520 scuta

58 1547 153 1609 erant,
165 1538 203 1621 [³⁶
217 1539 383 1621 obsidebat]
395 1540 572 1618 praesidium
584 1539 720 1609 hostium,
733 1546 835 1618 portae
846 1548 913 1602 aute
925 1542 1042 1604 clausae

56 1624 128 1701 fuga
140 1623 350 1702 prohibebant:
368 1626 404 1684 ad
420 1625 477 1685 hoc
490 1622 629 1684 mulieres
638 1626 781 1704 puerique
796 1641 852 1701 pro
867 1625 950 1686 tectis
961 1628 1040 1686 aedi·

56 1709 193 1768 liciorum
208 1725 276 1769 saxa
291 1714 321 1770 et
339 1707 403 1779 alia,
422 1726 497 1787 quae
519 1707 602 1767 locus
622 1708 798 1784 praebebat,
821 1709 952 1769 certatim
973 1711 1039 1768 mit·

55 1797 130 1854 tere.
173 1790 215 1850 lta
237 1810 333 1871 neque
356 1793 451 1859 caveri
467 1808 574 1868 anceps
589 1790 707 1861 malum,
722 1810 818 1872 neque
833 1810 848 1851 a
865 1792 1065 1856 fortissumis2

23 1876 267 1937 aoinllrmissumo
281 1876 384 1952 generi
397 1876 492 1936 resisti
506 1891 608 1951 posse:
624 1876 703 1936 iuxta
718 1875 788 1935 boni
802 1875 943 1954 malique,
964 1882 1038 1936 stre-

55 1960 109 2020 nui
125 1964 154 2020 et
168 1958 291 2021 inbelles
306 1959 389 2020 inulti
403 1959 582 2019 obtruncari.
614 1959 646 2018 ln
662 1977 695 2019 ea
710 1965 790 2019 tanta
805 1960 960 2037 asperitate
975 1973 1063 2024 sae-3

54 2043 193 2103 vissumis
209 2042 342 2103 Numidis
356 2049 385 2104 et
401 2043 508 2123 oppido
522 2042 652 2121 undique
668 2042 766 2103 clauso
783 2042 932 2122 Turpilius
952 2060 1038 2120 prae·

55 2128 153 2188 fectus
171 2144 248 2187 unus
269 2144 305 2188 ex
323 2127 460 2187 omnibus
478 2126 583 2185 ltalicis
606 2129 731 2186 intactus
752 2127 891 2205 profugit.
933 2126 967 2186 ld
984 2129 1038 2187 mi-

56 2210 258 2272 sericordiane
268 2209 390 2288 hospitis
401 2216 451 2270 aut
464 2210 598 2287 pactione
610 2226 646 2270 an
659 2227 727 2271 casu
740 2211 779 2270 ita
790 2211 918 2271 evenerit
933 2227 1039 2288 parum

14 2312 44 2355 κ
57 2295 262 2372 conperimus,
279 2294 348 2362 nisi,
362 2296 428 2372 quia
444 2293 484 2354 illi
501 2295 626 2353 intanto
644 2292 721 2352 malo
741 2296 834 2371 turpis
853 2295 910 2354 vita
924 2295 1038 2371 integra

54 2378 136 2438 fama
151 2378 246 2455 potior
266 2377 329 2446 fuit,
347 2376 490 2455 inprobus
510 2376 738 2456 intestabilisque
759 2379 883 2438 videtur.

141 2463 287 2533 Metellus,
310 2471 465 2543 postquam
494 2465 642 2527 derebus
665 2464 777 2525 Vaccae
800 2469 870 2527 actis
894 2469 1037 2544 conperit,
1050 2472 1090 2536 68

49 2546 204 2628 paulisper
226 2554 355 2609 maestus
378 2567 413 2608 ex
436 2555 594 2626 conspectu
617 2549 692 2609 abit:
719 2547 840 2618 deinde,
862 2550 913 2610 ubi
941 2552 986 2610 ira
1010 2560 1039 2611 et

51 2632 211 2709 aegritudo
227 2633 369 2710 permixta
386 2639 466 2702 sunt,
491 2651 558 2693 cum
574 2650 709 2693 maxuma
727 2649 796 2693 cura
812 2633 906 2694 ultum
930 2634 973 2694 iro
993 2637 1038 2694 in-

15 2716 150 2777 aoiurias
166 2716 289 2776 festinat.
317 2716 485 2794 Legionem,
503 2735 569 2777 cum
586 2735 643 2796 qua
658 2716 814 2786 hiemabat,
833 2723 861 2777 et
872 2735 960 2796 quam
974 2718 1068 2797 plu-2

54 2816 160 2860 numos
188 2805 285 2878 potest
306 2798 447 2861 Numidas
470 2803 583 2878 equites
614 2801 724 2879 pariter
748 2819 815 2861 cum
838 2819 944 2861 occasu
971 2801 1040 2861 solis
1105 2802 1110 2809 “

56 2883 208 2963 expeditos
225 2885 322 2944 educit
337 2889 366 2944 et
380 2893 498 2961 postero
515 2884 561 2946 die
576 2887 694 2945 circiter
715 2885 819 2945 boram
833 2886 949 2945 tertiam
972 2902 1040 2961 per·

53 2968 184 3027 venitin
207 2968 354 3044 quandam
375 2967 541 3045 planitiem,
564 2968 637 3028 locis
659 2969 746 3046 paulo
766 2968 968 3046 superioribus
984 2970 1027 3027 cir

54 3058 249 3112 cumventam.
293 3052 336 3112 lbi
352 3051 458 3115 milites
481 3053 573 3113 fessos
587 3054 699 3114 itineris
714 3053 912 3132 magnitudine
934 3059 962 3112 et
984 3054 1070 3111 iam3

14 3152 45 3195 as
56 3133 213 3196 abnuentis
229 3138 325 3196 omnia
342 3136 441 3206 docet,
457 3137 597 3215 oppidum
607 3136 730 3198 Vaccam
746 3154 806 3196 non
821 3135 946 3214 amplius
961 3135 1040 3195 mille

55 3234 197 3297 passuum
211 3219 329 3282 abesse:
346 3221 452 3284 decere
467 3220 533 3283 illos
548 3221 670 3283 relicum
686 3219 818 3280 laborem
836 3238 929 3299 aequo
940 3220 1039 3280 animo

54 3304 131 3381 pati,
148 3303 216 3364 dum
233 3321 288 3381 pro
304 3304 415 3366 civibus
430 3307 504 3376 suis,
520 3307 590 3365 viris
605 3304 781 3365 fortissumis
796 3311 882 3381 atque
896 3306 1038 3365 miserru-

55 3386 128 3457 mis,
144 3403 255 3465 poenas
270 3397 422 3468 caperent:
445 3395 600 3469 praeterea
613 3389 759 3469 praedam
769 3387 903 3466 benigne
915 3396 1051 3447 ostentet
