<?xml version="1.0" encoding="UTF-8"?>
<!DOCTYPE html PUBLIC "-//W3C//DTD XHTML 1.0 Transitional//EN"
    "http://www.w3.org/TR/xhtml1/DTD/xhtml1-transitional.dtd">
<html xmlns="http://www.w3.org/1999/xhtml" xml:lang="en" lang="en">
 <head>
  <title>
</title>
<meta http-equiv="Content-Type" content="text/html;charset=utf-8" />
  <meta name='ocr-system' content='tesseract 3.04.00' />
  <meta name='ocr-capabilities' content='ocr_page ocr_carea ocr_par ocr_line ocrx_word'/>
</head>
<body>
  <div class='ocr_page' id='page_1' title='image "./commentarii00caesgoog_0349.png"; bbox 0 0 2272 4176; ppageno 0'>
   <div class='ocr_carea' id='block_1_1' title="bbox 123 531 863 597">
    <p class='ocr_par' dir='ltr' id='par_1_1' title="bbox 123 531 863 597">
     <span class='ocr_line' id='line_1_1' title="bbox 123 531 863 597; baseline 0 -3"><span class='ocrx_word' id='word_1_1' title='bbox 123 531 186 595; x_wconf 77' lang='lat'><strong>336</strong></span> <span class='ocrx_word' id='word_1_2' title='bbox 359 531 519 595; x_wconf 79' lang='lat' dir='ltr'><strong>BELLUM</strong></span> <span class='ocrx_word' id='word_1_3' title='bbox 539 532 863 597; x_wconf 81' lang='lat' dir='ltr'><strong>ALEXANDRINUM.</strong></span> 
     </span>
    </p>
   </div>
   <div class='ocr_carea' id='block_1_2' title="bbox 79 686 1095 2453">
    <p class='ocr_par' dir='ltr' id='par_1_2' title="bbox 123 686 1095 1526">
     <span class='ocr_line' id='line_1_2' title="bbox 123 686 1094 766; baseline 0.006 -19"><span class='ocrx_word' id='word_1_4' title='bbox 123 687 183 764; x_wconf 91' lang='lat' dir='ltr'><strong>piis</strong></span> <span class='ocrx_word' id='word_1_5' title='bbox 200 686 333 748; x_wconf 85' lang='lat' dir='ltr'><strong>hostium</strong></span> <span class='ocrx_word' id='word_1_6' title='bbox 356 687 544 748; x_wconf 89' lang='lat' dir='ltr'><strong>circumdata</strong></span> <span class='ocrx_word' id='word_1_7' title='bbox 563 688 817 762; x_wconf 89' lang='lat' dir='ltr'><strong>praesentissimo</strong></span> <span class='ocrx_word' id='word_1_8' title='bbox 839 686 939 749; x_wconf 87' lang='lat' dir='ltr'><strong>animo</strong></span> <span class='ocrx_word' id='word_1_9' title='bbox 955 702 1094 766; x_wconf 80' lang='lat' dir='ltr'><strong>pugnans</strong></span> 
     </span>
     <span class='ocr_line' id='line_1_3' title="bbox 123 772 1094 849; baseline 0.004 -16"><span class='ocrx_word' id='word_1_10' title='bbox 123 773 154 833; x_wconf 94' lang='lat' dir='ltr'><strong>in</strong></span> <span class='ocrx_word' id='word_1_11' title='bbox 170 773 275 833; x_wconf 90' lang='lat' dir='ltr'><strong>orbern</strong></span> <span class='ocrx_word' id='word_1_12' title='bbox 290 787 325 832; x_wconf 91' lang='lat' dir='ltr'><strong>se</strong></span> <span class='ocrx_word' id='word_1_13' title='bbox 339 772 458 846; x_wconf 91' lang='lat' dir='ltr'><strong>recepit</strong></span> <span class='ocrx_word' id='word_1_14' title='bbox 471 773 509 831; x_wconf 92' lang='lat' dir='ltr'><strong>ad</strong></span> <span class='ocrx_word' id='word_1_15' title='bbox 525 772 646 833; x_wconf 82' lang='lat' dir='ltr'><strong>radices</strong></span> <span class='ocrx_word' id='word_1_16' title='bbox 662 773 825 843; x_wconf 86' lang='lat' dir='ltr'><strong>montium;</strong></span> <span class='ocrx_word' id='word_1_17' title='bbox 848 790 911 849; x_wconf 93' lang='lat' dir='ltr'><strong>quo</strong></span> <span class='ocrx_word' id='word_1_18' title='bbox 925 773 1094 837; x_wconf 88' lang='lat' dir='ltr'><strong>Pharnaces</strong></span> 
     </span>
     <span class='ocr_line' id='line_1_4' title="bbox 123 856 1095 935; baseline 0.005 -19"><span class='ocrx_word' id='word_1_19' title='bbox 123 857 245 933; x_wconf 85' lang='lat' dir='ltr'>insequi</span> <span class='ocrx_word' id='word_1_20' title='bbox 261 863 386 932; x_wconf 90' lang='lat' dir='ltr'><strong>propter</strong></span> <span class='ocrx_word' id='word_1_21' title='bbox 400 856 586 932; x_wconf 83' lang='lat' dir='ltr'><strong>iniquitatem</strong></span> <span class='ocrx_word' id='word_1_22' title='bbox 598 857 658 916; x_wconf 90' lang='lat' dir='ltr'><strong>loci</strong></span> <span class='ocrx_word' id='word_1_23' title='bbox 668 858 772 919; x_wconf 92' lang='lat' dir='ltr'><strong>noluit.</strong></span> <span class='ocrx_word' id='word_1_24' title='bbox 787 856 972 919; x_wconf 88' lang='lat' dir='ltr'><strong>ltaPontica</strong></span> <span class='ocrx_word' id='word_1_25' title='bbox 982 861 1095 935; x_wconf 78' lang='lat' dir='ltr'>legione</span> 
     </span>
     <span class='ocr_line' id='line_1_5' title="bbox 124 940 1094 1018; baseline 0.004 -17"><span class='ocrx_word' id='word_1_26' title='bbox 124 958 223 1018; x_wconf 88' lang='lat' dir='ltr'><strong>paene</strong></span> <span class='ocrx_word' id='word_1_27' title='bbox 242 948 306 1001; x_wconf 88' lang='lat' dir='ltr'><strong>tota</strong></span> <span class='ocrx_word' id='word_1_28' title='bbox 327 940 456 1014; x_wconf 89' lang='lat' dir='ltr'><strong>amissa,</strong></span> <span class='ocrx_word' id='word_1_29' title='bbox 482 956 593 1015; x_wconf 86' lang='lat' dir='ltr'><strong>magna</strong></span> <span class='ocrx_word' id='word_1_30' title='bbox 613 949 700 1015; x_wconf 89' lang='lat' dir='ltr'><strong>parte</strong></span> <span class='ocrx_word' id='word_1_31' title='bbox 714 941 849 1002; x_wconf 80' lang='lat' dir='ltr'><strong>Deiotari</strong></span> <span class='ocrx_word' id='word_1_32' title='bbox 869 943 998 1003; x_wconf 91' lang='lat' dir='ltr'><strong>militum</strong></span> <span class='ocrx_word' id='word_1_33' title='bbox 1012 944 1094 1005; x_wconf 92' lang='lat' dir='ltr'><strong>inter-</strong></span> 
     </span>
     <span class='ocr_line' id='line_1_6' title="bbox 124 1025 1095 1102; baseline 0.002 -15"><span class='ocrx_word' id='word_1_34' title='bbox 124 1029 204 1087; x_wconf 88' lang='lat' dir='ltr'><strong>fecta</strong></span> <span class='ocrx_word' id='word_1_35' title='bbox 224 1026 378 1086; x_wconf 90' lang='lat' dir='ltr'><strong>tricesima</strong></span> <span class='ocrx_word' id='word_1_36' title='bbox 399 1030 487 1084; x_wconf 88' lang='lat' dir='ltr'><strong>sexta</strong></span> <span class='ocrx_word' id='word_1_37' title='bbox 507 1025 587 1099; x_wconf 88' lang='lat' dir='ltr'><strong>legio</strong></span> <span class='ocrx_word' id='word_1_38' title='bbox 610 1026 640 1085; x_wconf 92' lang='lat' dir='ltr'><strong>in</strong></span> <span class='ocrx_word' id='word_1_39' title='bbox 662 1028 731 1086; x_wconf 89' lang='lat' dir='ltr'><strong>loca</strong></span> <span class='ocrx_word' id='word_1_40' title='bbox 745 1042 780 1087; x_wconf 91' lang='lat' dir='ltr'><strong>se</strong></span> <span class='ocrx_word' id='word_1_41' title='bbox 798 1028 964 1102; x_wconf 84' lang='lat' dir='ltr'><strong>superiora</strong></span> <span class='ocrx_word' id='word_1_42' title='bbox 978 1031 1095 1089; x_wconf 77' lang='lat' dir='ltr'><strong>contidit</strong></span> 
     </span>
     <span class='ocr_line' id='line_1_7' title="bbox 124 1110 1094 1186; baseline 0.002 -14"><span class='ocrx_word' id='word_1_43' title='bbox 124 1129 185 1172; x_wconf 88' lang='lat' dir='ltr'><strong>non</strong></span> <span class='ocrx_word' id='word_1_44' title='bbox 202 1111 332 1185; x_wconf 89' lang='lat' dir='ltr'><strong>amplius</strong></span> <span class='ocrx_word' id='word_1_45' title='bbox 348 1110 486 1170; x_wconf 89' lang='lat' dir='ltr'><strong>ducentis</strong></span> <span class='ocrx_word' id='word_1_46' title='bbox 509 1115 538 1168; x_wconf 91' lang='lat' dir='ltr'><strong>et</strong></span> <span class='ocrx_word' id='word_1_47' title='bbox 560 1110 779 1186; x_wconf 84' lang='lat' dir='ltr'><strong>quinquaginta</strong></span> <span class='ocrx_word' id='word_1_48' title='bbox 794 1112 990 1173; x_wconf 87' lang='lat' dir='ltr'><strong>desideratis.</strong></span> <span class='ocrx_word' id='word_1_49' title='bbox 1020 1114 1094 1174; x_wconf 83' lang='lat' dir='ltr'><strong>Ceci-</strong></span> 
     </span>
     <span class='ocr_line' id='line_1_8' title="bbox 125 1194 1094 1271; baseline 0.002 -15"><span class='ocrx_word' id='word_1_50' title='bbox 125 1198 235 1257; x_wconf 90' lang='lat' dir='ltr'><strong>derunt</strong></span> <span class='ocrx_word' id='word_1_51' title='bbox 248 1211 285 1254; x_wconf 90' lang='lat' dir='ltr'><strong>eo</strong></span> <span class='ocrx_word' id='word_1_52' title='bbox 301 1195 419 1270; x_wconf 92' lang='lat' dir='ltr'><strong>proelio</strong></span> <span class='ocrx_word' id='word_1_53' title='bbox 436 1194 590 1268; x_wconf 82' lang='lat' dir='ltr'><strong>splendidi</strong></span> <span class='ocrx_word' id='word_1_54' title='bbox 605 1202 698 1270; x_wconf 88' lang='lat' dir='ltr'><strong>atque</strong></span> <span class='ocrx_word' id='word_1_55' title='bbox 712 1197 857 1256; x_wconf 88' lang='lat' dir='ltr'><strong>inlustres</strong></span> <span class='ocrx_word' id='word_1_56' title='bbox 879 1197 937 1257; x_wconf 91' lang='lat' dir='ltr'><strong>viri</strong></span> <span class='ocrx_word' id='word_1_57' title='bbox 959 1199 1094 1271; x_wconf 82' lang='lat' dir='ltr'><strong>nonnulli,</strong></span> 
     </span>
     <span class='ocr_line' id='line_1_9' title="bbox 126 1278 1094 1357; baseline 0.003 -17"><span class='ocrx_word' id='word_1_58' title='bbox 126 1282 244 1357; x_wconf 89' lang='lat' dir='ltr'><strong>equites</strong></span> <span class='ocrx_word' id='word_1_59' title='bbox 258 1279 397 1340; x_wconf 85' lang='lat' dir='ltr'><strong>Romani.</strong></span> <span class='ocrx_word' id='word_1_60' title='bbox 414 1278 479 1351; x_wconf 85' lang='lat' dir='ltr'><strong>Quo</strong></span> <span class='ocrx_word' id='word_1_61' title='bbox 491 1284 591 1336; x_wconf 87' lang='lat' dir='ltr'><strong>tamen</strong></span> <span class='ocrx_word' id='word_1_62' title='bbox 606 1278 800 1341; x_wconf 89' lang='lat' dir='ltr'><strong>incommodo</strong></span> <span class='ocrx_word' id='word_1_63' title='bbox 808 1280 960 1343; x_wconf 90' lang='lat' dir='ltr'><strong>Domitius</strong></span> <span class='ocrx_word' id='word_1_64' title='bbox 976 1290 1094 1357; x_wconf 88' lang='lat' dir='ltr'><strong>accepto</strong></span> 
     </span>
     <span class='ocr_line' id='line_1_10' title="bbox 124 1362 1094 1442; baseline 0.002 -17"><span class='ocrx_word' id='word_1_65' title='bbox 124 1365 269 1442; x_wconf 88' lang='lat' dir='ltr'><strong>reliquias</strong></span> <span class='ocrx_word' id='word_1_66' title='bbox 292 1364 444 1423; x_wconf 84' lang='lat' dir='ltr'><strong>exercitus</strong></span> <span class='ocrx_word' id='word_1_67' title='bbox 467 1362 608 1437; x_wconf 82' lang='lat' dir='ltr'><strong>d1ssipati</strong></span> <span class='ocrx_word' id='word_1_68' title='bbox 633 1364 757 1439; x_wconf 92' lang='lat' dir='ltr'><strong>collegit</strong></span> <span class='ocrx_word' id='word_1_69' title='bbox 781 1365 1007 1442; x_wconf 81' lang='lat' dir='ltr'><strong>itineribusque</strong></span> <span class='ocrx_word' id='word_1_70' title='bbox 1031 1368 1094 1427; x_wconf 88' lang='lat' dir='ltr'><strong>tutis</strong></span> 
     </span>
     <span class='ocr_line' id='line_1_11' title="bbox 125 1447 783 1526; baseline -0.008 -16"><span class='ocrx_word' id='word_1_71' title='bbox 125 1466 182 1526; x_wconf 94' lang='lat' dir='ltr'><strong>per</strong></span> <span class='ocrx_word' id='word_1_72' title='bbox 197 1449 426 1524; x_wconf 83' lang='lat' dir='ltr'><strong>Cappadociam</strong></span> <span class='ocrx_word' id='word_1_73' title='bbox 443 1464 477 1507; x_wconf 87' lang='lat' dir='ltr'><strong>se</strong></span> <span class='ocrx_word' id='word_1_74' title='bbox 493 1447 522 1504; x_wconf 92' lang='lat' dir='ltr'><strong>in</strong></span> <span class='ocrx_word' id='word_1_75' title='bbox 536 1448 644 1507; x_wconf 90' lang='lat' dir='ltr'><strong>Asiam</strong></span> <span class='ocrx_word' id='word_1_76' title='bbox 657 1450 783 1523; x_wconf 91' lang='lat' dir='ltr'><strong>recepit.</strong></span> 
     </span>
    </p>

    <p class='ocr_par' dir='ltr' id='par_1_3' title="bbox 79 1532 1094 2284">
     <span class='ocr_line' id='line_1_12' title="bbox 208 1532 1094 1597; baseline 0.005 -4"><span class='ocrx_word' id='word_1_77' title='bbox 208 1533 281 1593; x_wconf 87' lang='lat' dir='ltr'>XLI.</span> <span class='ocrx_word' id='word_1_78' title='bbox 303 1533 475 1592; x_wconf 86' lang='lat' dir='ltr'><strong>Pharnaces</strong></span> <span class='ocrx_word' id='word_1_79' title='bbox 496 1532 589 1591; x_wconf 92' lang='lat' dir='ltr'><strong>rebus</strong></span> <span class='ocrx_word' id='word_1_80' title='bbox 611 1534 755 1593; x_wconf 89' lang='lat' dir='ltr'><strong>secundis</strong></span> <span class='ocrx_word' id='word_1_81' title='bbox 777 1533 874 1593; x_wconf 88' lang='lat' dir='ltr'><strong>elatus</strong></span> <span class='ocrx_word' id='word_1_82' title='bbox 891 1550 963 1595; x_wconf 92' lang='lat' dir='ltr'><strong>cum</strong></span> <span class='ocrx_word' id='word_1_83' title='bbox 978 1536 1018 1596; x_wconf 88' lang='lat' dir='ltr'><strong>de</strong></span> <span class='ocrx_word' id='word_1_84' title='bbox 1032 1536 1094 1597; x_wconf 85' lang='lat' dir='ltr'><strong>cae·</strong></span> 
     </span>
     <span class='ocr_line' id='line_1_13' title="bbox 79 1617 1094 1696; baseline 0 -17"><span class='ocrx_word' id='word_1_85' title='bbox 79 1681 81 1686; x_wconf 78' lang='grc'>,</span> <span class='ocrx_word' id='word_1_86' title='bbox 126 1634 197 1680; x_wconf 92' lang='lat' dir='ltr'><strong>sare</strong></span> <span class='ocrx_word' id='word_1_87' title='bbox 217 1635 254 1676; x_wconf 89' lang='lat' dir='ltr'><strong>ea</strong></span> <span class='ocrx_word' id='word_1_88' title='bbox 276 1633 355 1693; x_wconf 87' lang='lat' dir='ltr'><strong>quae</strong></span> <span class='ocrx_word' id='word_1_89' title='bbox 377 1617 503 1691; x_wconf 87' lang='lat' dir='ltr'><strong>optabat</strong></span> <span class='ocrx_word' id='word_1_90' title='bbox 523 1625 677 1691; x_wconf 78' lang='lat' dir='ltr'><strong>speraret,</strong></span> <span class='ocrx_word' id='word_1_91' title='bbox 702 1617 831 1678; x_wconf 89' lang='lat' dir='ltr'><strong>Pontum</strong></span> <span class='ocrx_word' id='word_1_92' title='bbox 846 1619 991 1680; x_wconf 92' lang='lat' dir='ltr'><strong>omnibus</strong></span> <span class='ocrx_word' id='word_1_93' title='bbox 1007 1621 1094 1696; x_wconf 91' lang='lat' dir='ltr'><strong>copiis</strong></span> 
     </span>
     <span class='ocr_line' id='line_1_14' title="bbox 126 1702 1094 1779; baseline -0.001 -13"><span class='ocrx_word' id='word_1_94' title='bbox 126 1703 290 1777; x_wconf 85' lang='lat' dir='ltr'><strong>occupavit</strong></span> <span class='ocrx_word' id='word_1_95' title='bbox 304 1702 407 1776; x_wconf 88' lang='lat' dir='ltr'><strong>ibique</strong></span> <span class='ocrx_word' id='word_1_96' title='bbox 422 1708 452 1760; x_wconf 93' lang='lat' dir='ltr'><strong>et</strong></span> <span class='ocrx_word' id='word_1_97' title='bbox 465 1702 563 1760; x_wconf 85' lang='lat' dir='ltr'><strong>victor</strong></span> <span class='ocrx_word' id='word_1_98' title='bbox 577 1709 607 1761; x_wconf 93' lang='lat' dir='ltr'><strong>et</strong></span> <span class='ocrx_word' id='word_1_99' title='bbox 621 1702 851 1762; x_wconf 91' lang='lat' dir='ltr'><strong>crudelissimus</strong></span> <span class='ocrx_word' id='word_1_100' title='bbox 867 1719 941 1779; x_wconf 92' lang='lat' dir='ltr'><strong>rex,</strong></span> <span class='ocrx_word' id='word_1_101' title='bbox 964 1720 1032 1765; x_wconf 91' lang='lat' dir='ltr'><strong>cum</strong></span> <span class='ocrx_word' id='word_1_102' title='bbox 1045 1704 1094 1765; x_wconf 92' lang='lat' dir='ltr'><strong>sibi</strong></span> 
     </span>
     <span class='ocr_line' id='line_1_15' title="bbox 126 1785 1093 1864; baseline 0.003 -16"><span class='ocrx_word' id='word_1_103' title='bbox 126 1791 278 1850; x_wconf 87' lang='lat' dir='ltr'><strong>fortunam</strong></span> <span class='ocrx_word' id='word_1_104' title='bbox 294 1792 451 1860; x_wconf 87' lang='lat' dir='ltr'><strong>paternam</strong></span> <span class='ocrx_word' id='word_1_105' title='bbox 467 1785 602 1844; x_wconf 81' lang='lat' dir='ltr'><strong>feliciore</strong></span> <span class='ocrx_word' id='word_1_106' title='bbox 617 1793 726 1845; x_wconf 89' lang='lat' dir='ltr'><strong>eventu</strong></span> <span class='ocrx_word' id='word_1_107' title='bbox 742 1787 920 1862; x_wconf 87' lang='lat' dir='ltr'><strong>destinaret,</strong></span> <span class='ocrx_word' id='word_1_108' title='bbox 937 1792 1032 1849; x_wconf 87' lang='lat' dir='ltr'><strong>multa</strong></span> <span class='ocrx_word' id='word_1_109' title='bbox 1048 1807 1093 1864; x_wconf 90' lang='lat' dir='ltr'><strong>op-</strong></span> 
     </span>
     <span class='ocr_line' id='line_1_16' title="bbox 126 1870 1093 1949; baseline 0.001 -17"><span class='ocrx_word' id='word_1_110' title='bbox 126 1875 200 1949; x_wconf 91' lang='lat' dir='ltr'><strong>pida</strong></span> <span class='ocrx_word' id='word_1_111' title='bbox 214 1871 416 1945; x_wconf 86' lang='lat' dir='ltr'><strong>expugnavit,</strong></span> <span class='ocrx_word' id='word_1_112' title='bbox 444 1870 525 1928; x_wconf 89' lang='lat' dir='ltr'><strong>bona</strong></span> <span class='ocrx_word' id='word_1_113' title='bbox 547 1870 657 1930; x_wconf 86' lang='lat' dir='ltr'><strong>civium</strong></span> <span class='ocrx_word' id='word_1_114' title='bbox 672 1872 878 1931; x_wconf 89' lang='lat' dir='ltr'><strong>Romanorum</strong></span> <span class='ocrx_word' id='word_1_115' title='bbox 895 1872 1093 1935; x_wconf 88' lang='lat' dir='ltr'><strong>Ponticorum·</strong></span> 
     </span>
     <span class='ocr_line' id='line_1_17' title="bbox 128 1954 1093 2033; baseline 0 -16"><span class='ocrx_word' id='word_1_116' title='bbox 128 1973 188 2033; x_wconf 89' lang='lat' dir='ltr'><strong>que</strong></span> <span class='ocrx_word' id='word_1_117' title='bbox 204 1956 340 2029; x_wconf 88' lang='lat' dir='ltr'><strong>diripuit,</strong></span> <span class='ocrx_word' id='word_1_118' title='bbox 358 1954 510 2030; x_wconf 89' lang='lat' dir='ltr'><strong>supplicia</strong></span> <span class='ocrx_word' id='word_1_119' title='bbox 526 1956 681 2014; x_wconf 88' lang='lat' dir='ltr'><strong>constituit</strong></span> <span class='ocrx_word' id='word_1_120' title='bbox 695 1956 724 2015; x_wconf 91' lang='lat' dir='ltr'><strong>in</strong></span> <span class='ocrx_word' id='word_1_121' title='bbox 740 1972 810 2030; x_wconf 91' lang='lat' dir='ltr'><strong>eos,</strong></span> <span class='ocrx_word' id='word_1_122' title='bbox 827 1957 880 2032; x_wconf 93' lang='lat' dir='ltr'><strong>qui</strong></span> <span class='ocrx_word' id='word_1_123' title='bbox 896 1958 1030 2033; x_wconf 89' lang='lat' dir='ltr'><strong>aliquam</strong></span> <span class='ocrx_word' id='word_1_124' title='bbox 1043 1960 1093 2020; x_wconf 91' lang='lat' dir='ltr'><strong>for·</strong></span> 
     </span>
     <span class='ocr_line' id='line_1_18' title="bbox 126 2040 1092 2120; baseline 0.001 -18"><span class='ocrx_word' id='word_1_125' title='bbox 126 2059 195 2102; x_wconf 90' lang='lat' dir='ltr'><strong>mae</strong></span> <span class='ocrx_word' id='word_1_126' title='bbox 210 2048 303 2114; x_wconf 90' lang='lat' dir='ltr'><strong>atque</strong></span> <span class='ocrx_word' id='word_1_127' title='bbox 317 2041 425 2100; x_wconf 85' lang='lat' dir='ltr'><strong>aetatis</strong></span> <span class='ocrx_word' id='word_1_128' title='bbox 442 2041 736 2101; x_wconf 85' lang='lat' dir='ltr'><strong>commendationem</strong></span> <span class='ocrx_word' id='word_1_129' title='bbox 751 2040 920 2114; x_wconf 89' lang='lat' dir='ltr'><strong>habebant,</strong></span> <span class='ocrx_word' id='word_1_130' title='bbox 947 2059 1000 2118; x_wconf 89' lang='lat' dir='ltr'><strong>ea,</strong></span> <span class='ocrx_word' id='word_1_131' title='bbox 1026 2058 1092 2120; x_wconf 84' lang='lat' dir='ltr'><strong>quaa</strong></span> 
     </span>
     <span class='ocr_line' id='line_1_19' title="bbox 128 2121 1090 2204; baseline 0 -16"><span class='ocrx_word' id='word_1_132' title='bbox 128 2134 223 2188; x_wconf 90' lang='lat' dir='ltr'><strong>morte</strong></span> <span class='ocrx_word' id='word_1_133' title='bbox 245 2131 350 2186; x_wconf 91' lang='lat' dir='ltr'><strong>essent</strong></span> <span class='ocrx_word' id='word_1_134' title='bbox 363 2123 531 2192; x_wconf 88' lang='lat' dir='ltr'><strong>miseriora,</strong></span> <span class='ocrx_word' id='word_1_135' title='bbox 544 2121 737 2200; x_wconf 89' lang='lat' dir='ltr'><strong>Pontumque</strong></span> <span class='ocrx_word' id='word_1_136' title='bbox 752 2126 833 2185; x_wconf 93' lang='lat' dir='ltr'><strong>nullo</strong></span> <span class='ocrx_word' id='word_1_137' title='bbox 849 2127 1036 2188; x_wconf 82' lang='lat' dir='ltr'><strong>defendente</strong></span> <span class='ocrx_word' id='word_1_138' title='bbox 1049 2144 1090 2204; x_wconf 88' lang='lat' dir='ltr'><strong>pa·</strong></span> 
     </span>
     <span class='ocr_line' id='line_1_20' title="bbox 129 2209 953 2284; baseline -0.002 -12"><span class='ocrx_word' id='word_1_139' title='bbox 129 2221 247 2272; x_wconf 88' lang='lat' dir='ltr'><strong>ternum</strong></span> <span class='ocrx_word' id='word_1_140' title='bbox 263 2226 392 2284; x_wconf 88' lang='lat' dir='ltr'><strong>regnum</strong></span> <span class='ocrx_word' id='word_1_141' title='bbox 407 2209 541 2282; x_wconf 92' lang='lat' dir='ltr'><strong>glorians</strong></span> <span class='ocrx_word' id='word_1_142' title='bbox 558 2224 592 2267; x_wconf 92' lang='lat' dir='ltr'><strong>se</strong></span> <span class='ocrx_word' id='word_1_143' title='bbox 607 2211 768 2284; x_wconf 88' lang='lat' dir='ltr'><strong>recepisse</strong></span> <span class='ocrx_word' id='word_1_144' title='bbox 784 2210 953 2271; x_wconf 86' lang='lat' dir='ltr'><strong>obtinebat.</strong></span> 
     </span>
    </p>

    <p class='ocr_par' dir='ltr' id='par_1_4' title="bbox 128 2293 1094 2453">
     <span class='ocr_line' id='line_1_21' title="bbox 212 2293 1094 2372; baseline 0.005 -19"><span class='ocrx_word' id='word_1_145' title='bbox 212 2294 299 2353; x_wconf 86' lang='lat' dir='ltr'><strong>XLll.</strong></span> <span class='ocrx_word' id='word_1_146' title='bbox 325 2293 387 2352; x_wconf 89' lang='lat' dir='ltr'><strong>Sub</strong></span> <span class='ocrx_word' id='word_1_147' title='bbox 404 2294 484 2352; x_wconf 92' lang='lat' dir='ltr'><strong>idem</strong></span> <span class='ocrx_word' id='word_1_148' title='bbox 499 2300 618 2366; x_wconf 88' lang='lat' dir='ltr'><strong>tempus</strong></span> <span class='ocrx_word' id='word_1_149' title='bbox 635 2295 664 2352; x_wconf 94' lang='lat' dir='ltr'><strong>in</strong></span> <span class='ocrx_word' id='word_1_150' title='bbox 680 2295 800 2372; x_wconf 85' lang='lat' dir='ltr'><strong>illyrico</strong></span> <span class='ocrx_word' id='word_1_151' title='bbox 816 2301 864 2354; x_wconf 92' lang='lat' dir='ltr'><strong>est</strong></span> <span class='ocrx_word' id='word_1_152' title='bbox 878 2295 1094 2357; x_wconf 86' lang='lat' dir='ltr'><strong>incommodum</strong></span> 
     </span>
     <span class='ocr_line' id='line_1_22' title="bbox 128 2378 1094 2453; baseline 0.002 -14"><span class='ocrx_word' id='word_1_153' title='bbox 128 2386 304 2453; x_wconf 87' lang='lat' dir='ltr'><strong>acceptum;</strong></span> <span class='ocrx_word' id='word_1_154' title='bbox 322 2393 400 2452; x_wconf 88' lang='lat' dir='ltr'><strong>quae</strong></span> <span class='ocrx_word' id='word_1_155' title='bbox 416 2378 573 2452; x_wconf 89' lang='lat' dir='ltr'><strong>provincia</strong></span> <span class='ocrx_word' id='word_1_156' title='bbox 588 2379 798 2452; x_wconf 89' lang='lat' dir='ltr'><strong>superioribus</strong></span> <span class='ocrx_word' id='word_1_157' title='bbox 814 2379 976 2440; x_wconf 90' lang='lat' dir='ltr'><strong>mensibus</strong></span> <span class='ocrx_word' id='word_1_158' title='bbox 991 2388 1094 2441; x_wconf 80' lang='lat' dir='ltr'><strong>retenta</strong></span> 
     </span>
    </p>
   </div>
   <div class='ocr_carea' id='block_1_3' title="bbox 13 2451 1092 2624">
    <p class='ocr_par' dir='ltr' id='par_1_5' title="bbox 13 2451 1092 2624">
     <span class='ocr_line' id='line_1_23' title="bbox 13 2451 1092 2536; baseline 0.001 -11"><span class='ocrx_word' id='word_1_159' title='bbox 13 2451 19 2531; x_wconf 83' lang='grc'><strong>’,</strong></span> <span class='ocrx_word' id='word_1_160' title='bbox 131 2479 190 2525; x_wconf 86' lang='lat' dir='ltr'><strong>non</strong></span> <span class='ocrx_word' id='word_1_161' title='bbox 211 2470 325 2522; x_wconf 88' lang='lat' dir='ltr'><strong>tantum</strong></span> <span class='ocrx_word' id='word_1_162' title='bbox 347 2463 414 2521; x_wconf 91' lang='lat' dir='ltr'><strong>sine</strong></span> <span class='ocrx_word' id='word_1_163' title='bbox 435 2462 614 2536; x_wconf 84' lang='lat' dir='ltr'><strong>ignominia,</strong></span> <span class='ocrx_word' id='word_1_164' title='bbox 642 2464 699 2522; x_wconf 92' lang='lat' dir='ltr'><strong>sed</strong></span> <span class='ocrx_word' id='word_1_165' title='bbox 721 2465 810 2522; x_wconf 90' lang='lat' dir='ltr'><strong>etiam</strong></span> <span class='ocrx_word' id='word_1_166' title='bbox 832 2479 901 2522; x_wconf 88' lang='lat' dir='ltr'><strong>curn</strong></span> <span class='ocrx_word' id='word_1_167' title='bbox 923 2466 1018 2525; x_wconf 89' lang='lat' dir='ltr'><strong>laude</strong></span> <span class='ocrx_word' id='word_1_168' title='bbox 1032 2472 1092 2525; x_wconf 85' lang='lat' dir='ltr'><strong>erat</strong></span> 
     </span>
     <span class='ocr_line' id='line_1_24' title="bbox 13 2546 1092 2624; baseline -0.001 -15"><span class='ocrx_word' id='word_1_169' title='bbox 13 2588 20 2609; x_wconf 52' lang='lat' dir='ltr'><strong>a</strong></span> <span class='ocrx_word' id='word_1_170' title='bbox 128 2549 266 2621; x_wconf 89' lang='lat' dir='ltr'><strong>Namque</strong></span> <span class='ocrx_word' id='word_1_171' title='bbox 280 2562 317 2606; x_wconf 93' lang='lat' dir='ltr'><strong>eo</strong></span> <span class='ocrx_word' id='word_1_172' title='bbox 333 2546 447 2605; x_wconf 90' lang='lat' dir='ltr'><strong>missus</strong></span> <span class='ocrx_word' id='word_1_173' title='bbox 464 2554 580 2606; x_wconf 87' lang='lat' dir='ltr'><strong>aestate</strong></span> <span class='ocrx_word' id='word_1_174' title='bbox 596 2564 664 2605; x_wconf 93' lang='lat' dir='ltr'><strong>cum</strong></span> <span class='ocrx_word' id='word_1_175' title='bbox 676 2548 794 2607; x_wconf 89' lang='lat' dir='ltr'><strong>duabus</strong></span> <span class='ocrx_word' id='word_1_176' title='bbox 806 2548 983 2621; x_wconf 82' lang='lat' dir='ltr'><strong>legionibus</strong></span> <span class='ocrx_word' id='word_1_177' title='bbox 993 2549 1025 2624; x_wconf 83' lang='lat' dir='ltr'><strong>Q.</strong></span> <span class='ocrx_word' id='word_1_178' title='bbox 1035 2550 1092 2611; x_wconf 83' lang='lat' dir='ltr'><strong>Cor·</strong></span> 
     </span>
    </p>
   </div>
   <div class='ocr_carea' id='block_1_4' title="bbox 127 2631 1093 2964">
    <p class='ocr_par' dir='ltr' id='par_1_6' title="bbox 127 2631 1093 2964">
     <span class='ocr_line' id='line_1_25' title="bbox 127 2631 1093 2709; baseline 0 -17"><span class='ocrx_word' id='word_1_179' title='bbox 127 2633 257 2706; x_wconf 77' lang='lat' dir='ltr'><strong>nificiuS,</strong></span> <span class='ocrx_word' id='word_1_180' title='bbox 276 2631 414 2690; x_wconf 87' lang='lat' dir='ltr'><strong>Caesaris</strong></span> <span class='ocrx_word' id='word_1_181' title='bbox 430 2641 582 2706; x_wconf 88' lang='lat' dir='ltr'><strong>quaestor,</strong></span> <span class='ocrx_word' id='word_1_182' title='bbox 598 2649 654 2705; x_wconf 91' lang='lat' dir='ltr'><strong>pro</strong></span> <span class='ocrx_word' id='word_1_183' title='bbox 671 2639 820 2705; x_wconf 91' lang='lat' dir='ltr'><strong>praetore,</strong></span> <span class='ocrx_word' id='word_1_184' title='bbox 839 2649 1028 2709; x_wconf 88' lang='lat' dir='ltr'><strong>quamquam</strong></span> <span class='ocrx_word' id='word_1_185' title='bbox 1042 2640 1093 2694; x_wconf 85' lang='lat' dir='ltr'><strong>erat</strong></span> 
     </span>
     <span class='ocr_line' id='line_1_26' title="bbox 128 2716 1091 2793; baseline 0.003 -18"><span class='ocrx_word' id='word_1_186' title='bbox 128 2716 287 2793; x_wconf 89' lang='lat' dir='ltr'><strong>provincia</strong></span> <span class='ocrx_word' id='word_1_187' title='bbox 301 2716 423 2774; x_wconf 91' lang='lat' dir='ltr'><strong>minime</strong></span> <span class='ocrx_word' id='word_1_188' title='bbox 439 2717 567 2790; x_wconf 91' lang='lat' dir='ltr'><strong>copiosa</strong></span> <span class='ocrx_word' id='word_1_189' title='bbox 578 2717 617 2774; x_wconf 90' lang='lat' dir='ltr'><strong>ad</strong></span> <span class='ocrx_word' id='word_1_190' title='bbox 629 2717 781 2776; x_wconf 87' lang='lat' dir='ltr'><strong>exercitus</strong></span> <span class='ocrx_word' id='word_1_191' title='bbox 795 2717 925 2777; x_wconf 90' lang='lat' dir='ltr'><strong>alendos</strong></span> <span class='ocrx_word' id='word_1_192' title='bbox 938 2726 969 2778; x_wconf 90' lang='lat' dir='ltr'><strong>et</strong></span> <span class='ocrx_word' id='word_1_193' title='bbox 980 2719 1091 2779; x_wconf 89' lang='lat' dir='ltr'><strong>finitimo</strong></span> 
     </span>
     <span class='ocr_line' id='line_1_27' title="bbox 128 2800 1092 2879; baseline 0 -16"><span class='ocrx_word' id='word_1_194' title='bbox 128 2803 208 2863; x_wconf 90' lang='lat' dir='ltr'><strong>betto</strong></span> <span class='ocrx_word' id='word_1_195' title='bbox 225 2817 261 2860; x_wconf 91' lang='lat' dir='ltr'><strong>ac</strong></span> <span class='ocrx_word' id='word_1_196' title='bbox 277 2800 523 2861; x_wconf 88' lang='lat' dir='ltr'><strong>dissensionibus</strong></span> <span class='ocrx_word' id='word_1_197' title='bbox 540 2802 681 2861; x_wconf 89' lang='lat' dir='ltr'><strong>confecta</strong></span> <span class='ocrx_word' id='word_1_198' title='bbox 701 2809 731 2861; x_wconf 92' lang='lat' dir='ltr'><strong>et</strong></span> <span class='ocrx_word' id='word_1_199' title='bbox 750 2807 884 2875; x_wconf 86' lang='lat' dir='ltr'><strong>vastata,</strong></span> <span class='ocrx_word' id='word_1_200' title='bbox 911 2810 1014 2863; x_wconf 89' lang='lat' dir='ltr'><strong>tamen</strong></span> <span class='ocrx_word' id='word_1_201' title='bbox 1035 2819 1092 2879; x_wconf 91' lang='lat' dir='ltr'><strong>pru·</strong></span> 
     </span>
     <span class='ocr_line' id='line_1_28' title="bbox 128 2885 1091 2964; baseline 0 -18"><span class='ocrx_word' id='word_1_202' title='bbox 128 2887 231 2946; x_wconf 89' lang='lat' dir='ltr'><strong>dentia</strong></span> <span class='ocrx_word' id='word_1_203' title='bbox 251 2901 287 2944; x_wconf 86' lang='lat' dir='ltr'><strong>ac</strong></span> <span class='ocrx_word' id='word_1_204' title='bbox 310 2885 465 2958; x_wconf 80' lang='lat' dir='ltr'><strong>diligentia</strong></span> <span class='ocrx_word' id='word_1_205' title='bbox 479 2903 550 2960; x_wconf 92' lang='lat' dir='ltr'><strong>sua,</strong></span> <span class='ocrx_word' id='word_1_206' title='bbox 579 2887 662 2960; x_wconf 92' lang='lat' dir='ltr'><strong>quod</strong></span> <span class='ocrx_word' id='word_1_207' title='bbox 678 2902 817 2960; x_wconf 90' lang='lat' dir='ltr'><strong>magnam</strong></span> <span class='ocrx_word' id='word_1_208' title='bbox 833 2901 939 2946; x_wconf 89' lang='lat' dir='ltr'><strong>curam</strong></span> <span class='ocrx_word' id='word_1_209' title='bbox 956 2888 1091 2964; x_wconf 75' lang='lat' dir='ltr'><strong>suscipio</strong></span> 
     </span>
    </p>
   </div>
   <div class='ocr_carea' id='block_1_5' title="bbox 14 2971 1091 3045">
    <p class='ocr_par' dir='ltr' id='par_1_7' title="bbox 14 2971 1091 3045">
     <span class='ocr_line' id='line_1_29' title="bbox 14 2971 1091 3045; baseline 0 -15"><span class='ocrx_word' id='word_1_210' title='bbox 14 3018 34 3023; x_wconf 95' lang='lat'><strong>..</strong></span> <span class='ocrx_word' id='word_1_211' title='bbox 128 2972 187 3043; x_wconf 85' lang='lat' dir='ltr'><strong>bat,</strong></span> <span class='ocrx_word' id='word_1_212' title='bbox 203 2989 243 3031; x_wconf 89' lang='lat' dir='ltr'><strong>ne</strong></span> <span class='ocrx_word' id='word_1_213' title='bbox 259 2986 317 3044; x_wconf 91' lang='lat' dir='ltr'><strong>quo</strong></span> <span class='ocrx_word' id='word_1_214' title='bbox 333 2978 447 3030; x_wconf 90' lang='lat' dir='ltr'><strong>temere</strong></span> <span class='ocrx_word' id='word_1_215' title='bbox 464 2971 715 3045; x_wconf 91' lang='lat' dir='ltr'><strong>progrederetur,</strong></span> <span class='ocrx_word' id='word_1_216' title='bbox 741 2978 770 3030; x_wconf 93' lang='lat' dir='ltr'><strong>et</strong></span> <span class='ocrx_word' id='word_1_217' title='bbox 783 2972 901 3045; x_wconf 90' lang='lat' dir='ltr'><strong>recepit</strong></span> <span class='ocrx_word' id='word_1_218' title='bbox 916 2979 946 3031; x_wconf 92' lang='lat' dir='ltr'><strong>et</strong></span> <span class='ocrx_word' id='word_1_219' title='bbox 961 2971 1091 3032; x_wconf 83' lang='lat' dir='ltr'><strong>defendit</strong></span> 
     </span>
    </p>
   </div>
   <div class='ocr_carea' id='block_1_6' title="bbox 127 3056 1091 3896">
    <p class='ocr_par' dir='ltr' id='par_1_8' title="bbox 127 3056 1091 3896">
     <span class='ocr_line' id='line_1_30' title="bbox 127 3056 1091 3133; baseline 0.001 -18"><span class='ocrx_word' id='word_1_220' title='bbox 127 3056 264 3128; x_wconf 90' lang='lat' dir='ltr'><strong>Namque</strong></span> <span class='ocrx_word' id='word_1_221' title='bbox 280 3062 309 3114; x_wconf 91' lang='lat' dir='ltr'><strong>et</strong></span> <span class='ocrx_word' id='word_1_222' title='bbox 325 3056 451 3113; x_wconf 88' lang='lat' dir='ltr'><strong>castella</strong></span> <span class='ocrx_word' id='word_1_223' title='bbox 467 3058 623 3130; x_wconf 90' lang='lat' dir='ltr'><strong>complura</strong></span> <span class='ocrx_word' id='word_1_224' title='bbox 636 3056 713 3115; x_wconf 90' lang='lat' dir='ltr'><strong>locis</strong></span> <span class='ocrx_word' id='word_1_225' title='bbox 729 3056 817 3114; x_wconf 90' lang='lat' dir='ltr'><strong>editis</strong></span> <span class='ocrx_word' id='word_1_226' title='bbox 832 3057 952 3132; x_wconf 85' lang='lat' dir='ltr'><strong>posita,</strong></span> <span class='ocrx_word' id='word_1_227' title='bbox 976 3071 1091 3133; x_wconf 88' lang='lat' dir='ltr'><strong>quorum</strong></span> 
     </span>
     <span class='ocr_line' id='line_1_31' title="bbox 128 3139 1091 3215; baseline -0.002 -15"><span class='ocrx_word' id='word_1_228' title='bbox 128 3139 341 3215; x_wconf 88' lang='lat' dir='ltr'><strong>opportunitas</strong></span> <span class='ocrx_word' id='word_1_229' title='bbox 369 3140 551 3200; x_wconf 88' lang='lat' dir='ltr'><strong>castellanos</strong></span> <span class='ocrx_word' id='word_1_230' title='bbox 577 3140 751 3214; x_wconf 88' lang='lat' dir='ltr'><strong>impellebat</strong></span> <span class='ocrx_word' id='word_1_231' title='bbox 777 3141 816 3199; x_wconf 91' lang='lat' dir='ltr'><strong>ad</strong></span> <span class='ocrx_word' id='word_1_232' title='bbox 842 3142 1046 3203; x_wconf 90' lang='lat' dir='ltr'><strong>decursiones</strong></span> <span class='ocrx_word' id='word_1_233' title='bbox 1058 3142 1091 3199; x_wconf 88' lang='lat' dir='ltr'><strong>fa·</strong></span> 
     </span>
     <span class='ocr_line' id='line_1_32' title="bbox 128 3224 1091 3302; baseline -0.002 -18"><span class='ocrx_word' id='word_1_234' title='bbox 128 3225 253 3285; x_wconf 90' lang='lat' dir='ltr'><strong>ciendas</strong></span> <span class='ocrx_word' id='word_1_235' title='bbox 270 3229 299 3282; x_wconf 92' lang='lat' dir='ltr'><strong>et</strong></span> <span class='ocrx_word' id='word_1_236' title='bbox 313 3224 426 3282; x_wconf 91' lang='lat' dir='ltr'><strong>bellurn</strong></span> <span class='ocrx_word' id='word_1_237' title='bbox 440 3224 646 3300; x_wconf 91' lang='lat' dir='ltr'><strong>inferendum,</strong></span> <span class='ocrx_word' id='word_1_238' title='bbox 672 3225 860 3299; x_wconf 89' lang='lat' dir='ltr'><strong>expugnavit</strong></span> <span class='ocrx_word' id='word_1_239' title='bbox 874 3241 975 3302; x_wconf 88' lang='lat' dir='ltr'><strong>eaque</strong></span> <span class='ocrx_word' id='word_1_240' title='bbox 992 3224 1091 3302; x_wconf 86' lang='lat' dir='ltr'><strong>praeda</strong></span> 
     </span>
     <span class='ocr_line' id='line_1_33' title="bbox 127 3308 1088 3386; baseline 0 -18"><span class='ocrx_word' id='word_1_241' title='bbox 127 3311 236 3369; x_wconf 86' lang='lat' dir='ltr'><strong>milites</strong></span> <span class='ocrx_word' id='word_1_242' title='bbox 252 3308 385 3380; x_wconf 88' lang='lat' dir='ltr'><strong>donavit,</strong></span> <span class='ocrx_word' id='word_1_243' title='bbox 403 3325 482 3383; x_wconf 88' lang='lat' dir='ltr'><strong>quac</strong></span> <span class='ocrx_word' id='word_1_244' title='bbox 497 3311 553 3369; x_wconf 91' lang='lat' dir='ltr'><strong>etsi</strong></span> <span class='ocrx_word' id='word_1_245' title='bbox 570 3317 634 3370; x_wconf 89' lang='lat' dir='ltr'><strong>erat</strong></span> <span class='ocrx_word' id='word_1_246' title='bbox 649 3310 757 3383; x_wconf 90' lang='lat' dir='ltr'><strong>tenuis,</strong></span> <span class='ocrx_word' id='word_1_247' title='bbox 774 3317 874 3369; x_wconf 90' lang='lat' dir='ltr'><strong>tamen</strong></span> <span class='ocrx_word' id='word_1_248' title='bbox 889 3311 921 3369; x_wconf 93' lang='lat' dir='ltr'><strong>in</strong></span> <span class='ocrx_word' id='word_1_249' title='bbox 936 3318 1021 3370; x_wconf 88' lang='lat' dir='ltr'><strong>tanta</strong></span> <span class='ocrx_word' id='word_1_250' title='bbox 1033 3324 1088 3386; x_wconf 90' lang='lat' dir='ltr'><strong>pro·</strong></span> 
     </span>
     <span class='ocr_line' id='line_1_34' title="bbox 128 3393 1089 3471; baseline 0.005 -20"><span class='ocrx_word' id='word_1_251' title='bbox 128 3395 246 3453; x_wconf 77' lang='lat' dir='ltr'><strong>vinciae</strong></span> <span class='ocrx_word' id='word_1_252' title='bbox 263 3393 480 3466; x_wconf 88' lang='lat' dir='ltr'><strong>desperatione</strong></span> <span class='ocrx_word' id='word_1_253' title='bbox 501 3402 566 3455; x_wconf 89' lang='lat' dir='ltr'><strong>erat</strong></span> <span class='ocrx_word' id='word_1_254' title='bbox 585 3402 672 3470; x_wconf 87' lang='lat' dir='ltr'><strong>grata</strong></span> <span class='ocrx_word' id='word_1_255' title='bbox 686 3395 866 3469; x_wconf 90' lang='lat' dir='ltr'><strong>praesertim</strong></span> <span class='ocrx_word' id='word_1_256' title='bbox 880 3394 993 3456; x_wconf 90' lang='lat' dir='ltr'><strong>virtute</strong></span> <span class='ocrx_word' id='word_1_257' title='bbox 1007 3400 1089 3471; x_wconf 79' lang='lat' dir='ltr'><strong>parta,</strong></span> 
     </span>
     <span class='ocr_line' id='line_1_35' title="bbox 128 3477 1091 3554; baseline -0.001 -18"><span class='ocrx_word' id='word_1_258' title='bbox 128 3486 157 3538; x_wconf 88' lang='lat' dir='ltr'><strong>et</strong></span> <span class='ocrx_word' id='word_1_259' title='bbox 172 3494 240 3539; x_wconf 90' lang='lat' dir='ltr'><strong>cum</strong></span> <span class='ocrx_word' id='word_1_260' title='bbox 257 3477 399 3537; x_wconf 90' lang='lat' dir='ltr'><strong>Octavius</strong></span> <span class='ocrx_word' id='word_1_261' title='bbox 420 3494 459 3537; x_wconf 87' lang='lat' dir='ltr'><strong>ex</strong></span> <span class='ocrx_word' id='word_1_262' title='bbox 480 3478 552 3552; x_wconf 91' lang='lat' dir='ltr'><strong>fuga</strong></span> <span class='ocrx_word' id='word_1_263' title='bbox 566 3479 731 3539; x_wconf 85' lang='lat' dir='ltr'><strong>Pharsalici</strong></span> <span class='ocrx_word' id='word_1_264' title='bbox 748 3479 855 3553; x_wconf 89' lang='lat' dir='ltr'><strong>proelii</strong></span> <span class='ocrx_word' id='word_1_265' title='bbox 876 3497 990 3554; x_wconf 85' lang='lat' dir='ltr'><strong>magna</strong></span> <span class='ocrx_word' id='word_1_266' title='bbox 1004 3482 1091 3540; x_wconf 83' lang='lat' dir='ltr'><strong>classo</strong></span> 
     </span>
     <span class='ocr_line' id='line_1_36' title="bbox 128 3562 1089 3639; baseline 0 -18"><span class='ocrx_word' id='word_1_267' title='bbox 128 3564 157 3621; x_wconf 95' lang='lat' dir='ltr'><strong>in</strong></span> <span class='ocrx_word' id='word_1_268' title='bbox 173 3564 254 3622; x_wconf 92' lang='lat' dir='ltr'><strong>illum</strong></span> <span class='ocrx_word' id='word_1_269' title='bbox 270 3578 305 3622; x_wconf 91' lang='lat' dir='ltr'><strong>se</strong></span> <span class='ocrx_word' id='word_1_270' title='bbox 320 3562 418 3622; x_wconf 88' lang='lat' dir='ltr'><strong>sinum</strong></span> <span class='ocrx_word' id='word_1_271' title='bbox 434 3565 628 3638; x_wconf 91' lang='lat' dir='ltr'><strong>contulisset,</strong></span> <span class='ocrx_word' id='word_1_272' title='bbox 654 3564 763 3639; x_wconf 85' lang='lat' dir='ltr'><strong>paucis</strong></span> <span class='ocrx_word' id='word_1_273' title='bbox 785 3564 916 3624; x_wconf 89' lang='lat' dir='ltr'><strong>navibus</strong></span> <span class='ocrx_word' id='word_1_274' title='bbox 937 3564 1089 3624; x_wconf 85' lang='lat' dir='ltr'><strong>Iadertino</strong></span> 
     </span>
     <span class='ocr_line' id='line_1_37' title="bbox 128 3647 1089 3725; baseline -0.003 -16"><span class='ocrx_word' id='word_1_275' title='bbox 128 3666 209 3725; x_wconf 91' lang='lat' dir='ltr'><strong>rum,</strong></span> <span class='ocrx_word' id='word_1_276' title='bbox 232 3666 360 3723; x_wconf 92' lang='lat' dir='ltr'><strong>quorum</strong></span> <span class='ocrx_word' id='word_1_277' title='bbox 375 3665 497 3725; x_wconf 89' lang='lat' dir='ltr'><strong>semper</strong></span> <span class='ocrx_word' id='word_1_278' title='bbox 511 3649 541 3708; x_wconf 92' lang='lat' dir='ltr'><strong>in</strong></span> <span class='ocrx_word' id='word_1_279' title='bbox 556 3650 774 3724; x_wconf 86' lang='lat' dir='ltr'><strong>rempublicam</strong></span> <span class='ocrx_word' id='word_1_280' title='bbox 789 3649 945 3724; x_wconf 87' lang='lat' dir='ltr'><strong>singulare</strong></span> <span class='ocrx_word' id='word_1_281' title='bbox 960 3647 1089 3709; x_wconf 78' lang='lat' dir='ltr'><strong>constite</strong></span> 
     </span>
     <span class='ocr_line' id='line_1_38' title="bbox 127 3732 1090 3810; baseline -0.003 -16"><span class='ocrx_word' id='word_1_282' title='bbox 127 3742 174 3794; x_wconf 90' lang='lat' dir='ltr'><strong>rat</strong></span> <span class='ocrx_word' id='word_1_283' title='bbox 189 3735 331 3809; x_wconf 89' lang='lat' dir='ltr'><strong>officium,</strong></span> <span class='ocrx_word' id='word_1_284' title='bbox 349 3735 499 3809; x_wconf 90' lang='lat' dir='ltr'><strong>dispersis</strong></span> <span class='ocrx_word' id='word_1_285' title='bbox 516 3733 689 3796; x_wconf 87' lang='lat' dir='ltr'><strong>Octavianis</strong></span> <span class='ocrx_word' id='word_1_286' title='bbox 705 3734 835 3794; x_wconf 90' lang='lat' dir='ltr'><strong>navibus</strong></span> <span class='ocrx_word' id='word_1_287' title='bbox 853 3742 918 3795; x_wconf 90' lang='lat' dir='ltr'><strong>erat</strong></span> <span class='ocrx_word' id='word_1_288' title='bbox 931 3732 1090 3810; x_wconf 74' lang='lat' dir='ltr'><strong>potitusal</strong></span> 
     </span>
     <span class='ocr_line' id='line_1_39' title="bbox 127 3816 1084 3896; baseline -0.002 -17"><span class='ocrx_word' id='word_1_289' title='bbox 127 3819 175 3881; x_wconf 86' lang='lat' dir='ltr'><strong>vel</strong></span> <span class='ocrx_word' id='word_1_290' title='bbox 202 3820 303 3881; x_wconf 89' lang='lat' dir='ltr'><strong>classe</strong></span> <span class='ocrx_word' id='word_1_291' title='bbox 328 3819 473 3880; x_wconf 88' lang='lat' dir='ltr'><strong>dimicare</strong></span> <span class='ocrx_word' id='word_1_292' title='bbox 498 3826 607 3896; x_wconf 89' lang='lat' dir='ltr'><strong>posset</strong></span> <span class='ocrx_word' id='word_1_293' title='bbox 633 3818 782 3879; x_wconf 88' lang='lat' dir='ltr'><strong>adiunctis</strong></span> <span class='ocrx_word' id='word_1_294' title='bbox 813 3819 942 3895; x_wconf 85' lang='lat' dir='ltr'><strong>captivis</strong></span> <span class='ocrx_word' id='word_1_295' title='bbox 970 3816 1084 3879; x_wconf 84' lang='lat' dir='ltr'><strong>naribut</strong></span> 
     </span>
    </p>
   </div>
   <div class='ocr_carea' id='block_1_7' title="bbox 0 0 1143 4176">
    <p class='ocr_par' dir='ltr' id='par_1_9' title="bbox 0 0 1143 4176">
     <span class='ocr_line' id='line_1_40' title="bbox 0 0 1143 4176; baseline 0 0"><span class='ocrx_word' id='word_1_296' title='bbox 0 0 1143 4176; x_wconf 95' lang='lat' dir='ltr'><strong> </strong></span> 
     </span>
    </p>
   </div>
   <div class='ocr_carea' id='block_1_8' title="bbox 1133 3005 1137 3971">
    <p class='ocr_par' dir='ltr' id='par_1_10' title="bbox 1133 3005 1137 3971">
     <span class='ocr_line' id='line_1_41' title="bbox 1133 3005 1137 3971; baseline 0 0"><span class='ocrx_word' id='word_1_297' title='bbox 1133 3005 1137 3971; x_wconf 95' lang='lat' dir='ltr'><strong> </strong></span> 
     </span>
    </p>
   </div>
  </div>
 </body>
</html>
