2272 4176
134 494 196 561 132
421 496 472 559 DE
493 494 617 560 BELLO
641 494 804 559 GALLICO

132 650 263 713 Romani
276 666 477 730 perrumpere
498 655 696 725 conarentur,
722 650 909 714 haesitantes
932 660 1101 729 premerent

133 752 172 799 cx
187 739 255 803 loco
267 738 436 814 superiore,
451 743 493 812 ut,
510 736 562 813 qui
573 736 830 813 propinquitatem
839 738 900 799 ioci
910 736 1041 813 videret,
1050 754 1099 815 pa·

132 830 216 884 rates
232 839 330 900 prope
345 839 444 899 aequo
456 822 553 882 Marte
568 823 608 882 ad
623 822 828 882 dimicandum
838 822 1038 899 existimaret,
1053 823 1102 901 qui

133 909 321 985 iniquitatem
348 906 537 968 condicionis
565 906 770 982 perspiceret,
803 906 886 967 inani
912 907 1101 969 simulatione

133 1010 204 1055 seso
220 1000 374 1054 ostentare
400 999 609 1067 cognosceret.
637 990 834 1067 Indignantes
855 992 966 1053 milites
983 993 1101 1069 Caesar,

134 1079 217 1156 quod
234 1083 432 1153 conspectum
447 1092 536 1136 suum
551 1076 656 1137 hostes
672 1078 809 1150 perterre
823 1084 955 1153 possent
990 1080 1101 1143 tantulo

133 1165 232 1241 spatio
254 1162 463 1231 interiecto,et
484 1160 604 1235 signum
624 1160 732 1236 proelii
754 1169 961 1237 exposcentes
987 1163 1101 1236 edocet,

133 1255 246 1327 quanto
262 1247 441 1306 detrimento
458 1252 488 1305 et
503 1254 577 1321 quot
587 1246 721 1307 virorum
732 1246 854 1308 fortium
864 1253 963 1308 morte
973 1262 1101 1311 necesse

133 1337 171 1394 sit
188 1340 330 1394 constare
343 1330 517 1398 victoriam
546 1347 624 1405 quos
647 1346 716 1390 cum
737 1330 782 1390 sic
803 1333 902 1393 animo
919 1340 1047 1408 paratos
1060 1333 1100 1393 vi·

133 1420 211 1493 derat,
227 1426 260 1478 ut
274 1418 388 1476 nulium
404 1431 459 1492 pro
475 1430 533 1474 sua
547 1415 637 1475 laude
651 1415 820 1490 periculuun
837 1424 999 1493 recusent,
1025 1434 1100 1479 sum-

133 1520 200 1562 mac
215 1518 249 1562 se
264 1502 430 1577 iniquitatis
448 1500 645 1559 condemnari
661 1499 788 1574 debere,
816 1500 876 1561 nisi
891 1516 1001 1563 eorum
1014 1504 1099 1564 vitam

133 1604 190 1648 sua
204 1591 302 1648 salute
317 1586 428 1648 lrabeat
443 1586 600 1644 cariorem.
617 1583 668 1644 Sic
682 1584 791 1644 milites
804 1588 985 1649 consolatus
997 1588 1100 1649 eodem

133 1674 182 1733 die
197 1673 315 1733 reducit
328 1673 358 1730 in
375 1677 476 1731 castra
490 1670 679 1745 reliquaque,
696 1684 775 1744 quae
790 1671 830 1730 ad
845 1673 1100 1748 oppugnationem

133 1758 326 1833 pertinebant
340 1756 455 1831 oppidi,
471 1754 683 1814 administrare
696 1754 832 1815 instituit.

215 1842 278 1901 XX.
300 1840 550 1914 Vercingetorix,
567 1855 636 1899 oum
651 1838 691 1897 ad
706 1854 780 1898 suos
795 1839 944 1917 redisset,
958 1841 1099 1921 proditio·

134 1928 179 1987 nis
196 1927 402 1998 insimulatus,
419 1924 503 2000 quod
519 1931 620 1983 castra
633 1924 761 1999 propius
775 1924 933 1985 Romanos
947 1926 1100 2001 movisset,

134 2013 217 2088 quod
232 2027 300 2071 cum
316 2010 397 2070 omni
412 2010 548 2085 equitatu
563 2008 776 2083 discessisset,
793 2009 877 2084 quod
892 2009 961 2069 sine
976 2010 1098 2088 imperio

134 2105 231 2157 tantas
245 2096 351 2171 copias
363 2094 547 2170 reliquisset,
565 2092 648 2169 quod
660 2093 1018 2156 eiusdiscessuRomani
1025 2102 1098 2157 unta

133 2182 359 2257 opportunitate
379 2186 408 2239 et
422 2179 574 2238 celeritate
587 2177 759 2237 venissent:
773 2210 816 2221 -
829 2193 892 2238 non
908 2179 990 2241 haec
1006 2180 1096 2243 omnia

136 2268 255 2327 fortuito
272 2273 323 2325 aut
338 2264 404 2324 sine
420 2263 547 2323 consilio
560 2262 701 2322 accidere
712 2263 867 2338 potuisse,
882 2279 1013 2340 regnum
1024 2268 1099 2327 illum

137 2353 247 2413 Galliae
267 2351 356 2408 malle
379 2348 519 2408 Caesaris
542 2362 695 2407 concessu
717 2365 808 2424 quam
830 2349 970 2424 ipsorum
994 2352 1101 2413 habere

133 2433 389 2497 beneficio-tali
404 2433 495 2493 modo
507 2437 670 2493 aecusatus
684 2433 722 2492 ad
736 2432 813 2494 haec
828 2437 1005 2511 respondit:
1021 2436 1101 2511 Quod

133 2530 234 2581 <trustra
248 2519 405 2592 movisset,
423 2521 534 2580 iactum
550 2518 654 2593 inopia
668 2519 772 2593 pabuli
787 2521 877 2581 etiam
892 2521 971 2596 ipsis
984 2520 1101 2583 hortan-

134 2610 230 2677 tibus;
260 2605 344 2681 quod
364 2605 492 2681 propius
513 2606 670 2664 Romanos
693 2605 892 2680 accessisset,
922 2622 1102 2682 persuasum

133 2692 190 2752 loci
200 2691 435 2767 opportunitate,
452 2689 621 2765 quiseipse
631 2689 797 2749 munitione
810 2690 1007 2752 detenderets
1022 2690 1102 2767 cqui-

134 2786 193 2839 tuni
201 2794 274 2838 vero
283 2792 408 2852 operam
417 2789 518 2849 neque
525 2773 555 2832 in
563 2774 632 2832 loco
640 2775 767 2847 palustri
776 2774 946 2834 desiderari
959 2775 1103 2838 debuisse

133 2870 161 2921 ct
176 2864 235 2922 ittic
249 2862 347 2921 luisse
362 2861 473 2932 utilem,
490 2873 550 2934 quo
567 2858 628 2917 sint
643 2859 781 2932 proiecti.
813 2856 969 2920 Summam
987 2860 1102 2937 imperii

134 2964 168 3007 se
180 2949 320 3008 consulto
337 2945 409 3005 nulli
425 2944 633 3003 dIscedentem
648 2943 828 3017 tradidisse,
845 2945 925 3004 nois
941 2946 1102 3007 multitudi-

134 3034 179 3092 nis
196 3033 296 3092 studio
313 3031 353 3090 ad
375 3028 580 3089 dimicandum
601 3028 814 3101 inpellerettu·;
842 3028 890 3088 cui
910 3029 956 3089 rei
978 3037 1104 3105 propter

134 3117 223 3177 sarrirni
235 3116 389 3176 moltitiem
401 3114 525 3174 studere
537 3127 643 3173 omnes
655 3110 780 3186 videret,
800 3113 884 3187 quod
896 3113 1010 3175 diutius
1022 3115 1102 3175 labo

134 3220 196 3261 rcm
212 3202 291 3259 terre
307 3215 366 3259 non
383 3205 520 3273 possent.
535 3197 664 3258 Romani
677 3196 704 3256 si
717 3212 792 3257 casu
802 3197 1030 3276 intervenerint,
1044 3202 1102 3261 ior·

133 3296 231 3359 tunae,
247 3287 274 3345 si
290 3284 416 3344 alicuius
431 3283 543 3343 indicio
557 3283 674 3357 vocati,
695 3282 765 3343 huic
779 3281 953 3343 habendam
967 3285 1102 3361 gratiam

133 3371 218 3449 quod
233 3378 263 3431 et
276 3369 460 3445 paucitatem
475 3383 583 3429 eorum
598 3384 637 3427 cx
651 3369 720 3428 loco
737 3368 897 3442 superiore
913 3384 1105 3445 cognoscere

131 3464 163 3518 et
183 3456 322 3517 virtutem
343 3453 504 3530 despicere
524 3454 693 3529 potuerint,
719 3452 771 3529 qui
792 3452 937 3515 dimicare
958 3470 1023 3515 non
1038 3458 1104 3519 aust

202 3540 220 3554 “’
275 3556 309 3586 ·¹
320 3538 353 3601 iu
367 3544 471 3615 castra
483 3539 663 3615 receperint.
691 3537 853 3613 Imperium
867 3554 902 3599 se
917 3538 956 3599 ab
972 3538 1104 3601 Caesare

330 3640 405 3689 tuem
417 3624 534 3687 nultum
547 3624 733 3699 desiderare,
751 3625 834 3699 quod
847 3623 963 3685 habere
976 3623 1104 3686 victoria

338 3710 436 3785 ¹eiam
449 3714 535 3771 esset
548 3708 607 3771 sibi
621 3717 714 3785 atquc
728 3709 869 3771 omnibus
885 3708 980 3771 Gallis
996 3712 1102 3786 expio

334 3796 422 3876 giam
441 3792 520 3869 ipsis
533 3795 701 3871 remittere,
728 3794 754 3854 si
769 3794 827 3855 sibi
842 3793 939 3869 magis
953 3791 1104 3857 honorem
