2272 4176
122 463 163 525 78
296 478 338 518 nn
360 476 463 519 nunno
487 476 687 520 rvovnrmuo
712 476 741 519 c.
763 468 806 522 ot.
830 469 875 523 65·
896 469 941 523 66.

121 624 308 686 habiturum:
324 624 361 687 ab
376 626 545 703 inperatore
561 625 693 687 consulto
708 625 793 696 trabi,
810 625 891 704 quod
905 624 996 685 homo
1009 626 1096 685 inanis

92 716 151 769 oet
174 710 272 786 regiae
292 707 446 788 superbiae
467 711 582 788 inperio
603 710 690 769 nimis
712 710 862 787 gauderet
908 708 990 780 Quae
1006 712 1094 775 omnia

122 791 178 853 illis
190 810 225 853 eo
239 793 368 853 firmiora
379 792 566 863 videbantur,
582 792 660 871 quod
674 793 863 853 diuturnitate
877 791 948 854 belli
958 810 1008 853 res
1022 792 1096 853 iami-

124 875 203 936 liaris
219 883 431 955 conruperant,
454 882 484 936 et
498 878 594 937 animo
610 878 740 953 cupienti
760 876 832 937 nihil
846 877 918 948 satis
940 877 1095 937 testinatur.

71 960 112 1023 65
124 958 195 1020 Erat
208 966 361 1039 praeterea
380 962 410 1020 in
427 961 556 1021 exercitu
580 967 680 1020 nostro
695 961 827 1021 Numida.
835 959 971 1037 quidam,
986 962 1110 1020 nominet

124 1043 232 1113 Gauda,
248 1043 453 1105 Mastanabalis
467 1043 559 1114 lilius,
574 1044 743 1105 Masinissae
757 1060 869 1123 nepos,
884 1061 975 1121 quem
985 1043 1094 1121 Micipsa

122 1135 296 1190 testamento
308 1129 469 1190 secundum
484 1127 623 1189 heredem
639 1128 805 1208 scripserat,
820 1127 937 1188 morbis
953 1127 1094 1187 conlectus

93 1219 150 1271 aet
166 1211 203 1272 oh
220 1230 284 1273 eam
300 1229 433 1273 caussam
453 1218 551 1272 mente
572 1210 721 1290 paululum
743 1212 897 1271 inminuta.
935 1210 990 1272 Cui
1004 1210 1095 1277 Metel·

123 1295 168 1356 lus
182 1298 293 1376 petenti
303 1314 387 1359 more
398 1312 502 1373 regum
512 1303 546 1356 ut
557 1294 658 1364 sellam
672 1297 753 1356 iuxta
766 1302 901 1374 poneret,
918 1296 989 1356 item
1003 1301 1095 1373 postea

123 1380 273 1441 custodiae
287 1398 389 1442 caussa
410 1388 537 1441 turmam
558 1380 688 1458 equitum
702 1379 921 1449 Romanorum,
947 1380 1119 1457 utrumqualt

123 1472 296 1541 negaverat:
311 1464 465 1534 honorem,
481 1462 559 1542 quod
573 1480 676 1524 eorum
690 1463 778 1523 modo
794 1462 871 1523 ioret
886 1480 964 1542 quos
977 1463 1097 1542 populus

123 1547 272 1609 Romanus
287 1565 373 1626 reges
387 1546 595 1627 adpeMavisset,
610 1546 799 1625 praesidium,
816 1546 896 1625 quod
913 1545 1096 1608 contumelio·

124 1649 188 1690 sum
204 1632 234 1690 in
250 1649 300 1691 eos
315 1631 406 1701 ioret,
429 1632 455 1690 si
470 1633 582 1708 equites
596 1630 720 1691 Romani
734 1629 872 1692 satellites
886 1630 1033 1692 Numidae
1046 1638 1096 1691 tra·

93 1715 271 1775 adorentur.
306 1714 392 1775 Hunc
405 1714 514 1775 Marius
529 1716 649 1775 anxium
663 1714 833 1793 adgreditur
848 1720 939 1794 atque
959 1715 1094 1781 bortatur,

121 1805 155 1858 ut
176 1797 418 1859 contumeliarum
440 1800 470 1859 in
490 1799 689 1876 inperatorem
704 1816 772 1858 oum
793 1814 846 1860 suo
862 1798 975 1859 auxilio
996 1800 1119 1878 poemat

122 1889 217 1960 petat:
228 1882 376 1943 bonimcm
389 1881 426 1943 oh
439 1882 558 1943 morbos
570 1882 667 1941 animo
677 1898 784 1960 parum
795 1879 891 1942 valido
900 1883 1094 1943 sccundaora·

121 1968 200 2026 tione
216 1965 340 2026 extollit:
360 1964 442 2027 illum
457 1983 568 2043 regem,
585 1967 733 2042 ingentem
748 1967 852 2036 virum,
867 1965 1040 2028 Masinissae
1054 1983 1095 2024 ne·

122 2058 222 2127 potem
238 2067 316 2110 csse:
334 2052 358 2109 si
370 2049 510 2127 iugurtha
527 2056 628 2127 captus
648 2055 696 2109 aut
714 2050 828 2110 occisus
849 2049 944 2120 locet,
962 2051 1096 2128 inperium

122 2133 274 2193 Numidiae
289 2135 351 2194 sine
366 2151 449 2193 mora
464 2132 646 2194 habiturum:
667 2134 696 2193 id
712 2133 786 2193 adeo
800 2139 918 2193 mature
933 2152 1025 2213 posse
1040 2152 1094 2194 ere·

92 2218 197 2285 tnire,
219 2218 243 2276 si
263 2220 326 2296 ipse
348 2216 449 2277 consul
471 2215 506 2276 ad
529 2217 557 2276 id
578 2215 688 2277 bellum
704 2219 810 2277 missus
833 2218 920 2277 soret.
959 2218 1058 2297 ltaque
1071 2218 1117 2277 ot·

9 2304 15 2367 ξ
122 2299 203 2358 illum
220 2307 249 2359 et
263 2301 374 2379 equites
385 2301 542 2369 Romanos,
559 2300 664 2360 milites
677 2306 705 2360 et
715 2301 925 2377 negotiatores,
942 2301 1017 2362 alios
1032 2304 1092 2380 ipsc,

9 2408 11 2439 ;
122 2382 280 2460 plerosque
300 2386 380 2460 pacis
395 2402 461 2461 spes
476 2382 601 2461 inpellit,
626 2386 668 2444 uti
684 2385 806 2445 llomam
823 2383 860 2443 ad
881 2403 954 2445 suos
969 2403 1093 2446 necessa·
1135 2425 1136 2440 ,

123 2468 183 2525 rios
199 2483 302 2544 aspere
322 2468 351 2526 in
367 2467 513 2528 Motcllum
533 2468 569 2527 de
584 2467 662 2527 bello
677 2467 821 2538 scribant,
843 2467 971 2528 Marium
987 2472 1092 2548 inpera-

92 2556 216 2609 5torcm
237 2559 366 2629 poscant.
411 2552 441 2610 Si
462 2550 503 2610 illi
526 2570 541 2612 a
564 2551 661 2611 multis
683 2550 857 2612 mortalibus
884 2552 1091 2614 honestissuma

122 2635 330 2712 suffragatione
359 2633 526 2695 consulatus
552 2634 722 2713 petebatur:
753 2634 839 2695 simul
868 2655 903 2696 ea
931 2634 1114 2717 tempestate²⁸

122 2717 222 2796 plebes
233 2717 382 2777 nobilitate
394 2719 457 2780 lusa
468 2737 522 2796 per
544 2719 638 2796 legem
655 2718 809 2779 Mamiliam
822 2737 916 2780 novos
941 2720 1093 2782 extollebat.

9 2826 13 2838 ·
124 2803 165 2861 lta
181 2803 272 2862 Mario
289 2809 391 2862 cuncta
408 2801 578 2880 procedere.

9 2848 14 2923 -Ι
75 2889 114 2950 66
209 2885 327 2946 lnterim
349 2887 503 2964 Iugurtha,
528 2894 681 2967 postquam
705 2889 809 2948 omissa
826 2886 980 2950 deditione
1000 2887 1093 2950 bellun

124 2970 237 3048 incipit,
261 2987 327 3029 cum
343 2987 448 3047 magna
471 2989 540 3031 cura
563 2988 668 3050 parare
684 2974 796 3040 omnia,
821 2971 979 3044 lestiuare,
1003 2989 1094 3050 cogere

125 3055 301 3114 exercitum:
325 3057 470 3125 civitates,
487 3073 561 3135 quae
577 3054 613 3115 ab
628 3073 660 3116 se
676 3055 859 3124 deiecerant,
885 3057 1042 3118 formidine
1055 3054 1114 3116 auti

125 3139 297 3200 ostentando
312 3140 442 3217 praemia
458 3139 620 3208 adfectare,
637 3141 809 3200 conmunire
826 3157 897 3200 suos
912 3140 1011 3213 locos,
1027 3157 1095 3203 arma

124 3222 181 3285 tela
197 3222 252 3283 alia
275 3241 350 3303 quae
370 3240 422 3302 spe
443 3224 524 3301 pacis
539 3224 676 3284 amiserat
690 3224 812 3284 relicere
827 3232 880 3283 aut
895 3225 1094 3287 commercari:

124 3309 238 3369 servitia
254 3307 454 3368 Romanorum
469 3308 604 3377 adlicere,
627 3314 656 3367 et
671 3326 721 3368 eos
736 3309 824 3386 ipsos,
841 3310 894 3387 qui
909 3309 940 3369 in
956 3308 1096 3389 praesidiis

93 3413 97 3425 ¹
124 3401 215 3462 erant,
228 3394 352 3471 pecunia
366 3397 527 3469 temptare:
543 3409 665 3471 prorsus
677 3391 748 3451 nihil
760 3393 902 3452 intactum
916 3411 1016 3472 nequa
1027 3393 1097 3472 quie·

95 3486 184 3538 atum
200 3479 273 3556 pati,
298 3483 403 3536 cuncta
426 3477 545 3552 agitare.
589 3475 682 3554 Igitur
697 3474 876 3546 Vaccenses,
900 3493 962 3554 quo
976 3472 1136 3542 Metellutl

126 3564 206 3623 initio
227 3561 368 3637 Iugurtha
397 3559 567 3640 pacificante
589 3559 767 3638 praesidium
788 3562 980 3638 inposuerat,
1002 3560 1100 3639 latigtd

127 3648 205 3724 regis
228 3644 379 3725 subpliciis
401 3662 498 3724 neque
520 3651 604 3705 antea
627 3644 774 3706 voluntate
796 3644 931 3717 alienati,
962 3646 1100 3725 principat

128 3731 249 3790 civitatis
263 3732 340 3790 inter
355 3748 386 3790 se
402 3730 570 3789 coniurant:
592 3746 660 3788 nam
675 3729 791 3807 volgus,
812 3730 857 3789 uti
871 3728 1049 3811 plerumque
1061 3742 1099 3787 sc·
