2272 4176
380 156 538 220 BELLUM
555 156 732 221 marcac.
978 154 1043 223 all
1105 102 1113 119 ἱ

70 308 245 370 Cominium
266 324 335 370 cum
352 310 456 370 Ticida
470 311 500 370 in
516 320 715 388 conspectum
730 328 819 373 suum
832 312 973 389 prohibet
986 313 1034 373 ad·

67 394 152 455 duci.
182 394 251 469 Qua
265 408 352 454 exre
367 395 480 455 Caesar
495 403 665 457 commotus
680 414 751 473 cos,
766 414 846 473 quos
860 398 890 457 in
905 398 1041 459 stationi-

65 478 125 539 bus
141 494 213 540 cum
233 479 332 554 longis
354 481 482 541 navibus
504 482 586 556 apud
600 482 755 558 Thapsum
777 484 934 543 custodiae
949 498 1042 543 causa

65 562 97 623 in
112 564 181 624 salo
198 578 272 623 esse
285 564 425 637 iusserat,
440 572 474 624 ut
487 567 553 627 suis
569 568 719 627 onerariis
734 568 897 642 longisque
912 568 1041 627 naribus

65 648 226 724 praesidio
242 657 361 723 essent,
384 650 423 709 ob
444 652 666 727 neglegentiam
687 652 869 726 ignominiae
890 667 985 710 cansa
998 651 1042 709 di·

64 732 233 792 mittendos
262 733 300 792 ab
328 734 465 793 exercitu
485 736 764 811 gravissimumque
783 737 814 796 in
836 752 891 796 eos
912 736 1044 795 edictum

65 817 308 892 proponendum
325 819 449 877 curavit.

149 901 269 961 XLVII.
298 901 355 960 Per
375 902 407 960 id
427 908 546 978 tempus
569 904 633 962 lere
654 904 795 965 Caesaris
820 904 967 964 exercitui
991 918 1043 962 res

65 986 179 1047 accidit
204 986 391 1045 incredibilis
417 986 530 1047 auditu.
571 987 709 1064 Namque
730 990 925 1063 vergiliarum
952 988 1041 1062 signo

66 1071 210 1131 conlecto
232 1069 351 1129 circiter
371 1070 474 1145 vigilia
488 1071 626 1131 secunda
647 1073 745 1132 noctis
767 1073 887 1132 nimbus
909 1088 978 1131 cum
993 1088 1042 1131 sa-

65 1171 125 1215 xea
146 1154 295 1229 grandine
316 1154 417 1214 subito
439 1162 487 1214 est
507 1163 631 1216 exortus
653 1158 770 1231 ingens.
799 1157 849 1216 Ad
869 1157 928 1217 hoe
942 1164 1043 1216 autem

65 1239 295 1300 incommodum
309 1246 491 1314 accesserat,
508 1241 592 1314 quod
600 1240 712 1301 Caesar
726 1258 788 1301 non
803 1257 887 1300 more
902 1241 1041 1315 superio

65 1341 134 1385 rum
155 1329 328 1399 temporum
349 1323 379 1382 in
394 1323 528 1384 hibernis
543 1325 710 1385 exercitum
725 1326 913 1399 continebat,
939 1326 995 1384 sed
1010 1326 1041 1384 in

66 1409 155 1469 terti0
174 1414 347 1483 quartoque
362 1408 412 1467 die
426 1409 624 1482 procedendo
648 1412 839 1486 propiusque
854 1410 975 1470 hostem
990 1424 1041 1469 ac-

67 1493 209 1554 cedendo
226 1499 326 1552 castra
341 1494 579 1565 communiebat,
602 1510 759 1569 opereque
774 1494 916 1553 iaciendo
931 1494 1040 1553 milites

67 1592 101 1637 se
123 1576 392 1653 circumspiciendi
412 1593 474 1637 non
494 1577 648 1637 habebant
669 1578 851 1639 facultatem.
880 1578 1043 1637 Praeterea

67 1662 107 1722 ita
122 1677 163 1722 ex
179 1661 282 1722 Sicilia
305 1661 472 1721 exercitum
492 1663 734 1738 transportabat,
759 1671 793 1722 ut
807 1669 928 1737 praeter
941 1662 1042 1737 ipsum

67 1746 191 1806 militem
208 1752 239 1806 ct
252 1761 336 1805 arma
350 1762 406 1805 nec
420 1762 477 1806 vas
490 1761 546 1805 nec
559 1748 742 1822 mancipium
752 1762 854 1821 neque
865 1749 955 1805 ullam
968 1762 1041 1815 rem,

10 1856 18 1863 ·
67 1846 149 1907 quae
168 1830 240 1891 usui
260 1829 343 1890 militi
364 1845 436 1890 esse
451 1832 626 1905 consuevit,
647 1832 677 1891 in
693 1848 789 1891 nares
803 1830 907 1906 inponi
923 1837 1042 1905 patere·

67 1922 123 1975 tur.
152 1916 188 1975 Iu
203 1915 309 1975 Alrica
330 1923 430 1975 autem
451 1932 513 1976 non
534 1917 626 1976 modo
649 1916 707 1976 sibi
729 1916 891 1991 quicquam
912 1932 973 1975 non
989 1915 1041 1973 ad·

69 1999 239 2076 quisierant
258 2007 309 2060 aut
329 2007 526 2075 paraverant,
555 2002 613 2061 sed
638 2002 727 2061 etiam
752 2007 879 2075 propter
903 2015 1042 2061 annonae

69 2085 224 2144 caritatem
240 2092 309 2143 ante
331 2092 419 2159 parta
434 2092 698 2161 consumpserant.
729 2084 845 2158 Quibus
859 2083 953 2145 rebus
967 2092 1040 2144 atte-

70 2168 151 2229 nuati
166 2169 282 2245 oppido
298 2184 447 2244 perquam
462 2171 551 2247 pauci
568 2171 626 2231 sub
639 2170 769 2245 pellibus
782 2170 1041 2245 adquiescebant;

69 2254 177 2329 reliqui
194 2270 233 2314 ex
246 2253 434 2314 vestimentis
449 2256 617 2316 tentoriolis
633 2254 720 2314 lactis
735 2262 827 2330 atquc
842 2254 1041 2313 arundinibus

69 2339 237 2413 scopisque
258 2340 409 2399 contextis
431 2340 658 2414 permanebant.
688 2340 794 2414 ltaque
819 2339 921 2399 subito
946 2338 1041 2397 imbre

68 2423 280 2498 grandineque
302 2432 468 2483 consecuta
488 2426 621 2499 gravatis
636 2425 774 2499 pondere
794 2424 932 2483 tentoriis
948 2439 1040 2497 aqua-

69 2522 128 2583 que
150 2507 286 2569 subrutis
308 2508 508 2583 disiectisque
529 2517 617 2569 nocte
639 2511 821 2583 intempesta
841 2508 963 2582 ignibus
989 2521 1042 2566 ex-

68 2592 179 2665 tinctis,
195 2591 287 2651 rebus
298 2592 425 2665 quaead
440 2594 549 2653 vietum
556 2595 709 2669 pertinent
733 2593 875 2653 omnihus
889 2592 1041 2665 corruptis

70 2693 123 2751 pcr
139 2684 242 2736 castra
258 2676 375 2750 passim
389 2678 578 2751 vagabantur
593 2678 752 2752 scutisque
776 2677 879 2750 capita
899 2682 1028 2749 contege

69 2760 147 2820 bant.
179 2761 294 2820 Eadem
316 2768 407 2821 nocte
429 2762 553 2836 quintae
574 2762 702 2838 legionis
728 2761 860 2836 pilorum
886 2760 1043 2820 cacumina

69 2862 124 2906 sua
138 2853 251 2922 sponte
266 2852 416 2905 arserunt.

150 2931 282 2991 XLVlll.
305 2931 372 2990 Rex
393 2930 511 2990 interim
531 2931 607 2990 luba
626 2930 666 2989 de
688 2928 823 3004 equestri
845 2926 961 3003 proelio
977 2924 1041 2985 Sci·

69 3015 167 3091 pionis
184 3016 298 3075 certior
313 3016 410 3074 lactus
427 3023 639 3090 evocatusque
654 3014 693 3073 ab
708 3015 818 3074 eodem
832 3012 939 3072 litteris
954 3026 1037 3086 prae·

68 3102 145 3161 lccto
163 3100 301 3161 Saburra
316 3115 384 3158 cum
399 3106 486 3172 parte
501 3100 654 3158 exercitus
670 3106 777 3157 contra
792 3096 910 3157 Sittium
925 3095 1041 3167 relicto,

67 3197 98 3246 ut
111 3201 219 3246 secum
236 3185 303 3259 ipse
318 3184 434 3257 aliquid
457 3184 644 3244 auctoritatis
667 3183 795 3241 adderet
814 3180 961 3240 exercitui
976 3178 1035 3239 Sei-

65 3271 167 3346 pionis
182 3286 221 3329 ac
236 3276 384 3328 terrorem
400 3268 555 3341 Caesaris,
575 3284 644 3326 cum
658 3266 755 3325 tribus
770 3264 941 3339 legionibus
956 3264 1027 3339 equi

65 3355 211 3430 libusque
227 3352 353 3413 frenatis
369 3352 565 3427 octingentis,
591 3350 728 3411 Numidis
743 3350 811 3411 sine
825 3349 919 3409 irenis
932 3348 1039 3425 pediti·

64 3441 187 3517 busque
203 3438 281 3499 levis
297 3444 468 3497 armaturae
483 3437 589 3511 mandi
600 3450 728 3497 numero
742 3433 974 3511 elephantisque
988 3432 1039 3493 tri·
