2302 4192
275 177 318 217 ma
340 174 443 219 annuo
466 174 667 219 moruumuo
692 176 720 220 o.
742 170 784 224 89.
804 170 848 225 90.
873 171 916 226 91.
1051 162 1092 224 93

192 325 263 387 Erat
276 327 352 387 inter
368 326 494 403 ingentis
507 324 677 386 solitudines
692 326 831 404 oppidum
851 344 990 404 magnum
1004 335 1120 408 atquea

102 411 222 479 valens,
242 412 360 471 nomine
379 409 485 486 Capsa,
508 410 591 470 cuius
614 410 746 470 conditor
761 410 902 471 Hercules
918 412 1008 473 Libus
1030 433 1091 475 me-

104 494 288 557 morabatur.
317 494 387 554 llius
402 494 481 554 cives
495 493 571 569 apud
590 492 763 569 Iugurtham
778 494 922 563 inmunes,
936 495 994 555 levi
1010 499 1091 574 inpe-

105 582 169 651 rio,
192 586 222 641 et
235 577 274 638 ob
292 596 326 638 ea
340 575 510 638 fidelissumi
525 576 719 647 habebantur,
740 580 844 638 muniti
865 579 1023 640 advorsum
1038 581 1091 640 ho·

82 666 160 727 ustis
179 680 240 724 non
254 661 409 724 moenibus
423 662 512 722 modo
528 668 557 721 et
571 663 660 721 armis
677 668 764 739 atquc
783 664 867 733 viris,
888 666 1092 725 verumetiam

104 746 199 808 multo
214 747 308 822 magis
322 745 457 805 locorum
471 746 635 824 asperitate·
675 744 749 805 Nam
763 754 881 823 praeter
896 749 1003 824 oppido
1022 759 1119 826 pro-5

105 833 215 911 pinqua
229 829 284 891 alia
302 830 400 889 omnia
415 835 505 899 vasta,
526 826 644 897 inculta,
660 830 774 904 egentia
788 847 890 909 aquae,
909 832 1013 893 infesta
1028 850 1091 892 ser·

104 913 260 993 pentibus,
283 930 409 992 quarum
430 914 487 982 ris,
509 914 594 973 sicuti
615 912 746 973 omnium
767 913 897 974 serarum
918 917 1015 993 inopia
1034 915 1091 975 cibi

105 999 214 1067 acrior,
227 996 332 1058 adhoc
344 995 463 1078 [natura
474 997 665 1074 serpentium,
679 997 742 1073 ipsa
757 996 930 1078 pernitiosa]
941 1001 988 1059 siti
999 1001 1092 1076 magis

68 1102 97 1147 ro
106 1100 196 1161 quam
213 1080 268 1143 alia
290 1097 325 1140 rc
346 1079 528 1141 adcenditur.
572 1079 642 1141 Eius
663 1081 795 1158 potiundi
812 1080 936 1142 Marium
955 1092 1119 1145 maxumae

104 1165 213 1245 cupido
235 1166 395 1233 invaserat,
418 1182 486 1225 cum
504 1170 627 1241 propter
648 1181 735 1224 usum
756 1163 840 1235 belli,
870 1173 933 1227 tum
954 1168 1092 1245 quiores

104 1267 210 1328 aspera
223 1247 377 1309 ridebatur
392 1254 421 1309 ct
434 1246 567 1309 lletellus
580 1248 721 1328 oppidum
738 1248 860 1310 Thalam
875 1268 981 1328 magna
998 1250 1092 1328 gloria

104 1339 235 1411 ceperat,
248 1332 321 1393 haut
334 1330 510 1393 dissimiliter
521 1334 609 1394 sit-um
620 1333 833 1412 munitumque,
849 1335 904 1394 nisi
918 1335 997 1415 quod
1013 1335 1092 1412 apud

102 1416 228 1479 Thalam
240 1434 301 1476 non
315 1415 404 1494 longe
417 1434 434 1476 a
449 1416 604 1478 moenibus
619 1416 729 1494 aliquot
743 1416 838 1477 tontes
853 1426 947 1488 eraut,
964 1418 1091 1496 Capsen-

67 1518 154 1568 uses
178 1517 238 1561 una
262 1500 350 1561 modo
379 1507 468 1578 atque
487 1518 523 1561 ea
543 1502 619 1561 intra
642 1500 782 1578 oppidum
805 1502 866 1577 iugi
887 1519 972 1580 aqua,
993 1507 1091 1562 cetera

101 1583 203 1664 pluria
218 1583 386 1646 utebantur.
414 1585 448 1645 ld
463 1583 562 1663 ibique
584 1590 614 1645 et
636 1585 666 1643 in
686 1584 766 1643 omni
782 1582 889 1652 hlrica,
907 1603 965 1663 qua
985 1584 1116 1663 procult

102 1687 121 1729 a
137 1670 212 1729 mari
226 1667 364 1729 incultius
378 1667 530 1745 agebatur,
553 1686 590 1729 eo
611 1666 725 1728 facilius
740 1666 929 1738 tolerabatur,
949 1671 1017 1747 quia
1031 1667 1091 1728 Nu·

100 1751 203 1814 midae
215 1751 390 1831 plerumque
401 1751 477 1813 lacte
491 1758 520 1812 et
534 1753 627 1813 lerina
644 1768 733 1812 carne
743 1750 937 1813 vescebantur
952 1760 982 1813 et
995 1770 1092 1830 neque

100 1835 197 1897 salem
211 1853 308 1914 neque
323 1835 378 1896 alia
393 1836 579 1898 inritamenta
594 1835 680 1912 gulae
692 1834 888 1914 quaerebant:
904 1835 988 1898 cibus
1002 1834 1086 1917 [illis]

66 1918 249 1987 roadrorsus
268 1920 376 1981 tamem
397 1926 485 1998 atque
507 1920 593 1990 sitim,
616 1937 675 1979 non
693 1918 816 1982 lubidini
837 1938 934 1999 neque
957 1920 1092 1981 luxuriae

100 2011 178 2067 erat
212 2004 306 2082 Igitur
321 2003 423 2064 consul
441 2002 579 2064 omnibus
596 2003 768 2081 exploratis,
790 2005 879 2067 oredo
899 2004 962 2066 dcis
986 2002 1089 2072 fretus,
1100 1994 1142 2057 90

103 2122 144 2135 -·
167 2104 234 2149 nam
256 2094 360 2149 contra
379 2092 475 2149 tantas
494 2086 680 2148 difficultates
701 2088 821 2149 consilio
844 2090 914 2149 satis
935 2088 1091 2166 providere

99 2188 165 2233 non
175 2178 305 2249 poterat:
321 2173 429 2249 quippe
444 2173 531 2233 etiam
542 2171 682 2233 humenti
693 2173 791 2251 inopia
805 2173 1012 2250 temptabatur,
1024 2173 1102 2255 quin¹

101 2255 249 2317 Numidae
263 2254 373 2333 pabulo
388 2257 507 2333 pecoris
521 2257 614 2334 magis
631 2274 719 2334 quam
734 2274 805 2318 arro
819 2257 937 2318 student
955 2263 985 2318 et
999 2255 1091 2335 quod·

65 2362 90 2403 rs
102 2356 232 2419 cumque
250 2345 353 2413 natum
373 2340 470 2401 luerat
487 2341 568 2400 iussu
587 2341 667 2417 regis
691 2342 722 2400 in
742 2338 809 2402 loca
827 2343 940 2402 munita
961 2338 1091 2401 contude-

100 2429 186 2493 rant,
209 2440 281 2500 ager
302 2429 400 2484 autem
422 2424 522 2485 aridus
540 2430 570 2484 et
589 2423 708 2500 frugum
725 2442 832 2486 vacuos
847 2443 882 2486 ea
901 2430 1090 2501 tempestate:

101 2524 174 2567 nam
190 2509 306 2569 aestatis
328 2513 493 2569 extremum
515 2513 580 2568 crat
603 2540 639 2552 -
659 2514 758 2569 tamen
778 2525 833 2585 pro
855 2509 900 2569 rei
919 2509 1003 2585 copia
1020 2508 1092 2569 satis

101 2590 294 2671 providenter
310 2598 448 2652 exornat:
463 2608 555 2670 pecus
570 2608 667 2659 omne,
680 2591 759 2670 quod
771 2591 974 2668 superioribus
987 2590 1118 2652 diebus2

101 2675 234 2753 praedae
253 2675 358 2744 fuerat,
382 2675 529 2755 equitibus
547 2673 703 2737 auxiliariis
724 2675 869 2752 agendum
888 2674 1037 2743 adtribuit,
1056 2674 1090 2735 Α.

65 2759 244 2823 rollanlium
269 2759 399 2837 legatum
426 2779 494 2822 oum
522 2757 694 2820 cohortibus
716 2760 858 2837 expeditis
889 2760 926 2821 ad
951 2758 1093 2838 oppidum

102 2842 202 2915 Laris,
230 2842 282 2905 ubi
300 2844 479 2924 stipendium
501 2850 531 2904 et
547 2849 732 2905 conmeatum
752 2842 914 2913 locaverat,
935 2845 979 2905 irc
999 2842 1091 2911 iubet,

103 2928 232 3007 dicitque
244 2946 277 2990 se
288 2928 531 3006 praedabundum
542 2934 609 3005 post
619 2944 729 3006 paucos
738 2927 800 2988 dies
808 2929 913 2990 eodem
923 2934 1090 2989 venturum.

103 3012 153 3073 Sic
165 3014 281 3089 incepto
296 3030 350 3073 suo
365 3013 509 3074 occultato
521 3012 617 3091 porgit
628 3011 665 3072 ad
676 3009 786 3072 numen
796 3011 928 3073 Tanaim.
954 3010 1091 3071 Ceterum
1101 3010 1140 3071 91

103 3099 133 3157 in
156 3096 261 3157 itincre
283 3097 389 3157 cotidie
409 3114 501 3173 pecus
517 3096 659 3157 exercitui
676 3113 730 3175 per
752 3098 913 3167 centurias,
936 3099 1006 3156 item
1029 3101 1091 3153 tur·

64 3196 168 3243 asinas
192 3179 352 3259 aequaliter
375 3180 579 3249 distribuerat,
604 3186 692 3240 etex
723 3181 809 3241 coriis
825 3189 908 3242 utres
928 3180 972 3241 uti
987 3179 1092 3238 tierent

104 3264 242 3325 curabat:
265 3264 350 3325 simul
370 3266 498 3341 inopiam
517 3264 657 3324 frumenti
673 3262 766 3326 lenire
783 3274 812 3327 et
830 3268 940 3342 ignaris
956 3262 1092 3322 omnihus

103 3366 228 3427 parare,
248 3366 322 3426 qnae
340 3367 408 3409 mox
427 3368 484 3409 usu
503 3348 614 3409 toroni:
638 3347 763 3427 dcniquc
782 3357 864 3411 sexto
884 3351 945 3418 dio,
966 3366 1033 3408 cum
1055 3346 1092 3406 ad

102 3432 213 3493 hrrnrcn
238 3442 355 3493 rentum
377 3440 437 3506 cst,
452 3452 594 3497 maxuma
606 3433 652 3495 ria
666 3436 786 3497 utrium
798 3434 920 3497 cheam.
940 3428 1148 3489 massman-
