2272 4176
460 180 575 244 LIBER
595 181 632 245 Il,
972 178 1033 246 251

58 335 166 413 mrbus
177 336 282 399 turbem
298 343 386 414 aune
400 336 523 399 Italiam
539 341 617 398 tueri
631 354 690 400 non
703 344 809 415 potest,
834 345 947 400 uestrae
963 340 1036 413 fidei

59 425 212 483 mmmmit.
233 422 351 483 Adsunt
362 427 471 498 quinos
487 425 654 499 hortentur,
671 432 704 484 at
721 441 740 483 a
756 426 837 483 nobis
856 427 1034 486 desciscaiis.

63 506 142 579 outa
156 510 237 567 enim
251 514 295 568 cst
309 510 369 568 iilis
384 511 525 582 optatius,
547 524 637 583 quam
652 525 710 568 ano
725 516 852 583 tempore
869 519 897 568 et
907 525 959 569 nos
969 514 1034 570 cir-

61 595 230 652 cumuenire
239 599 268 651 et
278 609 327 653 uos
337 592 456 664 nefario
466 597 575 653 scelere
591 590 792 666 obstrinpere?
810 600 862 652 aut
877 595 950 668 auid
964 597 1036 654 irati

60 680 184 750 manius
195 677 234 736 de
244 678 322 736 uobis
331 680 439 737 sentire
444 685 576 752 possunt,
588 694 677 752 quam
687 688 718 737 ut
728 694 776 738 eos
786 679 929 752 prodatis,
942 682 994 752 qni
1003 696 1034 738 se

10 762 16 769 '
62 762 139 820 robes
151 763 253 820 omnia
264 762 371 821 debere
386 763 534 834 iudicant,
556 765 587 821 in
598 779 699 821 coram
712 769 885 837 potestatem
901 766 1032 836 veniatis,

64 848 113 919 qui
126 862 161 905 sc
173 862 234 919 per
249 861 300 905 uos
311 848 426 921 perisse
436 843 627 905 existimant?
647 848 694 905 An
705 863 773 906 uero
783 850 814 905 in
825 848 974 920 Hispania
985 864 1034 907 res

62 935 160 1002 aestas
171 930 311 993 Caesaris
323 944 382 988 non
398 927 544 990 audistis?
565 931 637 990 dnos
649 935 753 1005 palsas
769 928 939 990 exercitus?
960 933 1034 990 anos

64 1021 216 1088 uiperatos
227 1011 339 1074 duces?
356 1015 432 1074 duas
442 1019 576 1089 receptas
590 1013 782 1089 prouincias?
801 1017 876 1074 baec
887 1022 954 1075 acta
966 1017 1033 1074 dic-

65 1098 113 1157 bus
123 1100 344 1172 quadraginta,
363 1100 466 1172 quibus
482 1102 514 1157 in
531 1107 715 1174 conspectum
732 1102 1033 1159 aduersariorumue-

64 1185 139 1241 nerii
156 1179 292 1242 Caesar?
312 1183 372 1254 An,
395 1187 447 1257 qui
462 1187 619 1243 incolumes
634 1187 769 1244 resistere
789 1200 847 1243 non
864 1191 1031 1259 potuerunt,

63 1268 173 1340 perditi
187 1264 349 1325 resistant?
369 1283 418 1327 uos
435 1277 532 1326 autem
548 1271 660 1327 incerta
676 1271 799 1328 uictoria
811 1269 967 1328 Caesarem
982 1286 1032 1327 se-

64 1353 121 1410 aar·
130 1351 299 1410 diiudicata
312 1353 372 1410 iam
381 1351 581 1423 bellifortuna
592 1356 696 1411 uictum
707 1356 883 1425 sequamini,
902 1368 969 1412 cuni
979 1369 1032 1411 oe-

63 1435 368 1509 striofficiipraemia
381 1439 538 1510 percipere
550 1434 700 1495 debeatis?
722 1438 985 1496 Desertosenimsc
996 1453 1032 1496 oc

63 1520 192 1594 proditos
210 1535 230 1576 a
247 1520 325 1579 nobis
342 1520 444 1579 dicunt
452 1526 481 1578 et
484 1523 599 1594 prioris
608 1525 788 1580 sacramenti
796 1524 965 1580 mentionem
973 1521 1031 1593 sn-

62 1607 150 1663 ciunt.
181 1604 275 1662 Vosne
291 1620 360 1662 uero
370 1604 403 1663 L.
414 1605 584 1677 Domitium,
607 1621 647 1663 an
664 1606 866 1664 uosDomitins
882 1601 1032 1664 deseruit?

65 1688 165 1748 Nonne
174 1694 338 1747 extremam
345 1690 413 1763 pati
418 1688 573 1760 fortunam
580 1698 705 1763 paratos
713 1692 839 1764 proiecit
848 1686 920 1748 ille?
936 1706 1032 1748 nonne

64 1774 207 1832 abiciam
216 1773 296 1832 uobis
306 1776 427 1831 salutem
437 1773 516 1845 fnpo
521 1769 647 1847 petiuit?
657 1790 753 1833 nonne
762 1775 875 1846 proditi
881 1790 938 1847 per
947 1776 1031 1832 ilium

67 1858 203 1917 buesaris
213 1857 349 1929 beneficio
362 1860 429 1916 estis
439 1855 625 1916 conseruati?
646 1857 838 1916 Sacramento
855 1858 971 1930 quidem
982 1873 1031 1916 uos

62 1952 162 2001 tenere
182 1944 236 2015 qui
254 1943 362 2015 potnit,
390 1958 457 2000 cum
468 1944 607 2016 proiectis
621 1941 756 2012 fascibus
776 1947 805 1999 ct
825 1942 952 2015 deposito
972 1944 1031 2000 im-

61 2029 145 2101 perio
157 2026 295 2100 priuatus
311 2032 340 2084 ct
353 2032 457 2099 captus
473 2029 536 2098 ipse
556 2029 588 2083 in
609 2029 737 2084 alienam
758 2029 880 2084 uenisset
896 2032 1031 2099 potesta-

62 2107 139 2171 tem?
160 2110 350 2182 Relinquitur
365 2126 440 2168 noua
457 2112 572 2182 reliquo,
594 2117 627 2167 ut
642 2127 675 2169 co
692 2114 820 2182 neplecto
837 2120 1030 2184 sacramento,

63 2211 117 2269 aaa
127 2196 275 2264 intuemini,
286 2196 450 2267 respiciatis
461 2195 549 2266 iilud,
567 2196 646 2267 qnod
656 2196 801 2254 deditione
812 2195 895 2253 ducis
905 2206 932 2253 et
942 2199 1031 2270 copi-

63 2283 97 2338 tr's
107 2280 307 2338 deminutione
317 2279 461 2336 sublatum
472 2286 523 2336 est.
545 2279 590 2350 At,
602 2281 698 2350 credo,
710 2281 737 2338 si
748 2281 903 2337 Caesarem
916 2280 1031 2353 proba-

62 2367 104 2436 tis,
115 2366 151 2422 in
161 2379 208 2420 mc
219 2361 375 2433 offenditis.
398 2362 456 2432 Qui
471 2364 507 2420 de
523 2366 594 2421 meis
611 2365 641 2421 in
657 2380 706 2422 uos
716 2366 826 2421 meritis
834 2366 1031 2437 praedicatu-

65 2461 113 2507 us
122 2462 184 2506 mon
195 2463 273 2517 sum,
285 2455 438 2518 quaesunt
449 2447 548 2505 adbuc
559 2454 587 2505 et
596 2464 662 2505 mea
670 2450 815 2506 uoluntate
829 2456 857 2505 ct
867 2456 963 2506 oestro
973 2465 1032 2506 coc-

59 2535 225 2607 pectatione
246 2533 374 2600 leviora·
403 2532 457 2589 sed
482 2539 578 2589 tamen
597 2534 645 2590 sni
665 2533 773 2590 laboris
794 2534 898 2590 milites
918 2548 1032 2605 semper

63 2623 164 2677 euentu
175 2616 245 2674 belli
258 2616 394 2688 praemia
409 2617 588 2688 petiverunt,
612 2618 664 2688 pai
679 2618 775 2688 qualis
791 2618 828 2673 sit
840 2615 977 2686 futurus,
996 2632 1033 2674 ne

63 2718 108 2761 aas
119 2701 241 2775 quidem
253 2700 406 2757 dubitatis:
417 2701 600 2771 dilipentiam
609 2701 726 2772 quidem
737 2708 875 2770 nostram,
887 2708 939 2758 out
949 2717 1033 2772 quem

63 2788 102 2844 ad
114 2789 208 2859 finem
225 2784 325 2842 adbuc
341 2800 390 2841 res
403 2785 562 2857 processit,
585 2783 740 2854 fortunam
754 2801 810 2842 cnr
820 2781 1033 2857 praeteream?

13 2888 19 2897 ·
64 2873 106 2929 An
118 2871 335 2946 pronitatem,
358 2869 437 2940 qnod
452 2871 564 2925 sairam
582 2875 668 2940 ataine
685 2871 857 2926 incolumem
873 2871 1033 2926 exercitum

10 2970 17 3025 ¹,
63 2959 145 3015 mulla
161 2955 280 3013 omnino
303 2968 377 3009 noue
394 2953 564 3010 desiderata
581 2948 792 3010 traduxerim?
812 2953 890 3024 nubo
911 2955 1034 3010 classem

10 3018 15 3116 Ῑ
64 3040 185 3099 bostiam
186 3039 289 3112 primo
296 3039 405 3109 impeta
412 3038 570 3095 adueniens
581 3033 826 3111 protiipaucrr'm?
838 3037 915 3108 puori
925 3036 967 3094 bis
975 3053 1035 3109 per

10 3129 25 3205 ζ,
63 3124 181 3183 biduum
198 3123 327 3194 equestri
332 3122 446 3195 proelio
462 3116 686 3194 superaverim?
708 3122 786 3192 quoti
796 3137 835 3177 eoa
843 3128 933 3194 portu
948 3123 1035 3178 sinu-

63 3224 116 3282 pue
136 3208 382 3266 aduersariorum
404 3205 545 3262 ducentas
566 3221 656 3262 nares
675 3207 832 3262 onerarias
858 3205 1035 3263 obtinuerim

63 3309 149 3368 eoque
159 3295 228 3351 iilos
240 3291 445 3364 compulerim,
464 3295 498 3346 ut
513 3306 606 3361 neque
614 3288 747 3361 pedestri
755 3290 860 3345 itincre
870 3304 963 3361 neque
974 3306 1033 3346 no-

64 3379 140 3437 tibus
148 3381 316 3437 commoemu
327 3376 425 3432 iuuari
438 3370 573 3446 possint?
594 3373 662 3430 Hac
678 3388 727 3429 uos
741 3371 869 3443 torinna
885 3380 972 3445 atone
989 3375 1034 3433 bis

10 3482 18 3547 ᾗ
66 3456 909 3537 iacibrrsrepudiatisb'orpnicnsemipnominiam,Itaiiac
922 3458 1041 3532 sapam„

10 3556 19 3590 Ι
