2272 4176
479 167 592 230 tinuit
609 162 649 229 ll.
1010 167 1051 231 33

75 338 134 403 que
145 322 322 384 civitatibus
334 328 368 383 ut
381 322 447 383 sine
460 321 598 398 periculo
611 321 649 382 ad
663 337 731 383 eum
743 324 857 398 portari
873 332 990 401 posset,
1007 327 1048 384 el-

75 409 260 471 ileiebat.·ln
277 423 317 468 eo
334 406 457 467 flumine
473 422 552 482 pons
568 412 641 466 erat.
663 407 706 467 lbi
722 406 909 482 praesidium
924 411 1010 485 ponit
1021 415 1051 469 et

77 494 105 555 in
119 496 214 553 altera
228 499 321 568 parte
335 491 467 551 fluminis
476 490 664 565 Q.Titurium
679 490 826 551 Sabinum
841 493 971 567 legatum
980 510 1048 553 oum

80 594 132 639 sex
145 577 326 639 cohortibus
341 575 478 651 reliquit;
506 582 607 636 eastra
627 575 655 633 in
672 575 860 634 altitudinem
875 574 988 651 pedum
1003 594 1049 637 x11

80 665 152 723 vallo
166 663 320 736 fossaque
336 660 544 735 duodeviginti
559 660 671 734 pedum
687 659 806 719 munire
819 660 912 720 iubet.

153 746 207 805 vi.
225 746 276 805 Ab
292 744 341 803 his
356 744 462 804 eastris
475 744 622 818 oppidum
630 745 795 803 Remorum
807 744 1049 805 nomineBibrax

82 832 177 891 eberat
191 829 274 889 milia
287 845 437 904 passuum
453 836 532 889 octo.
571 828 605 887 ld
627 844 666 886 ex
688 828 795 887 itinere
809 844 920 903 magno
936 830 1050 904 impetu

82 915 186 990 Belgae
201 928 387 990 oppugnare
403 918 579 989 coeperunt.
608 912 711 986 Aegre
727 928 764 973 eo
781 912 831 972 die
846 919 1047 973 sustentatum

83 1006 131 1059 est.
160 998 317 1059 Gallorum
342 998 450 1056 eadem
476 1004 567 1070 atquo
595 996 758 1070 Belgarum
786 998 976 1071 oppugnatio
1002 1003 1050 1056 est

81 1082 157 1142 baeo.
185 1082 245 1143 Ubi
261 1082 459 1142 circumiecta
472 1079 662 1140 multitudine
676 1078 832 1140 hominum
846 1081 918 1141 totis
934 1082 1048 1141 moeni-

82 1168 132 1227 bus
145 1166 286 1242 undique
300 1166 331 1224 in
346 1181 465 1225 murum
480 1166 599 1240 lapides
614 1164 671 1223 iaci
688 1166 786 1239 coepti
800 1172 871 1225 sunt
880 1182 1049 1241 murusque

81 1251 294 1311 defensoribus
309 1250 443 1310 nudatus
458 1256 521 1324 est,
545 1248 698 1309 testudine
719 1250 799 1308 laeta
819 1256 925 1323 portas
941 1266 1048 1309 sucee-

80 1336 148 1396 dunt
160 1349 350 1408 murumque
361 1334 531 1394 subruunt.
561 1332 650 1406 Quod
665 1338 726 1391 turn
741 1334 830 1393 taeile
845 1334 945 1394 fiebat.
974 1334 1047 1393 Nam

79 1435 141 1479 eum
156 1426 242 1479 tanta
255 1418 417 1478 multitudo
433 1418 553 1491 lapides
569 1433 604 1476 ao
620 1418 680 1475 tela
695 1419 883 1492 conicerent,
910 1418 939 1476 in
961 1434 1049 1478 muro

78 1503 264 1565 consistendi
285 1507 425 1577 potestas
447 1507 513 1561 erat
534 1501 616 1560 nulli.
649 1499 721 1559 Cum
744 1502 834 1561 finem
850 1502 1047 1576 oppugnandi

77 1604 132 1649 nox
147 1588 286 1661 iecisset,
303 1587 403 1646 Icelus
411 1587 536 1660 Remus,
551 1600 671 1651 summa
684 1585 839 1646 nobilitate
854 1593 884 1645 et
894 1586 991 1660 gratia
1005 1586 1045 1644 in*

76 1678 119 1732 ter
131 1687 219 1747 suae,
237 1671 290 1746 qui
306 1678 370 1730 tum
384 1671 501 1745 oppido
517 1669 708 1744 praefuerat,
723 1686 804 1729 unus
820 1686 859 1729 ex
875 1671 922 1743 iis,
940 1669 989 1744 qui
1006 1671 1044 1728 le*

74 1757 130 1831 goti
143 1757 185 1816 de
199 1771 279 1831 paee
294 1755 335 1814 ad
347 1754 508 1814 Caesarem
521 1758 677 1825 venerant,
692 1754 827 1813 nuntium
845 1754 884 1812 ad
899 1769 969 1812 eum
983 1753 1045 1825 mit

74 1840 119 1900 tit:
133 1840 193 1900 nisi
207 1838 383 1899 subsidium
397 1839 457 1899 sibi
469 1837 670 1910 submittatur,
687 1852 758 1897 sese
770 1838 884 1897 diutius
897 1838 1047 1896 sustinere

74 1940 131 1985 non
145 1939 253 2000 posse.

152 2010 219 2068 Vll.
242 2007 288 2066 Eo
305 2006 345 2065 de
359 2005 460 2065 media
474 2006 686 2066 noeteCaesar
701 2005 800 2063 isdem
816 2005 945 2065 ducibus
960 2021 1046 2080 usus,

77 2094 123 2169 qui
137 2093 234 2153 nuntii
250 2092 289 2150 ab
305 2091 385 2151 Ionio
401 2097 563 2163 venerant,
590 2091 737 2150 Numidas
753 2096 783 2148 et
798 2090 902 2149 Cretas
924 2090 1047 2163 sagitta-

75 2178 132 2238 rios
145 2184 174 2237 et
187 2176 359 2237 funditores
366 2175 510 2237 Baleares
524 2174 663 2235 subsidio
676 2173 839 2248 oppidanis
853 2174 954 2237 mittit:
972 2192 1045 2248 quo-

74 2278 135 2323 rum
150 2262 287 2320 adventu
302 2265 332 2318 et
346 2258 449 2319 Remis
466 2274 535 2319 emn
549 2276 607 2333 spe
623 2258 811 2317 defensionis
828 2258 960 2317 studium
977 2275 1048 2332 pro-

76 2345 227 2422 pugnandi
244 2343 391 2417 aeoessit,
412 2349 443 2401 et
457 2342 598 2403 hostibus
615 2344 723 2402 eodem
738 2342 777 2400 de
794 2357 888 2401 eausa
902 2359 976 2417 spes
992 2359 1047 2417 po-

76 2430 164 2491 tiundi
187 2428 296 2504 oppidi
312 2427 464 2488 discessit.
505 2428 612 2503 ltaque
628 2427 786 2501 paulisper
799 2427 884 2501 apud
899 2428 1046 2501 oppidum

77 2514 176 2575 morati
189 2527 346 2587 agrosque
356 2514 520 2572 Remorum
532 2511 709 2588 depopulati
723 2510 862 2570 omnibus
874 2511 950 2570 vicis
964 2511 1047 2572 aedi-

80 2598 221 2673 ficiisque,
239 2611 320 2672 quos
336 2596 420 2655 adire
433 2603 588 2671 poterant,
615 2596 749 2654 incensis
765 2596 805 2654 ad
820 2603 921 2654 eastra
936 2595 1045 2654 Caesa-

79 2681 113 2742 tis
124 2681 267 2744 omnibus
276 2681 374 2754 copiis
382 2682 603 2741 contenderunt
611 2687 640 2738 et
647 2680 689 2746 ab
700 2680 820 2738 milibus
833 2695 982 2753 passuum
993 2679 1047 2738 mi-

82 2782 128 2827 nus
144 2766 269 2825 duobus
286 2772 387 2824 eastra
401 2772 580 2839 posuerunt,
597 2779 677 2839 quae
692 2772 801 2838 castra,
816 2769 850 2822 ut
861 2765 943 2824 sumo
956 2773 1048 2840 atque

82 2848 193 2925 ignibus
209 2848 457 2924 significabatur,
482 2850 614 2923 amplius
630 2848 751 2910 milibus
768 2864 916 2924 passuum
932 2856 1001 2908 oeto
1017 2849 1046 2906 in

85 2934 260 2996 latitudinem
276 2933 429 3007 patebant.

153 3020 234 3077 VIII.
258 3018 372 3077 Caesar
386 3018 484 3092 primo
499 3025 530 3079 et
544 3024 670 3094 propter
683 3017 903 3079 multitudinem
915 3015 1046 3076 hostium

64 3120 67 3165 l
87 3108 252 3179 ttpropter
273 3102 415 3162 eximiam
436 3103 611 3178 opinionem
631 3103 750 3163 virtutis
767 3101 885 3178 proelio
901 3113 1045 3174 superse-

64 3184 145 3248 idrte
169 3188 291 3260 statuit,
324 3186 436 3247 cotidie
460 3194 560 3248 tamen
587 3188 782 3263 equestribus
805 3183 945 3259 proeliis,
973 3185 1048 3260 quid

88 3264 167 3333 hostis
188 3273 303 3332 virtute
325 3279 434 3345 posset
455 3280 485 3332 et
505 3273 579 3348 quid
593 3274 690 3333 nostri
705 3273 867 3343 auderent,
894 3269 1045 3343 periclita-

73 3348 168 3437 ,htun
198 3357 259 3418 Ubi
280 3363 413 3444 nostros⁸
426 3373 487 3417 non
509 3373 581 3417 esso
602 3357 762 3417 interiores
784 3352 945 3429 intellexit,
978 3355 1046 3414 loeo

91 3448 134 3511 ltro
145 3441 252 3503 eastris
275 3440 316 3500 ad
333 3439 429 3501 aciem
447 3441 661 3502 instituendam
678 3447 786 3501 natura
807 3446 984 3519 opportuno
1003 3442 1046 3496 at-

82 3536 87 3543 ·
122 3540 144 3583 a.
162 3541 257 3585 runrus
280 3539 404 3583 causan.
830 3537 848 3594 g
