2272 4176
129 498 191 559 202
435 496 485 556 DE
506 494 632 557 arcto
655 496 771 557 crvier

129 668 148 711 a
162 651 286 712 sinistro
302 652 465 725 seclusum,
480 655 597 711 terrore
611 650 746 725 equitum
759 650 985 727 animadverso,
1001 668 1042 712 ne
1053 652 1090 713 io·

129 741 176 796 tra
190 735 386 796 munitionem
401 736 638 810 opprimeretur,
653 742 806 811 copone,
823 752 916 812 quam
929 746 1091 813 prorueret,

129 836 200 882 sese
214 820 395 894 recipiebat,
411 835 447 879 ac
462 818 602 895 plerique
616 834 656 877 ex
673 819 737 892 his,
753 835 793 880 ne
807 820 839 880 in
854 821 1013 895 angustias
1028 822 1091 883 inei·
1131 880 1135 889 ,

129 906 250 977 darent,
278 905 317 963 de
339 905 445 963 decem
460 904 574 979 pedum
588 902 754 963 munitione
769 920 805 963 se
818 905 850 963 in
865 905 968 965 fossas
984 906 1091 980 praeci-

129 990 277 1064 piabant,
294 987 460 1063 primisque
476 988 637 1063 oppressis
651 988 760 1063 reliqui
775 989 955 1063 perborum
972 1005 1093 1064 corpora

129 1075 256 1132 salutem
271 1073 329 1131 sibi
344 1078 434 1146 atque
449 1073 561 1132 exitum
576 1071 744 1145 pariebant.
767 1072 898 1134 Sinistra
915 1090 1015 1135 comu
1027 1076 1092 1133 mili-

128 1164 190 1230 tes,
217 1173 285 1215 cnm
305 1172 344 1215 ex
364 1157 445 1214 vallo
460 1156 637 1230 Pompeium
652 1156 764 1216 adesse
779 1163 810 1216 et
823 1173 900 1219 suos
915 1160 1023 1235 fugere
1038 1174 1092 1218 cer·

122 1248 243 1314 nerent,
259 1240 345 1299 veriti
361 1255 399 1298 ne
414 1241 561 1314 angustiis
577 1240 865 1316 intercluderentur,
887 1258 960 1303 cum
973 1249 1094 1303 extract

30 1324 33 1331 '
128 1327 208 1385 intus
224 1325 342 1384 hostem
356 1322 517 1397 baberent,
539 1325 647 1384 eodem
663 1342 723 1399 quo
738 1334 887 1387 venerant
901 1334 1032 1402 receptu
1044 1327 1093 1387 sibi

129 1409 343 1480 consulebant,
376 1410 539 1483 omniaque
560 1415 646 1467 erant
665 1411 825 1484 tumultus,
849 1411 986 1485 timoris,
1012 1413 1092 1486 fugae

129 1495 227 1569 plena,
245 1493 322 1551 adeo
338 1498 378 1564 ut,
394 1508 462 1551 cum
479 1494 590 1553 Cacsar
604 1493 693 1567 sigua
707 1494 887 1567 fugientium
901 1511 997 1556 manu
1011 1511 1091 1570 pren-

128 1578 213 1636 deret
228 1583 257 1636 et
272 1578 442 1636 consistere
456 1576 588 1649 iuberet,
614 1577 663 1635 alii
684 1577 828 1637 demissis
850 1579 951 1653 signis
971 1580 1092 1639 eundem

128 1677 251 1721 cursum
263 1661 469 1734 confugerent
486 1661 535 1719 alii
550 1676 589 1719 ex
603 1666 686 1721 metu
699 1661 788 1720 etiam
804 1662 893 1736 signa
909 1663 1093 1736 dimitterent

128 1760 227 1818 neque
243 1745 404 1819 quisquam
420 1746 542 1804 omnino
559 1746 750 1805 consisteret.

209 1829 295 1889 LXX.
318 1829 373 1887 His
393 1829 483 1889 tantis
505 1829 591 1888 malis
613 1829 689 1889 hacc
710 1830 849 1889 subsidia
870 1832 1093 1905 succurrebant

129 1931 188 1990 quo
204 1914 303 1973 minus
319 1914 417 1972 omnis
433 1914 584 1972 deleretur
599 1914 760 1987 exercitus,
777 1915 861 1989 quod
874 1913 1042 1991 Pompeius
1056 1916 1093 1976 in-

128 2000 222 2059 sidias
239 1999 355 2069 timens,
373 1997 481 2070 credo,
498 1997 580 2072 quod
594 1997 670 2057 haec
686 2005 807 2072 praeter
822 2013 911 2073 spem
927 2000 1094 2060 acciderant

128 2086 207 2155 eim,
231 2083 281 2157 qui
300 2084 391 2156 paulo
407 2089 477 2141 ante
492 2097 531 2139 ex
546 2082 653 2140 castris
670 2082 818 2156 fugientes
835 2098 912 2142 suos
929 2099 1093 2161 conspexe

127 2174 185 2239 rat,
211 2167 426 2227 munitionibus
449 2166 698 2240 adpropinquare
720 2167 908 2242 aliquamdiu
923 2183 987 2228 non
1010 2170 1093 2230 audc-

129 2252 193 2322 bat,
219 2252 401 2325 equitesque
416 2252 481 2309 eius
498 2251 635 2324 angustis
651 2250 748 2326 portis
764 2258 856 2327 atque
870 2251 920 2310 his
937 2253 976 2312 ab
993 2253 1093 2312 Caesa-

127 2337 169 2392 ris
185 2335 327 2393 militibus
343 2336 500 2407 occupatis
516 2336 556 2393 ad
571 2335 796 2410 insequendum
809 2335 1021 2397 tardabantur.
1057 2338 1092 2397 lta

129 2434 241 2492 parvae
261 2435 311 2477 res
332 2433 474 2491 magnum
496 2419 524 2476 in
539 2425 699 2494 utramque
714 2427 831 2494 partem
844 2428 1035 2480 momentum
1047 2421 1092 2480 ha·

129 2504 264 2560 buerunt.
294 2502 478 2562 Munitiones
494 2504 573 2562 enim
589 2521 607 2562 a
622 2504 731 2563 castris
748 2506 787 2562 ad
801 2502 916 2562 flumen
932 2507 1094 2579 perductae

129 2586 310 2659 expugnatis
330 2588 392 2644 iam
414 2588 522 2646 castris
543 2586 669 2661 Pompei
691 2588 846 2662 propriam
861 2590 1095 2665 expeditamque

129 2670 269 2729 Saesaris
283 2670 442 2729 victoriam
456 2671 740 2745 interpellaverunt,
757 2672 864 2731 eadem
879 2687 932 2730 res
946 2674 1094 2733 celeritate

129 2754 349 2828 insequentium
365 2756 483 2812 tardata
498 2756 609 2813 nostris
626 2757 752 2815 salutem
770 2756 874 2815 attulit.

209 2838 309 2897 LXXI.
336 2838 458 2897 [luobus
474 2838 520 2898 his
535 2839 625 2898 unius
641 2839 701 2898 diei
716 2840 839 2914 proeliis
849 2839 965 2899 Caesar
979 2841 1094 2901 deside-

127 2923 204 2983 ravit
218 2923 327 2982 milites
342 2938 469 2981 ncccctx
484 2931 514 2982 et
527 2931 617 2982 notos
633 2924 752 2996 equites
764 2925 932 2998 Romanos
950 2924 1094 2986 *Tudita-

127 3025 198 3068 num
214 3008 346 3079 Gallum‚
372 3008 522 3067 senatoris
538 3007 647 3079 filium,
671 3008 700 3066 C.
727 3008 912 3088 fleginatem
936 3008 1096 3077 Placentia,

126 3095 163 3151 A.
182 3093 323 3151 Granium
338 3092 486 3162 Puteola,
513 3091 553 3149 ll.
577 3090 790 3150 Sacrativirum
811 3091 933 3166 Capua3
959 3094 1096 3154 tribunos

127 3177 251 3235 militum
272 3183 303 3235 et
328 3175 521 3235 centuriones
541 3191 640 3233 xxxu.
671 3174 733 3234 Sed
754 3176 861 3235 borum
877 3178 1015 3237 omnium
1028 3194 1096 3253 pars

127 3276 237 3334 magna
261 3260 291 3318 iu
318 3261 411 3318 fossis
436 3260 716 3334 munitionibusque
741 3267 771 3319 et
791 3259 924 3319 fluminis
947 3261 1024 3335 ripis
1045 3280 1095 3335 op

129 3361 238 3418 pressa
252 3360 376 3404 suorum
392 3345 422 3402 in
437 3350 553 3403 terrore
569 3359 605 3402 ac
621 3346 693 3417 fuga
707 3344 773 3403 sine
787 3345 848 3404 ullo
864 3347 995 3405 vulnere
1009 3348 1095 3406 iuter-

82 3432 85 3436 '
127 3429 173 3499 iit,
200 3430 349 3502 signaque
370 3437 441 3488 sunt
457 3428 596 3487 militaria
617 3428 731 3487 amissa
750 3444 849 3486 xxvii.
878 3428 1046 3505 Pompeius
1060 3446 1095 3489 co

129 3513 243 3583 proelio
266 3513 428 3587 imperator
451 3521 498 3572 est
522 3514 703 3587 appellatus.
742 3512 808 3571 Hoc
835 3528 948 3571 nomen
971 3514 1093 3574 obtinuit

128 3603 218 3668 atquc
233 3598 273 3655 ita
287 3614 322 3656 se
336 3606 445 3671 postea
461 3597 584 3657 salutari
600 3613 714 3671 passus
730 3612 830 3671 neque
844 3596 874 3655 in
887 3598 1005 3671 litteris,
1021 3615 1093 3673 quas

128 3678 263 3736 scribere
285 3688 332 3739 est
353 3683 474 3754 solitus,
500 3696 601 3756 neque
621 3682 650 3740 in
672 3681 806 3740 fascibus
827 3681 962 3755 insignia
976 3684 1093 3743 tameat

130 3762 276 3839 praetulit.
306 3766 347 3823 At
358 3765 526 3836 Labienus,
548 3781 617 3824 cum
631 3765 669 3823 ab
685 3780 721 3824 eo
737 3764 978 3842 impetravisset,
993 3774 1027 3827 ut
1041 3767 1092 3827 sibi
