2272 4176
27 461 34 475 ⁸
122 501 164 564 oo
410 503 461 564 nn
482 501 607 563 annno
630 503 793 564 canarno

122 654 252 716 maxime
262 657 337 716 Galli
349 657 539 716 delectantur
555 670 696 731 quaeque
711 657 842 731 inpenso
858 673 955 732 paran

124 739 263 799 Germani
278 740 438 816 inportatis
454 758 516 801 nan
531 746 670 814 utuntur,
686 741 743 799 sed
759 757 838 816 quae
852 749 955 802 sunta

123 831 201 897 nata,
219 840 315 898 parva
328 833 420 899 atque
436 823 598 897 deformia,
613 822 690 882 haec
706 825 860 884 cotidiana
875 841 955 885 exen

122 908 230 967 summi
245 916 278 968 ut
290 908 471 969 siutlaboris
483 906 627 967 efficiunt.
642 905 845 982 Equestribus
859 911 955 983 proeli

72 1011 76 1019 ·
123 1008 160 1052 cx
187 993 274 1067 equis
308 993 453 1052 desiliunt
477 1008 514 1050 ac
539 991 672 1065 pedibus
697 992 903 1066 proeliantur,
933 1009 955 1052 e

122 1077 231 1136 eodem
246 1091 405 1135 remancre
419 1075 550 1149 vestigio
567 1075 817 1149 adsuefecerunt,
841 1076 881 1135 ad
899 1093 955 1151 quc

123 1160 238 1233 leniter,
265 1175 334 1219 cunr
348 1176 425 1219 usus
441 1165 502 1232 est,
524 1155 693 1232 recipiunt;
718 1175 820 1234 neque
835 1175 943 1220 eorum

123 1244 241 1317 turpius
267 1244 430 1319 quicquam
452 1249 504 1302 aut
525 1243 651 1302 inertius
672 1242 802 1302 habetur
824 1260 917 1318 quam
939 1259 956 1302 c

125 1328 175 1386 uti.
191 1328 297 1402 ltaque
312 1328 351 1387 ad
368 1327 506 1403 quemvis
522 1341 683 1385 numerum
696 1326 945 1401 ephippiatorum

124 1412 261 1485 quamvis
277 1413 368 1486 pauci
384 1411 468 1471 adire
483 1412 603 1470 audent.
619 1410 731 1469 Vinum
747 1412 836 1470 adse
852 1411 955 1471 omnin

124 1495 178 1553 tari
193 1511 255 1555 non
271 1496 388 1570 sinunt,
406 1495 489 1570 quod
504 1510 541 1553 ea
555 1509 589 1553 re
604 1495 643 1552 ad
658 1494 793 1553 laborem
809 1496 955 1554 ferenduu

124 1581 239 1638 tescere
254 1580 393 1640 homines
408 1586 500 1652 atque
514 1576 681 1636 elietninari
696 1567 888 1637 arbitrentur.

206 1664 254 1722 lll.
277 1664 401 1723 Publice
415 1663 577 1721 maximam
593 1669 701 1736 putant
719 1677 791 1721 esse
805 1663 929 1722 laudem
945 1682 955 1722 c

123 1745 237 1806 tissime
264 1765 283 1806 a
308 1747 373 1807 suis
398 1746 510 1806 linibus
535 1761 648 1804 vaoare
669 1761 777 1820 agros:
805 1745 954 1806 haeresi

123 1845 265 1903 magnum
287 1846 445 1891 numerum
472 1829 637 1889 civitatium
662 1845 749 1889 snam
773 1830 835 1888 vim
856 1832 956 1890 sustin

124 1929 228 1988 passe.
264 1916 371 1990 ltaque
391 1929 453 1974 nna
474 1929 514 1972 ex
528 1919 615 1987 parte
630 1929 649 1972 a
664 1913 774 1973 Suevis
791 1913 912 1974 circiter
926 1932 955 1974 m

123 2011 211 2056 suurn
226 2006 373 2058 sexcenta
388 1997 452 2072 agri
467 2012 578 2056 vacare
593 1997 743 2057 dicuntur.
771 1997 821 2056 Ad
836 2000 955 2059 alteram

123 2082 294 2143 succedunt
306 2082 385 2155 Ubii,
402 2097 532 2156 quorum
548 2081 604 2140 fuit
619 2081 725 2140 civitas
742 2082 844 2154 ampla
858 2090 952 2158 atquc

123 2173 155 2226 ut
169 2173 218 2226 est
232 2176 340 2242 captus
357 2167 585 2238 Germanorum,
608 2172 639 2224 et
652 2167 744 2240 paulo
761 2173 833 2224 sunt
847 2167 955 2226 eiusde

124 2250 164 2309 ris
180 2251 289 2310 ceteris
304 2250 509 2323 humaniores,
524 2254 689 2323 propterea
701 2248 931 2326 quodRhenum
947 2269 955 2310 a

123 2334 309 2408 multumque
331 2334 371 2393 ad
393 2349 448 2392 eos
469 2341 656 2392 mercatores
677 2333 825 2392 ventitant
846 2341 877 2394 et
891 2335 952 2408 ipsi

123 2417 379 2493 propinquitatem
388 2416 509 2476 Gallicis
523 2424 594 2476 sunt
604 2417 739 2477 moribus
751 2418 932 2477 adsuefacti.
948 2420 955 2478 l

123 2500 215 2561 Suevi
237 2501 337 2560 multis
360 2515 456 2574 saepe
476 2500 564 2559 bellis
587 2502 706 2575 experti
720 2508 849 2577 propter
864 2504 955 2576 ampli

121 2585 362 2660 gravitatemque
384 2584 516 2644 civitatis
531 2584 643 2644 linibus
659 2587 815 2660 expellere
830 2603 891 2645 non
908 2603 955 2661 po

121 2676 221 2728 tamen
242 2669 408 2744 vectigales
430 2667 489 2727 sibi
504 2669 641 2728 fecerunt
655 2685 692 2728 ac
707 2671 800 2729 multo
817 2669 954 2730 humilior

121 2752 297 2829 mioresque
312 2753 506 2827 redegerunt.

203 2837 254 2897 lv.
277 2838 311 2896 ln
336 2837 447 2896 eadem
470 2851 565 2895 causa
591 2838 712 2896 fuorunt
725 2836 869 2911 Usipetes
893 2847 923 2898 et
944 2841 955 2898 l

122 2938 200 2999 quos
216 2921 467 2997 supradiximus,
484 2921 534 2995 qui
551 2922 724 2996 complures
737 2938 835 2980 annos
845 2921 955 2983 Suevor

121 3007 345 3075 sustinuerunt3
362 3007 402 3065 ad
416 3012 584 3065 extremum
598 3012 697 3066 tamen
714 3005 795 3080 agris
812 3007 955 3081 expulsit

122 3091 197 3150 locis
219 3089 398 3151 Germaniae
420 3089 580 3149 triennium
603 3091 702 3164 vagati
723 3091 761 3149 ad
782 3089 923 3151 Rhenum
945 3109 955 3166 p

119 3180 206 3244 runt;
255 3190 312 3234 uos
335 3174 477 3249 regiones
492 3172 626 3248 Menapii
648 3173 821 3234 incolebant
835 3184 865 3235 et
879 3175 919 3234 ad
933 3193 954 3235 u

119 3257 217 3334 ripanr
232 3193 364 3318 ffuminis
380 3274 487 3333 agros,
514 3258 654 3318 aedificia
673 3258 823 3332 vicosque
844 3258 955 3318 habeb:

121 3351 222 3403 tantae
235 3341 435 3403 multitudinis
451 3342 534 3402 aditu
550 3341 700 3417 perterriti
716 3343 807 3401 exiis
823 3343 954 3403 aedificii

120 3435 203 3487 trans
224 3426 337 3488 flumen
358 3425 543 3500 habuerant,
572 3426 820 3498 demigraverunt
840 3434 871 3485 ct
893 3428 955 3487 cis}

120 3510 279 3587 dispositis
295 3511 458 3587 praesidiis
476 3511 642 3570 Germanos
658 3510 789 3568 transire
804 3511 955 3586 prohibeb

120 3596 221 3655 omnia
235 3597 354 3671 experti
371 3612 439 3655 cum
453 3611 556 3670 neque
569 3593 599 3653 vi
615 3595 802 3653 contendere
819 3603 947 3671 propter

120 3679 241 3738 navium
256 3696 358 3756 neque
372 3682 450 3740 clam
466 3679 597 3739 transire
618 3683 745 3754 propter
760 3680 918 3738 custodias
933 3677 955 3737 ll

120 3778 185 3823 rum
201 3770 343 3837 possent,
358 3763 469 3824 reverti
485 3779 519 3822 se
535 3764 565 3822 in
580 3779 653 3823 suas
670 3763 761 3822 sedes
775 3764 955 3838 regionesqr
