<?xml version="1.0" encoding="UTF-8"?>
<!DOCTYPE html PUBLIC "-//W3C//DTD XHTML 1.0 Transitional//EN"
    "http://www.w3.org/TR/xhtml1/DTD/xhtml1-transitional.dtd">
<html xmlns="http://www.w3.org/1999/xhtml" xml:lang="en" lang="en">
 <head>
  <title>
</title>
<meta http-equiv="Content-Type" content="text/html;charset=utf-8" />
  <meta name='ocr-system' content='tesseract 3.04.00' />
  <meta name='ocr-capabilities' content='ocr_page ocr_carea ocr_par ocr_line ocrx_word'/>
</head>
<body>
  <div class='ocr_page' id='page_1' title='image "./commentarii00caesgoog_0312.png"; bbox 0 0 2272 4176; ppageno 0'>
   <div class='ocr_carea' id='block_1_1' title="bbox 10 39 1016 223">
    <p class='ocr_par' dir='ltr' id='par_1_1' title="bbox 10 39 1016 223">
     <span class='ocr_line' id='line_1_1' title="bbox 10 39 1016 223; baseline 0.007 -10"><span class='ocrx_word' id='word_1_1' title='bbox 10 39 89 223; x_wconf 56' lang='grc' dir='ltr'><strong><em>Γ</em></strong></span> <span class='ocrx_word' id='word_1_2' title='bbox 454 157 569 218; x_wconf 83' lang='lat' dir='ltr'><strong>LIBER</strong></span> <span class='ocrx_word' id='word_1_3' title='bbox 584 158 632 216; x_wconf 90' lang='lat' dir='ltr'>III.</span> <span class='ocrx_word' id='word_1_4' title='bbox 952 155 1016 220; x_wconf 72' lang='lat' dir='ltr'><strong>‘lta</strong></span> 
     </span>
    </p>
   </div>
   <div class='ocr_carea' id='block_1_2' title="bbox 42 311 1017 3508">
    <p class='ocr_par' dir='ltr' id='par_1_2' title="bbox 46 311 1014 556">
     <span class='ocr_line' id='line_1_2' title="bbox 48 311 1014 389; baseline -0.003 -13"><span class='ocrx_word' id='word_1_5' title='bbox 48 312 198 377; x_wconf 88' lang='lat' dir='ltr'><strong>liclscentl</strong></span> <span class='ocrx_word' id='word_1_6' title='bbox 213 313 399 389; x_wconf 77' lang='lat' dir='ltr'><strong>recepisset,</strong></span> <span class='ocrx_word' id='word_1_7' title='bbox 425 324 465 370; x_wconf 89' lang='lat' dir='ltr'><strong>ne</strong></span> <span class='ocrx_word' id='word_1_8' title='bbox 484 326 541 386; x_wconf 93' lang='lat' dir='ltr'><strong>per</strong></span> <span class='ocrx_word' id='word_1_9' title='bbox 562 311 627 373; x_wconf 88' lang='lat' dir='ltr'><strong>eius</strong></span> <span class='ocrx_word' id='word_1_10' title='bbox 643 311 849 373; x_wconf 85' lang='lat' dir='ltr'><strong>auctoritatem</strong></span> <span class='ocrx_word' id='word_1_11' title='bbox 864 311 1014 388; x_wconf 87' lang='lat' dir='ltr'><strong>deceptus</strong></span> 
     </span>
     <span class='ocr_line' id='line_1_3' title="bbox 46 394 1014 473; baseline -0.001 -13"><span class='ocrx_word' id='word_1_12' title='bbox 46 398 213 473; x_wconf 83' lang='lat' dir='ltr'><strong>videretur,</strong></span> <span class='ocrx_word' id='word_1_13' title='bbox 241 397 364 473; x_wconf 85' lang='lat' dir='ltr'><strong>reliqui,</strong></span> <span class='ocrx_word' id='word_1_14' title='bbox 390 396 420 455; x_wconf 87' lang='lat' dir='ltr'><strong>In</strong></span> <span class='ocrx_word' id='word_1_15' title='bbox 440 394 546 456; x_wconf 88' lang='lat' dir='ltr'><strong>labore</strong></span> <span class='ocrx_word' id='word_1_16' title='bbox 566 397 632 471; x_wconf 89' lang='lat' dir='ltr'><strong>pari</strong></span> <span class='ocrx_word' id='word_1_17' title='bbox 653 412 689 457; x_wconf 87' lang='lat' dir='ltr'><strong>ac</strong></span> <span class='ocrx_word' id='word_1_18' title='bbox 714 397 850 472; x_wconf 93' lang='lat' dir='ltr'><strong>periculo</strong></span> <span class='ocrx_word' id='word_1_19' title='bbox 875 412 915 457; x_wconf 89' lang='lat' dir='ltr'><strong>ne</strong></span> <span class='ocrx_word' id='word_1_20' title='bbox 935 413 1014 459; x_wconf 89' lang='lat' dir='ltr'><strong>unus</strong></span> 
     </span>
     <span class='ocr_line' id='line_1_4' title="bbox 48 483 576 556; baseline -0.013 -11"><span class='ocrx_word' id='word_1_21' title='bbox 48 498 155 546; x_wconf 88' lang='lat' dir='ltr'><strong>omnes</strong></span> <span class='ocrx_word' id='word_1_22' title='bbox 169 483 374 556; x_wconf 89' lang='lat' dir='ltr'><strong>antecederet,</strong></span> <span class='ocrx_word' id='word_1_23' title='bbox 388 486 576 540; x_wconf 86' lang='lat' dir='ltr'><strong>recusarent.</strong></span> 
     </span>
    </p>

    <p class='ocr_par' dir='ltr' id='par_1_3' title="bbox 42 564 1016 2156">
     <span class='ocr_line' id='line_1_5' title="bbox 125 564 1015 641; baseline 0 -14"><span class='ocrx_word' id='word_1_24' title='bbox 125 566 284 627; x_wconf 87' lang='lat' dir='ltr'>LXXXIII.</span> <span class='ocrx_word' id='word_1_25' title='bbox 307 567 370 626; x_wconf 91' lang='lat' dir='ltr'><strong>lam</strong></span> <span class='ocrx_word' id='word_1_26' title='bbox 385 565 423 624; x_wconf 89' lang='lat' dir='ltr'><strong>de</strong></span> <span class='ocrx_word' id='word_1_27' title='bbox 438 565 609 627; x_wconf 83' lang='lat' dir='ltr'><strong>sacerdotIo</strong></span> <span class='ocrx_word' id='word_1_28' title='bbox 621 564 761 626; x_wconf 79' lang='lat' dir='ltr'><strong>Caesaris</strong></span> <span class='ocrx_word' id='word_1_29' title='bbox 775 565 933 641; x_wconf 77' lang='lat' dir='ltr'><strong>homibus,</strong></span> <span class='ocrx_word' id='word_1_30' title='bbox 951 565 1015 627; x_wconf 91' lang='lat' dir='ltr'><strong>Sci-</strong></span> 
     </span>
     <span class='ocr_line' id='line_1_6' title="bbox 46 648 1014 728; baseline -0.002 -17"><span class='ocrx_word' id='word_1_31' title='bbox 46 651 94 728; x_wconf 86' lang='lat' dir='ltr'><strong>pio</strong></span> <span class='ocrx_word' id='word_1_32' title='bbox 116 649 326 727; x_wconf 81' lang='lat' dir='ltr'><strong>Spintherque</strong></span> <span class='ocrx_word' id='word_1_33' title='bbox 345 648 490 709; x_wconf 79' lang='lat' dir='ltr'><strong>Lentulus</strong></span> <span class='ocrx_word' id='word_1_34' title='bbox 516 649 677 710; x_wconf 85' lang='lat' dir='ltr'><strong>cotidianIs</strong></span> <span class='ocrx_word' id='word_1_35' title='bbox 704 651 948 712; x_wconf 82' lang='lat' dir='ltr'><strong>contentionibus</strong></span> <span class='ocrx_word' id='word_1_36' title='bbox 975 650 1014 710; x_wconf 89' lang='lat' dir='ltr'><strong>ad</strong></span> 
     </span>
     <span class='ocr_line' id='line_1_7' title="bbox 46 734 1013 811; baseline -0.002 -16"><span class='ocrx_word' id='word_1_37' title='bbox 46 735 244 811; x_wconf 81' lang='lat' dir='ltr'><strong>gravissimas</strong></span> <span class='ocrx_word' id='word_1_38' title='bbox 265 734 428 794; x_wconf 86' lang='lat' dir='ltr'><strong>verborum</strong></span> <span class='ocrx_word' id='word_1_39' title='bbox 450 734 648 793; x_wconf 84' lang='lat' dir='ltr'><strong>contumelias</strong></span> <span class='ocrx_word' id='word_1_40' title='bbox 663 735 764 809; x_wconf 89' lang='lat' dir='ltr'><strong>palam</strong></span> <span class='ocrx_word' id='word_1_41' title='bbox 779 736 1013 808; x_wconf 86' lang='lat' dir='ltr'><strong>descenderunt,</strong></span> 
     </span>
     <span class='ocr_line' id='line_1_8' title="bbox 46 817 1012 891; baseline -0.002 -10"><span class='ocrx_word' id='word_1_42' title='bbox 46 836 112 881; x_wconf 87' lang='lat' dir='ltr'><strong>cum</strong></span> <span class='ocrx_word' id='word_1_43' title='bbox 125 820 275 880; x_wconf 89' lang='lat' dir='ltr'><strong>Lentulus</strong></span> <span class='ocrx_word' id='word_1_44' title='bbox 289 818 396 878; x_wconf 90' lang='lat' dir='ltr'><strong>aetatis</strong></span> <span class='ocrx_word' id='word_1_45' title='bbox 410 817 558 877; x_wconf 88' lang='lat' dir='ltr'><strong>honorem</strong></span> <span class='ocrx_word' id='word_1_46' title='bbox 574 824 747 891; x_wconf 82' lang='lat' dir='ltr'><strong>ostentaret,</strong></span> <span class='ocrx_word' id='word_1_47' title='bbox 762 817 910 879; x_wconf 89' lang='lat' dir='ltr'><strong>Domitius</strong></span> <span class='ocrx_word' id='word_1_48' title='bbox 925 819 1012 879; x_wconf 88' lang='lat' dir='ltr'><strong>urba-</strong></span> 
     </span>
     <span class='ocr_line' id='line_1_9' title="bbox 46 901 1015 979; baseline -0.004 -14"><span class='ocrx_word' id='word_1_49' title='bbox 46 920 112 965; x_wconf 90' lang='lat' dir='ltr'><strong>nam</strong></span> <span class='ocrx_word' id='word_1_50' title='bbox 137 903 266 979; x_wconf 79' lang='lat' dir='ltr'><strong>gruttam</strong></span> <span class='ocrx_word' id='word_1_51' title='bbox 291 902 529 976; x_wconf 81' lang='lat' dir='ltr'><strong>dignitatemque</strong></span> <span class='ocrx_word' id='word_1_52' title='bbox 556 903 696 976; x_wconf 89' lang='lat' dir='ltr'><strong>iactaret,</strong></span> <span class='ocrx_word' id='word_1_53' title='bbox 727 901 830 978; x_wconf 86' lang='lat' dir='ltr'><strong>Scipio</strong></span> <span class='ocrx_word' id='word_1_54' title='bbox 860 903 1015 964; x_wconf 85' lang='lat' dir='ltr'><strong>adfinitate</strong></span> 
     </span>
     <span class='ocr_line' id='line_1_10' title="bbox 45 986 1014 1064; baseline -0.002 -16"><span class='ocrx_word' id='word_1_55' title='bbox 45 988 169 1062; x_wconf 85' lang='lat' dir='ltr'><strong>Pompei</strong></span> <span class='ocrx_word' id='word_1_56' title='bbox 191 986 368 1048; x_wconf 86' lang='lat' dir='ltr'><strong>confideret.</strong></span> <span class='ocrx_word' id='word_1_57' title='bbox 396 986 565 1046; x_wconf 87' lang='lat' dir='ltr'><strong>Postulavit</strong></span> <span class='ocrx_word' id='word_1_58' title='bbox 586 987 676 1045; x_wconf 87' lang='lat' dir='ltr'><strong>etlam</strong></span> <span class='ocrx_word' id='word_1_59' title='bbox 690 987 723 1044; x_wconf 92' lang='lat' dir='ltr'><strong>L.</strong></span> <span class='ocrx_word' id='word_1_60' title='bbox 739 987 896 1047; x_wconf 79' lang='lat' dir='ltr'><strong>Afranium</strong></span> <span class='ocrx_word' id='word_1_61' title='bbox 911 987 1014 1064; x_wconf 92' lang='lat' dir='ltr'><strong>prodi-</strong></span> 
     </span>
     <span class='ocr_line' id='line_1_11' title="bbox 46 1070 1015 1147; baseline -0.001 -14"><span class='ocrx_word' id='word_1_62' title='bbox 46 1072 134 1133; x_wconf 90' lang='lat' dir='ltr'><strong>tionis</strong></span> <span class='ocrx_word' id='word_1_63' title='bbox 159 1072 315 1132; x_wconf 85' lang='lat' dir='ltr'><strong>exercitus</strong></span> <span class='ocrx_word' id='word_1_64' title='bbox 334 1070 463 1130; x_wconf 91' lang='lat' dir='ltr'><strong>Acutius</strong></span> <span class='ocrx_word' id='word_1_65' title='bbox 484 1071 583 1130; x_wconf 83' lang='lat' dir='ltr'><strong>Rufus</strong></span> <span class='ocrx_word' id='word_1_66' title='bbox 609 1071 692 1146; x_wconf 89' lang='lat' dir='ltr'><strong>apud</strong></span> <span class='ocrx_word' id='word_1_67' title='bbox 713 1070 904 1146; x_wconf 89' lang='lat' dir='ltr'><strong>Pompeium,</strong></span> <span class='ocrx_word' id='word_1_68' title='bbox 932 1071 1015 1147; x_wconf 92' lang='lat' dir='ltr'><strong>quod</strong></span> 
     </span>
     <span class='ocr_line' id='line_1_12' title="bbox 44 1154 1014 1233; baseline -0.002 -15"><span class='ocrx_word' id='word_1_69' title='bbox 44 1164 164 1233; x_wconf 81' lang='lat' dir='ltr'><strong>gestum</strong></span> <span class='ocrx_word' id='word_1_70' title='bbox 186 1156 218 1215; x_wconf 91' lang='lat' dir='ltr'><strong>in</strong></span> <span class='ocrx_word' id='word_1_71' title='bbox 237 1155 384 1230; x_wconf 87' lang='lat' dir='ltr'><strong>HispanIa</strong></span> <span class='ocrx_word' id='word_1_72' title='bbox 404 1155 527 1214; x_wconf 90' lang='lat' dir='ltr'><strong>diceret.</strong></span> <span class='ocrx_word' id='word_1_73' title='bbox 561 1154 599 1214; x_wconf 85' lang='lat' dir='ltr'><strong>Et</strong></span> <span class='ocrx_word' id='word_1_74' title='bbox 618 1154 651 1212; x_wconf 88' lang='lat' dir='ltr'><strong>L.</strong></span> <span class='ocrx_word' id='word_1_75' title='bbox 666 1155 813 1216; x_wconf 89' lang='lat' dir='ltr'><strong>Domitius</strong></span> <span class='ocrx_word' id='word_1_76' title='bbox 834 1157 864 1215; x_wconf 89' lang='lat' dir='ltr'><strong>in</strong></span> <span class='ocrx_word' id='word_1_77' title='bbox 887 1157 1014 1217; x_wconf 86' lang='lat' dir='ltr'><strong>consiIIo</strong></span> 
     </span>
     <span class='ocr_line' id='line_1_13' title="bbox 46 1238 1014 1315; baseline -0.001 -14"><span class='ocrx_word' id='word_1_78' title='bbox 46 1241 119 1303; x_wconf 83' lang='lat' dir='ltr'><strong>dixit</strong></span> <span class='ocrx_word' id='word_1_79' title='bbox 138 1239 264 1315; x_wconf 89' lang='lat' dir='ltr'><strong>placere</strong></span> <span class='ocrx_word' id='word_1_80' title='bbox 286 1239 344 1298; x_wconf 91' lang='lat' dir='ltr'><strong>sibi</strong></span> <span class='ocrx_word' id='word_1_81' title='bbox 364 1238 445 1299; x_wconf 93' lang='lat' dir='ltr'><strong>bello</strong></span> <span class='ocrx_word' id='word_1_82' title='bbox 467 1240 607 1299; x_wconf 85' lang='lat' dir='ltr'><strong>conlecto</strong></span> <span class='ocrx_word' id='word_1_83' title='bbox 629 1246 731 1299; x_wconf 90' lang='lat' dir='ltr'><strong>ternas</strong></span> <span class='ocrx_word' id='word_1_84' title='bbox 755 1241 880 1299; x_wconf 87' lang='lat' dir='ltr'><strong>tabellas</strong></span> <span class='ocrx_word' id='word_1_85' title='bbox 896 1241 960 1300; x_wconf 90' lang='lat' dir='ltr'><strong>dari</strong></span> <span class='ocrx_word' id='word_1_86' title='bbox 976 1241 1014 1299; x_wconf 91' lang='lat' dir='ltr'><strong>ad</strong></span> 
     </span>
     <span class='ocr_line' id='line_1_14' title="bbox 46 1322 1015 1399; baseline -0.002 -14"><span class='ocrx_word' id='word_1_87' title='bbox 46 1325 242 1387; x_wconf 88' lang='lat' dir='ltr'><strong>iudicandum</strong></span> <span class='ocrx_word' id='word_1_88' title='bbox 257 1324 310 1397; x_wconf 89' lang='lat' dir='ltr'><strong>iis,</strong></span> <span class='ocrx_word' id='word_1_89' title='bbox 327 1322 377 1398; x_wconf 91' lang='lat' dir='ltr'><strong>qui</strong></span> <span class='ocrx_word' id='word_1_90' title='bbox 393 1323 507 1383; x_wconf 90' lang='lat' dir='ltr'><strong>ordinis</strong></span> <span class='ocrx_word' id='word_1_91' title='bbox 521 1331 625 1383; x_wconf 86' lang='lat' dir='ltr'><strong>essent</strong></span> <span class='ocrx_word' id='word_1_92' title='bbox 639 1325 783 1384; x_wconf 89' lang='lat' dir='ltr'><strong>senatorii</strong></span> <span class='ocrx_word' id='word_1_93' title='bbox 797 1324 940 1399; x_wconf 91' lang='lat' dir='ltr'><strong>belloque</strong></span> <span class='ocrx_word' id='word_1_94' title='bbox 954 1341 1015 1385; x_wconf 88' lang='lat' dir='ltr'><strong>una</strong></span> 
     </span>
     <span class='ocr_line' id='line_1_15' title="bbox 45 1407 1014 1485; baseline -0.003 -14"><span class='ocrx_word' id='word_1_95' title='bbox 45 1426 111 1471; x_wconf 87' lang='lat' dir='ltr'><strong>cum</strong></span> <span class='ocrx_word' id='word_1_96' title='bbox 126 1408 206 1485; x_wconf 92' lang='lat' dir='ltr'><strong>ipsis</strong></span> <span class='ocrx_word' id='word_1_97' title='bbox 221 1407 430 1468; x_wconf 82' lang='lat' dir='ltr'><strong>interfuissent</strong></span> <span class='ocrx_word' id='word_1_98' title='bbox 445 1408 674 1482; x_wconf 88' lang='lat' dir='ltr'><strong>sententiasque</strong></span> <span class='ocrx_word' id='word_1_99' title='bbox 694 1408 733 1467; x_wconf 91' lang='lat' dir='ltr'><strong>de</strong></span> <span class='ocrx_word' id='word_1_100' title='bbox 748 1409 875 1483; x_wconf 81' lang='lat' dir='ltr'><strong>singulis</strong></span> <span class='ocrx_word' id='word_1_101' title='bbox 891 1410 1014 1481; x_wconf 84' lang='lat' dir='ltr'><strong>ferrent,</strong></span> 
     </span>
     <span class='ocr_line' id='line_1_16' title="bbox 45 1492 1014 1571; baseline -0.003 -16"><span class='ocrx_word' id='word_1_102' title='bbox 45 1496 93 1571; x_wconf 88' lang='lat' dir='ltr'><strong>qui</strong></span> <span class='ocrx_word' id='word_1_103' title='bbox 113 1494 234 1555; x_wconf 91' lang='lat' dir='ltr'><strong>Romae</strong></span> <span class='ocrx_word' id='word_1_104' title='bbox 254 1492 475 1552; x_wconf 89' lang='lat' dir='ltr'><strong>remansissent</strong></span> <span class='ocrx_word' id='word_1_105' title='bbox 496 1492 610 1568; x_wconf 90' lang='lat' dir='ltr'><strong>quique</strong></span> <span class='ocrx_word' id='word_1_106' title='bbox 629 1492 707 1551; x_wconf 90' lang='lat' dir='ltr'><strong>intra</strong></span> <span class='ocrx_word' id='word_1_107' title='bbox 721 1493 876 1567; x_wconf 89' lang='lat' dir='ltr'><strong>praesidia</strong></span> <span class='ocrx_word' id='word_1_108' title='bbox 888 1492 1014 1568; x_wconf 89' lang='lat' dir='ltr'><strong>Pompei</strong></span> 
     </span>
     <span class='ocr_line' id='line_1_17' title="bbox 45 1576 1014 1652; baseline -0.002 -15"><span class='ocrx_word' id='word_1_109' title='bbox 45 1580 175 1639; x_wconf 86' lang='lat' dir='ltr'><strong>tuissent</strong></span> <span class='ocrx_word' id='word_1_110' title='bbox 187 1592 290 1652; x_wconf 88' lang='lat' dir='ltr'><strong>neque</strong></span> <span class='ocrx_word' id='word_1_111' title='bbox 306 1592 432 1650; x_wconf 89' lang='lat' dir='ltr'><strong>operam</strong></span> <span class='ocrx_word' id='word_1_112' title='bbox 446 1576 476 1634; x_wconf 87' lang='lat' dir='ltr'><strong>tn</strong></span> <span class='ocrx_word' id='word_1_113' title='bbox 491 1592 525 1635; x_wconf 91' lang='lat' dir='ltr'><strong>re</strong></span> <span class='ocrx_word' id='word_1_114' title='bbox 538 1576 658 1636; x_wconf 84' lang='lat' dir='ltr'><strong>militari</strong></span> <span class='ocrx_word' id='word_1_115' title='bbox 669 1577 908 1652; x_wconf 84' lang='lat' dir='ltr'><strong>praestitIssent=</strong></span> <span class='ocrx_word' id='word_1_116' title='bbox 923 1593 1014 1637; x_wconf 90' lang='lat' dir='ltr'><strong>unam</strong></span> 
     </span>
     <span class='ocr_line' id='line_1_18' title="bbox 44 1660 1014 1736; baseline 0 -15"><span class='ocrx_word' id='word_1_117' title='bbox 44 1664 107 1724; x_wconf 89' lang='lat' dir='ltr'><strong>lore</strong></span> <span class='ocrx_word' id='word_1_118' title='bbox 123 1662 283 1733; x_wconf 89' lang='lat' dir='ltr'><strong>tabellam,</strong></span> <span class='ocrx_word' id='word_1_119' title='bbox 312 1661 363 1736; x_wconf 92' lang='lat' dir='ltr'><strong>qui</strong></span> <span class='ocrx_word' id='word_1_120' title='bbox 379 1660 555 1720; x_wconf 89' lang='lat' dir='ltr'><strong>liberandos</strong></span> <span class='ocrx_word' id='word_1_121' title='bbox 578 1660 658 1721; x_wconf 91' lang='lat' dir='ltr'><strong>omni</strong></span> <span class='ocrx_word' id='word_1_122' title='bbox 679 1661 815 1736; x_wconf 90' lang='lat' dir='ltr'><strong>periculo</strong></span> <span class='ocrx_word' id='word_1_123' title='bbox 838 1669 1014 1731; x_wconf 75' lang='lat' dir='ltr'><strong>censerent3</strong></span> 
     </span>
     <span class='ocr_line' id='line_1_19' title="bbox 44 1744 1013 1821; baseline 0 -16"><span class='ocrx_word' id='word_1_124' title='bbox 44 1748 179 1821; x_wconf 86' lang='lat' dir='ltr'><strong>alteram,</strong></span> <span class='ocrx_word' id='word_1_125' title='bbox 195 1745 248 1820; x_wconf 92' lang='lat' dir='ltr'><strong>qui</strong></span> <span class='ocrx_word' id='word_1_126' title='bbox 264 1745 372 1820; x_wconf 87' lang='lat' dir='ltr'><strong>capitis</strong></span> <span class='ocrx_word' id='word_1_127' title='bbox 384 1744 577 1813; x_wconf 88' lang='lat' dir='ltr'><strong>damnarent;</strong></span> <span class='ocrx_word' id='word_1_128' title='bbox 592 1745 718 1819; x_wconf 90' lang='lat' dir='ltr'><strong>tertiam,</strong></span> <span class='ocrx_word' id='word_1_129' title='bbox 735 1745 787 1820; x_wconf 93' lang='lat' dir='ltr'><strong>qui</strong></span> <span class='ocrx_word' id='word_1_130' title='bbox 797 1746 929 1819; x_wconf 90' lang='lat' dir='ltr'><strong>pecunia</strong></span> <span class='ocrx_word' id='word_1_131' title='bbox 939 1748 1013 1805; x_wconf 92' lang='lat' dir='ltr'><strong>mul-</strong></span> 
     </span>
     <span class='ocr_line' id='line_1_20' title="bbox 44 1827 1016 1891; baseline -0.003 0"><span class='ocrx_word' id='word_1_132' title='bbox 44 1836 150 1891; x_wconf 87' lang='lat' dir='ltr'><strong>tarent</strong></span> <span class='ocrx_word' id='word_1_133' title='bbox 189 1827 349 1890; x_wconf 89' lang='lat' dir='ltr'><strong>Postremo</strong></span> <span class='ocrx_word' id='word_1_134' title='bbox 371 1844 478 1889; x_wconf 91' lang='lat' dir='ltr'><strong>omnes</strong></span> <span class='ocrx_word' id='word_1_135' title='bbox 500 1835 552 1889; x_wconf 91' lang='lat' dir='ltr'><strong>aut</strong></span> <span class='ocrx_word' id='word_1_136' title='bbox 571 1829 609 1888; x_wconf 89' lang='lat' dir='ltr'><strong>de</strong></span> <span class='ocrx_word' id='word_1_137' title='bbox 629 1828 796 1889; x_wconf 92' lang='lat' dir='ltr'><strong>honoribus</strong></span> <span class='ocrx_word' id='word_1_138' title='bbox 817 1829 883 1888; x_wconf 89' lang='lat' dir='ltr'><strong>suis</strong></span> <span class='ocrx_word' id='word_1_139' title='bbox 904 1837 956 1890; x_wconf 90' lang='lat' dir='ltr'><strong>aut</strong></span> <span class='ocrx_word' id='word_1_140' title='bbox 977 1831 1016 1889; x_wconf 91' lang='lat' dir='ltr'><strong>de</strong></span> 
     </span>
     <span class='ocr_line' id='line_1_21' title="bbox 43 1912 1014 1990; baseline -0.002 -16"><span class='ocrx_word' id='word_1_141' title='bbox 43 1913 187 1990; x_wconf 91' lang='lat' dir='ltr'><strong>praemiis</strong></span> <span class='ocrx_word' id='word_1_142' title='bbox 208 1912 359 1988; x_wconf 88' lang='lat' dir='ltr'><strong>pecuniae</strong></span> <span class='ocrx_word' id='word_1_143' title='bbox 379 1919 431 1972; x_wconf 87' lang='lat' dir='ltr'><strong>aut</strong></span> <span class='ocrx_word' id='word_1_144' title='bbox 452 1913 490 1972; x_wconf 92' lang='lat' dir='ltr'><strong>de</strong></span> <span class='ocrx_word' id='word_1_145' title='bbox 510 1914 734 1988; x_wconf 88' lang='lat' dir='ltr'><strong>persequendis</strong></span> <span class='ocrx_word' id='word_1_146' title='bbox 758 1913 919 1972; x_wconf 87' lang='lat' dir='ltr'><strong>inimIcitiis</strong></span> <span class='ocrx_word' id='word_1_147' title='bbox 944 1929 1014 1988; x_wconf 82' lang='lat' dir='ltr'><strong>age-</strong></span> 
     </span>
     <span class='ocr_line' id='line_1_22' title="bbox 42 1996 1013 2073; baseline -0.003 -14"><span class='ocrx_word' id='word_1_148' title='bbox 42 1999 115 2059; x_wconf 85' lang='lat' dir='ltr'><strong>bant</strong></span> <span class='ocrx_word' id='word_1_149' title='bbox 127 2013 196 2072; x_wconf 92' lang='lat' dir='ltr'><strong>nec,</strong></span> <span class='ocrx_word' id='word_1_150' title='bbox 214 1997 324 2072; x_wconf 88' lang='lat' dir='ltr'><strong>quibus</strong></span> <span class='ocrx_word' id='word_1_151' title='bbox 335 1996 503 2057; x_wconf 89' lang='lat' dir='ltr'><strong>rationibus</strong></span> <span class='ocrx_word' id='word_1_152' title='bbox 516 2013 664 2072; x_wconf 89' lang='lat' dir='ltr'><strong>superare</strong></span> <span class='ocrx_word' id='word_1_153' title='bbox 675 2004 812 2073; x_wconf 85' lang='lat' dir='ltr'><strong>possent,</strong></span> <span class='ocrx_word' id='word_1_154' title='bbox 828 1998 893 2073; x_wconf 91' lang='lat' dir='ltr'><strong>sed,</strong></span> <span class='ocrx_word' id='word_1_155' title='bbox 910 2013 1013 2073; x_wconf 90' lang='lat' dir='ltr'><strong>quem·</strong></span> 
     </span>
     <span class='ocr_line' id='line_1_23' title="bbox 44 2080 776 2156; baseline -0.004 -14"><span class='ocrx_word' id='word_1_156' title='bbox 44 2083 210 2144; x_wconf 89' lang='lat' dir='ltr'><strong>admodum</strong></span> <span class='ocrx_word' id='word_1_157' title='bbox 225 2081 268 2141; x_wconf 91' lang='lat' dir='ltr'><strong>uti</strong></span> <span class='ocrx_word' id='word_1_158' title='bbox 281 2080 410 2141; x_wconf 83' lang='lat' dir='ltr'><strong>victorIa</strong></span> <span class='ocrx_word' id='word_1_159' title='bbox 424 2082 578 2156; x_wconf 91' lang='lat' dir='ltr'><strong>deberent,</strong></span> <span class='ocrx_word' id='word_1_160' title='bbox 595 2082 776 2156; x_wconf 84' lang='lat' dir='ltr'><strong>cogitabant.</strong></span> 
     </span>
    </p>

    <p class='ocr_par' dir='ltr' id='par_1_4' title="bbox 42 2165 1017 3508">
     <span class='ocr_line' id='line_1_24' title="bbox 125 2165 1015 2241; baseline -0.001 -14"><span class='ocrx_word' id='word_1_161' title='bbox 125 2165 285 2227; x_wconf 86' lang='lat' dir='ltr'>LXXXIV.</span> <span class='ocrx_word' id='word_1_162' title='bbox 303 2165 349 2224; x_wconf 91' lang='lat' dir='ltr'><strong>Re</strong></span> <span class='ocrx_word' id='word_1_163' title='bbox 362 2166 558 2226; x_wconf 82' lang='lat' dir='ltr'><strong>humentaria</strong></span> <span class='ocrx_word' id='word_1_164' title='bbox 568 2173 753 2241; x_wconf 85' lang='lat' dir='ltr'><strong>praeparata</strong></span> <span class='ocrx_word' id='word_1_165' title='bbox 768 2165 1015 2241; x_wconf 87' lang='lat' dir='ltr'><strong>confirmatisque</strong></span> 
     </span>
     <span class='ocr_line' id='line_1_25' title="bbox 43 2248 1014 2329; baseline -0.001 -18"><span class='ocrx_word' id='word_1_166' title='bbox 43 2251 187 2312; x_wconf 89' lang='lat' dir='ltr'><strong>militibus</strong></span> <span class='ocrx_word' id='word_1_167' title='bbox 210 2257 239 2310; x_wconf 92' lang='lat' dir='ltr'><strong>et</strong></span> <span class='ocrx_word' id='word_1_168' title='bbox 260 2248 334 2308; x_wconf 91' lang='lat' dir='ltr'><strong>satis</strong></span> <span class='ocrx_word' id='word_1_169' title='bbox 355 2250 447 2323; x_wconf 84' lang='lat' dir='ltr'><strong>longo</strong></span> <span class='ocrx_word' id='word_1_170' title='bbox 470 2251 569 2325; x_wconf 87' lang='lat' dir='ltr'><strong>spatio</strong></span> <span class='ocrx_word' id='word_1_171' title='bbox 590 2251 735 2325; x_wconf 92' lang='lat' dir='ltr'><strong>temporis</strong></span> <span class='ocrx_word' id='word_1_172' title='bbox 758 2268 776 2311; x_wconf 91' lang='lat' dir='ltr'><strong>a</strong></span> <span class='ocrx_word' id='word_1_173' title='bbox 795 2251 1014 2329; x_wconf 72' lang='lat' dir='ltr'><strong>Dyrrhachium</strong></span> 
     </span>
     <span class='ocr_line' id='line_1_26' title="bbox 44 2334 1013 2411; baseline -0.001 -17"><span class='ocrx_word' id='word_1_174' title='bbox 44 2336 171 2411; x_wconf 90' lang='lat' dir='ltr'><strong>procliis</strong></span> <span class='ocrx_word' id='word_1_175' title='bbox 183 2334 367 2407; x_wconf 89' lang='lat' dir='ltr'><strong>intermisso,</strong></span> <span class='ocrx_word' id='word_1_176' title='bbox 384 2349 444 2408; x_wconf 91' lang='lat' dir='ltr'><strong>quo</strong></span> <span class='ocrx_word' id='word_1_177' title='bbox 461 2335 535 2394; x_wconf 89' lang='lat' dir='ltr'><strong>satis</strong></span> <span class='ocrx_word' id='word_1_178' title='bbox 550 2343 746 2410; x_wconf 89' lang='lat' dir='ltr'><strong>perspectum</strong></span> <span class='ocrx_word' id='word_1_179' title='bbox 760 2336 874 2395; x_wconf 89' lang='lat' dir='ltr'><strong>habere</strong></span> <span class='ocrx_word' id='word_1_180' title='bbox 888 2335 1013 2395; x_wconf 92' lang='lat' dir='ltr'><strong>militum</strong></span> 
     </span>
     <span class='ocr_line' id='line_1_27' title="bbox 42 2417 1013 2493; baseline -0.002 -14"><span class='ocrx_word' id='word_1_181' title='bbox 42 2421 178 2480; x_wconf 91' lang='lat' dir='ltr'><strong>animum</strong></span> <span class='ocrx_word' id='word_1_182' title='bbox 191 2417 354 2491; x_wconf 89' lang='lat' dir='ltr'><strong>videretur,</strong></span> <span class='ocrx_word' id='word_1_183' title='bbox 371 2419 578 2493; x_wconf 88' lang='lat' dir='ltr'><strong>temptandum</strong></span> <span class='ocrx_word' id='word_1_184' title='bbox 594 2419 705 2478; x_wconf 87' lang='lat' dir='ltr'><strong>Caesar</strong></span> <span class='ocrx_word' id='word_1_185' title='bbox 720 2420 911 2492; x_wconf 82' lang='lat' dir='ltr'><strong>existimavit,</strong></span> <span class='ocrx_word' id='word_1_186' title='bbox 929 2419 1013 2492; x_wconf 91' lang='lat' dir='ltr'><strong>quid·</strong></span> 
     </span>
     <span class='ocr_line' id='line_1_28' title="bbox 43 2501 1014 2578; baseline -0.003 -15"><span class='ocrx_word' id='word_1_187' title='bbox 43 2520 112 2564; x_wconf 86' lang='lat' dir='ltr'><strong>nam</strong></span> <span class='ocrx_word' id='word_1_188' title='bbox 131 2501 299 2576; x_wconf 91' lang='lat' dir='ltr'><strong>Pompeius</strong></span> <span class='ocrx_word' id='word_1_189' title='bbox 322 2504 473 2578; x_wconf 91' lang='lat' dir='ltr'><strong>propositi</strong></span> <span class='ocrx_word' id='word_1_190' title='bbox 493 2510 545 2563; x_wconf 91' lang='lat' dir='ltr'><strong>aut</strong></span> <span class='ocrx_word' id='word_1_191' title='bbox 564 2504 727 2563; x_wconf 90' lang='lat' dir='ltr'><strong>voluntatis</strong></span> <span class='ocrx_word' id='word_1_192' title='bbox 752 2505 791 2563; x_wconf 88' lang='lat' dir='ltr'><strong>ad</strong></span> <span class='ocrx_word' id='word_1_193' title='bbox 813 2503 1014 2563; x_wconf 91' lang='lat' dir='ltr'><strong>dimicandum</strong></span> 
     </span>
     <span class='ocr_line' id='line_1_29' title="bbox 44 2585 1013 2662; baseline -0.002 -16"><span class='ocrx_word' id='word_1_194' title='bbox 44 2588 179 2648; x_wconf 87' lang='lat' dir='ltr'><strong>haberet.</strong></span> <span class='ocrx_word' id='word_1_195' title='bbox 195 2585 303 2661; x_wconf 91' lang='lat' dir='ltr'><strong>Itaque</strong></span> <span class='ocrx_word' id='word_1_196' title='bbox 318 2601 357 2645; x_wconf 86' lang='lat' dir='ltr'><strong>ex</strong></span> <span class='ocrx_word' id='word_1_197' title='bbox 372 2588 480 2646; x_wconf 87' lang='lat' dir='ltr'><strong>castris</strong></span> <span class='ocrx_word' id='word_1_198' title='bbox 497 2588 663 2647; x_wconf 88' lang='lat' dir='ltr'><strong>exercitum</strong></span> <span class='ocrx_word' id='word_1_199' title='bbox 678 2588 784 2647; x_wconf 87' lang='lat' dir='ltr'><strong>eduxit</strong></span> <span class='ocrx_word' id='word_1_200' title='bbox 798 2588 956 2662; x_wconf 90' lang='lat' dir='ltr'><strong>aciemque</strong></span> <span class='ocrx_word' id='word_1_201' title='bbox 970 2586 1013 2645; x_wconf 92' lang='lat' dir='ltr'><strong>in-</strong></span> 
     </span>
     <span class='ocr_line' id='line_1_30' title="bbox 44 2670 1012 2745; baseline -0.004 -12"><span class='ocrx_word' id='word_1_202' title='bbox 44 2672 169 2744; x_wconf 86' lang='lat' dir='ltr'><strong>struxit,</strong></span> <span class='ocrx_word' id='word_1_203' title='bbox 195 2670 295 2745; x_wconf 82' lang='lat' dir='ltr'><strong>primo</strong></span> <span class='ocrx_word' id='word_1_204' title='bbox 311 2670 376 2730; x_wconf 90' lang='lat' dir='ltr'><strong>suis</strong></span> <span class='ocrx_word' id='word_1_205' title='bbox 391 2672 468 2731; x_wconf 86' lang='lat' dir='ltr'><strong>locIs</strong></span> <span class='ocrx_word' id='word_1_206' title='bbox 483 2673 638 2745; x_wconf 90' lang='lat' dir='ltr'><strong>pauloque</strong></span> <span class='ocrx_word' id='word_1_207' title='bbox 653 2688 672 2731; x_wconf 91' lang='lat' dir='ltr'><strong>a</strong></span> <span class='ocrx_word' id='word_1_208' title='bbox 687 2673 795 2732; x_wconf 90' lang='lat' dir='ltr'><strong>castris</strong></span> <span class='ocrx_word' id='word_1_209' title='bbox 810 2671 935 2745; x_wconf 91' lang='lat' dir='ltr'><strong>Pompei</strong></span> <span class='ocrx_word' id='word_1_210' title='bbox 950 2672 1012 2730; x_wconf 89' lang='lat' dir='ltr'><strong>lon-</strong></span> 
     </span>
     <span class='ocr_line' id='line_1_31' title="bbox 44 2754 1014 2832; baseline -0.003 -15"><span class='ocrx_word' id='word_1_211' title='bbox 44 2759 119 2832; x_wconf 74' lang='lat' dir='ltr'><strong>gius,</strong></span> <span class='ocrx_word' id='word_1_212' title='bbox 131 2754 356 2815; x_wconf 90' lang='lat' dir='ltr'><strong>continentibus</strong></span> <span class='ocrx_word' id='word_1_213' title='bbox 368 2771 442 2815; x_wconf 91' lang='lat' dir='ltr'><strong>vero</strong></span> <span class='ocrx_word' id='word_1_214' title='bbox 455 2756 571 2829; x_wconf 92' lang='lat' dir='ltr'><strong>diebus,</strong></span> <span class='ocrx_word' id='word_1_215' title='bbox 586 2762 620 2815; x_wconf 91' lang='lat' dir='ltr'><strong>ut</strong></span> <span class='ocrx_word' id='word_1_216' title='bbox 630 2756 866 2829; x_wconf 80' lang='lat' dir='ltr'><strong>progrederetur</strong></span> <span class='ocrx_word' id='word_1_217' title='bbox 878 2772 896 2814; x_wconf 88' lang='lat' dir='ltr'><strong>a</strong></span> <span class='ocrx_word' id='word_1_218' title='bbox 908 2755 1014 2815; x_wconf 91' lang='lat' dir='ltr'><strong>castris</strong></span> 
     </span>
     <span class='ocr_line' id='line_1_32' title="bbox 44 2838 1015 2913; baseline -0.004 -12"><span class='ocrx_word' id='word_1_219' title='bbox 44 2842 106 2901; x_wconf 90' lang='lat' dir='ltr'><strong>suis</strong></span> <span class='ocrx_word' id='word_1_220' title='bbox 130 2838 324 2913; x_wconf 89' lang='lat' dir='ltr'><strong>collibusque</strong></span> <span class='ocrx_word' id='word_1_221' title='bbox 344 2838 538 2913; x_wconf 81' lang='lat' dir='ltr'><strong>Pompeianis</strong></span> <span class='ocrx_word' id='word_1_222' title='bbox 561 2841 657 2899; x_wconf 86' lang='lat' dir='ltr'><strong>aciem</strong></span> <span class='ocrx_word' id='word_1_223' title='bbox 674 2839 835 2900; x_wconf 85' lang='lat' dir='ltr'><strong>subIceret.</strong></span> <span class='ocrx_word' id='word_1_224' title='bbox 867 2840 950 2913; x_wconf 84' lang='lat' dir='ltr'><strong>Quae</strong></span> <span class='ocrx_word' id='word_1_225' title='bbox 964 2854 1015 2898; x_wconf 88' lang='lat' dir='ltr'><strong>res</strong></span> 
     </span>
     <span class='ocr_line' id='line_1_33' title="bbox 44 2920 1014 2998; baseline -0.002 -14"><span class='ocrx_word' id='word_1_226' title='bbox 44 2925 72 2984; x_wconf 92' lang='lat' dir='ltr'><strong>in</strong></span> <span class='ocrx_word' id='word_1_227' title='bbox 87 2925 156 2985; x_wconf 88' lang='lat' dir='ltr'><strong>dies</strong></span> <span class='ocrx_word' id='word_1_228' title='bbox 179 2923 434 2983; x_wconf 89' lang='lat' dir='ltr'><strong>confirmatiorem</strong></span> <span class='ocrx_word' id='word_1_229' title='bbox 455 2924 521 2984; x_wconf 90' lang='lat' dir='ltr'><strong>eius</strong></span> <span class='ocrx_word' id='word_1_230' title='bbox 543 2923 709 2984; x_wconf 84' lang='lat' dir='ltr'><strong>exercitum</strong></span> <span class='ocrx_word' id='word_1_231' title='bbox 729 2924 889 2983; x_wconf 83' lang='lat' dir='ltr'><strong>efficiebat.</strong></span> <span class='ocrx_word' id='word_1_232' title='bbox 918 2920 1014 2998; x_wconf 89' lang='lat' dir='ltr'><strong>Supe-</strong></span> 
     </span>
     <span class='ocr_line' id='line_1_34' title="bbox 43 3006 1015 3083; baseline -0.001 -15"><span class='ocrx_word' id='word_1_233' title='bbox 43 3009 105 3069; x_wconf 71' lang='lat' dir='ltr'><strong>rius</strong></span> <span class='ocrx_word' id='word_1_234' title='bbox 119 3015 223 3069; x_wconf 89' lang='lat' dir='ltr'><strong>tamen</strong></span> <span class='ocrx_word' id='word_1_235' title='bbox 236 3006 405 3067; x_wconf 89' lang='lat' dir='ltr'><strong>institutum</strong></span> <span class='ocrx_word' id='word_1_236' title='bbox 416 3008 446 3066; x_wconf 90' lang='lat' dir='ltr'><strong>in</strong></span> <span class='ocrx_word' id='word_1_237' title='bbox 459 3008 621 3083; x_wconf 90' lang='lat' dir='ltr'><strong>equitibus,</strong></span> <span class='ocrx_word' id='word_1_238' title='bbox 635 3009 718 3082; x_wconf 90' lang='lat' dir='ltr'><strong>quod</strong></span> <span class='ocrx_word' id='word_1_239' title='bbox 731 3008 1015 3082; x_wconf 68' lang='lat' dir='ltr'><strong>demonstravimus</strong></span> 
     </span>
     <span class='ocr_line' id='line_1_35' title="bbox 45 3092 1015 3168; baseline -0.002 -15"><span class='ocrx_word' id='word_1_240' title='bbox 45 3093 200 3165; x_wconf 83' lang='lat' dir='ltr'><strong>servabat,</strong></span> <span class='ocrx_word' id='word_1_241' title='bbox 214 3097 257 3165; x_wconf 91' lang='lat' dir='ltr'><strong>ut,</strong></span> <span class='ocrx_word' id='word_1_242' title='bbox 274 3092 418 3165; x_wconf 91' lang='lat' dir='ltr'><strong>quoniam</strong></span> <span class='ocrx_word' id='word_1_243' title='bbox 432 3108 558 3153; x_wconf 91' lang='lat' dir='ltr'><strong>numero</strong></span> <span class='ocrx_word' id='word_1_244' title='bbox 573 3092 674 3152; x_wconf 90' lang='lat' dir='ltr'><strong>multis</strong></span> <span class='ocrx_word' id='word_1_245' title='bbox 690 3093 827 3168; x_wconf 82' lang='lat' dir='ltr'><strong>partibus</strong></span> <span class='ocrx_word' id='word_1_246' title='bbox 842 3097 926 3151; x_wconf 90' lang='lat' dir='ltr'><strong>esset</strong></span> <span class='ocrx_word' id='word_1_247' title='bbox 939 3092 986 3151; x_wconf 89' lang='lat' dir='ltr'><strong>inf</strong></span> <span class='ocrx_word' id='word_1_248' title='bbox 1003 3124 1015 3133; x_wconf 94' lang='lat'><strong>·</strong></span> 
     </span>
     <span class='ocr_line' id='line_1_36' title="bbox 44 3175 1015 3253; baseline 0 -17"><span class='ocrx_word' id='word_1_249' title='bbox 44 3177 119 3253; x_wconf 88' lang='lat' dir='ltr'><strong>rior,</strong></span> <span class='ocrx_word' id='word_1_250' title='bbox 146 3175 362 3237; x_wconf 88' lang='lat' dir='ltr'><strong>adulescentes</strong></span> <span class='ocrx_word' id='word_1_251' title='bbox 384 3181 478 3251; x_wconf 90' lang='lat' dir='ltr'><strong>atque</strong></span> <span class='ocrx_word' id='word_1_252' title='bbox 500 3177 662 3253; x_wconf 89' lang='lat' dir='ltr'><strong>expeditos</strong></span> <span class='ocrx_word' id='word_1_253' title='bbox 678 3192 717 3236; x_wconf 89' lang='lat' dir='ltr'><strong>ex</strong></span> <span class='ocrx_word' id='word_1_254' title='bbox 733 3176 939 3250; x_wconf 78' lang='lat' dir='ltr'><strong>antesignanis</strong></span> <span class='ocrx_word' id='word_1_255' title='bbox 955 3177 1015 3236; x_wconf 91' lang='lat' dir='ltr'><strong>ele·</strong></span> 
     </span>
     <span class='ocr_line' id='line_1_37' title="bbox 43 3259 1017 3337; baseline -0.002 -14"><span class='ocrx_word' id='word_1_256' title='bbox 43 3262 99 3323; x_wconf 92' lang='lat' dir='ltr'><strong>ctis</strong></span> <span class='ocrx_word' id='word_1_257' title='bbox 114 3261 227 3322; x_wconf 91' lang='lat' dir='ltr'><strong>milites</strong></span> <span class='ocrx_word' id='word_1_258' title='bbox 250 3260 289 3319; x_wconf 91' lang='lat' dir='ltr'><strong>ad</strong></span> <span class='ocrx_word' id='word_1_259' title='bbox 309 3261 518 3333; x_wconf 90' lang='lat' dir='ltr'><strong>pernicitatem</strong></span> <span class='ocrx_word' id='word_1_260' title='bbox 541 3261 632 3320; x_wconf 92' lang='lat' dir='ltr'><strong>armis</strong></span> <span class='ocrx_word' id='word_1_261' title='bbox 648 3260 724 3320; x_wconf 90' lang='lat' dir='ltr'><strong>inter</strong></span> <span class='ocrx_word' id='word_1_262' title='bbox 738 3262 857 3337; x_wconf 89' lang='lat' dir='ltr'><strong>equites</strong></span> <span class='ocrx_word' id='word_1_263' title='bbox 873 3259 1017 3336; x_wconf 87' lang='lat' dir='ltr'><strong>proeliari</strong></span> 
     </span>
     <span class='ocr_line' id='line_1_38' title="bbox 43 3343 1015 3421; baseline -0.002 -14"><span class='ocrx_word' id='word_1_264' title='bbox 43 3344 176 3421; x_wconf 88' lang='lat' dir='ltr'><strong>luberet,</strong></span> <span class='ocrx_word' id='word_1_265' title='bbox 205 3343 258 3420; x_wconf 91' lang='lat' dir='ltr'><strong>qui</strong></span> <span class='ocrx_word' id='word_1_266' title='bbox 281 3344 432 3405; x_wconf 87' lang='lat' dir='ltr'><strong>cotidIana</strong></span> <span class='ocrx_word' id='word_1_267' title='bbox 453 3345 674 3406; x_wconf 90' lang='lat' dir='ltr'><strong>consuetudine</strong></span> <span class='ocrx_word' id='word_1_268' title='bbox 694 3361 784 3405; x_wconf 90' lang='lat' dir='ltr'><strong>usum</strong></span> <span class='ocrx_word' id='word_1_269' title='bbox 805 3360 929 3421; x_wconf 89' lang='lat' dir='ltr'><strong>quoque</strong></span> <span class='ocrx_word' id='word_1_270' title='bbox 949 3344 1015 3406; x_wconf 89' lang='lat' dir='ltr'><strong>eius</strong></span> 
     </span>
     <span class='ocr_line' id='line_1_39' title="bbox 43 3428 1015 3508; baseline 0.001 -16"><span class='ocrx_word' id='word_1_271' title='bbox 43 3432 167 3506; x_wconf 73' lang='lat' dir='ltr'><strong>generis</strong></span> <span class='ocrx_word' id='word_1_272' title='bbox 182 3428 373 3507; x_wconf 88' lang='lat' dir='ltr'><strong>proeliorum</strong></span> <span class='ocrx_word' id='word_1_273' title='bbox 387 3430 591 3508; x_wconf 88' lang='lat' dir='ltr'><strong>perciperent.</strong></span> <span class='ocrx_word' id='word_1_274' title='bbox 606 3429 661 3491; x_wconf 89' lang='lat' dir='ltr'><strong>His</strong></span> <span class='ocrx_word' id='word_1_275' title='bbox 677 3437 742 3493; x_wconf 88' lang='lat' dir='ltr'><strong>erat</strong></span> <span class='ocrx_word' id='word_1_276' title='bbox 755 3430 849 3493; x_wconf 89' lang='lat' dir='ltr'><strong>rebus</strong></span> <span class='ocrx_word' id='word_1_277' title='bbox 864 3429 1015 3506; x_wconf 85' lang='lat' dir='ltr'><strong>ellectum,</strong></span> 
     </span>
    </p>
   </div>
   <div class='ocr_carea' id='block_1_3' title="bbox 0 0 1140 4176">
    <p class='ocr_par' dir='ltr' id='par_1_5' title="bbox 0 0 1140 4176">
     <span class='ocr_line' id='line_1_40' title="bbox 0 0 1140 4176; baseline 0 0"><span class='ocrx_word' id='word_1_278' title='bbox 0 0 1140 4176; x_wconf 95' lang='lat' dir='ltr'><strong> </strong></span> 
     </span>
    </p>
   </div>
  </div>
 </body>
</html>
