2272 4176
56 40 207 119 terme
227 40 251 53 ··

69 190 74 195 ·
189 168 191 173 ’
338 196 508 278 ciarev.
867 199 908 264 oa

56 347 114 408 sed
135 346 187 421 qui
202 351 280 406 sunt
292 348 393 408 exhis
409 349 486 422 nati,
513 363 619 409 eorum
639 348 789 411 habentur
812 352 906 429 liberi,

56 447 140 491 mum
154 431 243 504 virgo
262 447 404 509 quaeque
419 434 552 492 deducta
566 441 623 492 est.

56 515 78 572 l.
101 514 231 590 Equites
256 514 391 577 hostium
412 516 626 592 essedariique
651 518 761 578 acriter
785 519 905 594 proelio

56 599 151 659 uitatu
166 604 274 660 nostro
289 600 320 658 in
335 601 443 660 itinere
459 599 672 676 conflixerunt,
688 608 788 662 tamen
803 610 837 663 ut
851 619 905 664 no-

56 684 142 743 nibus
158 683 298 759 partibus
314 686 491 760 superiores
507 685 618 745 luerint
632 693 725 760 atque
739 703 794 747 eos
809 688 840 746 in
855 687 906 748 sil-

57 768 170 843 lesque
190 770 401 843 conpulerint;
430 769 488 828 scd
514 770 714 843 conpluribus
740 771 906 831 interiectis

55 867 70 910 s
86 852 220 932 insecuti
235 855 402 914 nonnullos
416 868 456 912 ex
471 853 536 912 suis
552 853 728 913 amiserunt.
749 855 790 915 At
803 855 846 915 illi
856 855 906 914 'in-

56 951 71 996 o
87 936 191 1009 spatio
212 937 450 1012 inprudentibus
465 937 580 998 nostris
595 945 687 1012 atque
702 938 860 1013 occupatis
875 939 905 998 in

57 1035 97 1078 ne
113 1026 287 1080 castrorum
301 1021 403 1085 subito
415 1038 450 1083 se
468 1035 507 1081 ex
523 1021 609 1082 silvis
622 1021 777 1083 eiecerunt
787 1023 905 1097 inpetu-

56 1119 106 1165 eos
123 1105 221 1179 iacto,
250 1106 303 1180 qui
324 1113 411 1166 erant
424 1106 453 1164 in
470 1105 601 1165 statione
615 1121 671 1181 pro
688 1107 798 1167 castris
812 1108 891 1168 collo

56 1189 125 1248 riter
139 1198 365 1264 pugnaverunt
381 1189 564 1265 duabusque
578 1189 682 1250 missis
699 1190 838 1251 subsidio
854 1206 890 1251 co

56 1289 67 1332 s
89 1288 110 1331 a
132 1272 267 1333 Caesare
288 1279 381 1349 atque
401 1273 449 1333 his
470 1273 576 1348 primis
597 1274 752 1348 legionum
768 1275 904 1350 duarum,

56 1372 75 1416 e
97 1357 270 1431 perexiguo
292 1357 466 1418 intemrisso
489 1358 589 1433 spatio
610 1357 687 1417 inter
702 1374 737 1418 se
752 1359 905 1418 constitis-

56 1456 116 1501 ovo
132 1456 248 1515 genere
262 1457 386 1516 pugnae
401 1438 569 1517 perterritis
585 1442 700 1501 nostris
715 1457 772 1517 per
786 1443 904 1502 medios

55 1526 135 1584 sime
155 1532 363 1600 perruperunt
383 1541 481 1600 seque
502 1525 574 1585 inde
595 1527 764 1585 incolumes
778 1541 905 1600 recepe-

56 1625 78 1670 o
94 1609 147 1668 die
162 1609 196 1682 Q.
212 1609 361 1670 Laberius
375 1611 493 1685 Deme,
507 1609 647 1670 tribunus
663 1609 797 1684 militmn,
813 1609 903 1669 inter-

63 1693 110 1753 llli
127 1693 268 1767 pluribus
284 1693 447 1754 submissis
463 1693 640 1754 cohortibus
655 1695 855 1768 repelluntur.

56 1777 87 1837 ΓΙ.
119 1776 197 1838 Toto
223 1776 284 1838 hoc
307 1778 339 1836 in
359 1792 472 1852 genere
492 1793 614 1853 pugnae
636 1793 705 1838 cum
726 1777 783 1837 sub
806 1776 903 1836 oculis

56 1878 62 1921 ι
81 1876 121 1920 ac
135 1877 195 1936 pro
212 1862 323 1922 castris
339 1862 547 1938 dimicaretur,
574 1862 759 1921 intellectum
781 1865 829 1919 est
848 1877 903 1920 no-

56 1950 159 2020 ropter
174 1946 354 2018 gravitatem
368 1961 536 2019 armorum,
554 1945 638 2020 quod
660 1959 762 2020 neque
782 1943 903 2019 insequi

57 2045 72 2089 s
96 2035 233 2104 possent
252 2045 355 2105 neque
376 2031 413 2089 ab
437 2030 533 2104 signis
559 2029 720 2089 discedere
746 2030 903 2104 auderent,

56 2120 131 2189 ‚ptos
148 2127 221 2173 esse
237 2114 276 2173 ad
290 2113 381 2174 huius
393 2115 513 2188 generis
525 2113 655 2188 hostem,
671 2112 791 2188 equites
802 2118 904 2172 autem

60 2213 131 2258 cum
152 2197 291 2272 periculo
313 2198 430 2272 proelio
453 2197 613 2271 dimicare,
638 2204 803 2272 propterea
819 2197 903 2272 quod

56 2297 71 2340 n
93 2282 239 2342 consulto
260 2283 440 2357 plerumque
461 2284 605 2342 cederent
625 2287 669 2355 et,
696 2297 764 2341 cum
778 2282 903 2355 paulum

56 2364 155 2425 nibus
171 2370 296 2425 nostros
312 2366 532 2440 removissent,
555 2381 594 2424 ex
610 2365 730 2424 essedis
746 2365 904 2424 desilirent

56 2466 98 2510 us
115 2449 233 2524 dispari
248 2451 366 2525 proelio
383 2451 610 2511 contenderent.
626 2448 786 2524 Equestris
802 2455 902 2509 autem

56 2534 131 2594 ratio
155 2539 188 2594 et
208 2533 388 2594 cedentibus
416 2542 447 2594 ct
472 2533 704 2609 insequentibus
729 2549 785 2608 par
810 2538 903 2607 atque

56 2618 195 2678 ciculum
208 2617 368 2678 inferebat.
396 2618 575 2678 Accedebat
588 2617 664 2690 huc,
689 2625 723 2677 ut
737 2632 902 2691 numquam

56 2748 61 2776 ,
76 2703 137 2762 sed
150 2701 214 2761 rari
228 2703 410 2777 magnisque
425 2701 591 2763 intervallis
606 2701 829 2776 proeliarentur
841 2708 900 2761 sta-

56 2801 84 2847 te
99 2785 273 2862 dispositas
288 2786 449 2861 haberent,
477 2794 570 2860 atquc
585 2785 662 2845 alios
684 2785 733 2844 alii
755 2785 901 2861 deinceps

56 2876 100 2933 ent
114 2869 291 2945 integrique
306 2876 336 2930 et
346 2877 486 2931 recentes
503 2869 676 2943 defatigatis
689 2871 900 2930 succederent.

56 2955 97 3015 ll.
120 2955 252 3016 Postero
268 2954 319 3014 die
332 2957 440 3029 procul
454 2972 473 3014 a
488 2953 597 3014 castris
609 2953 715 3014 hostes
727 2954 758 3013 in
772 2955 901 3014 collibus

56 3045 126 3101 runt
145 3037 272 3115 rarique
295 3054 331 3097 se
353 3039 516 3099 ostendere
534 3044 564 3098 et
582 3038 682 3098 lenius
699 3055 790 3118 quam
804 3037 902 3112 pridie

56 3123 185 3201 ¹equites
200 3122 319 3198 proelio
327 3124 482 3183 lacessere
497 3129 675 3198 coeperunt.
699 3122 762 3182 Sed
776 3121 901 3180 meridie

56 3222 119 3279 usar
133 3206 305 3284 pabulandi
320 3223 414 3267 causa
428 3213 491 3267 tres
512 3206 651 3280 legiones
673 3213 765 3281 atque
781 3220 902 3265 omnem

56 3284 175 3361 lucum
192 3293 268 3352 Gaio
281 3291 432 3352 Trebonio
448 3293 549 3365 legato
565 3291 709 3365 misisset,
724 3295 850 3365 repente
862 3305 902 3348 ex

56 3374 219 3459 §panibus
234 3376 276 3436 ad
290 3375 486 3451 pabulatores
499 3375 729 3450 advolaverunt,
745 3375 790 3434 sic
804 3375 848 3434 uti
862 3373 901 3433 ab

56 3460 280 3541 'filonibosque
302 3474 365 3521 non
385 3459 576 3522 absisterent.
612 3459 720 3525 Nostri
741 3461 855 3525 acriter
875 3459 911 3523 in

653 3548 702 3616 ⁶*
