2272 4176
390 148 703 211 mussitandum
973 142 1038 211 tlt

135 294 222 357 Idan
233 298 315 357 md.-
334 299 385 357 Illa
398 317 510 373 quoque
522 308 577 357 tarn
588 302 616 357 in
627 302 651 357 is
663 316 747 373 quam
757 299 785 357 in
796 317 828 356 er
838 300 915 357 linita
925 304 1037 361 nomina

64 382 188 457 arulam
209 391 325 442 servent
343 385 373 441 in
393 403 424 441 er
444 386 652 443 terminatorum
667 386 697 441 id
711 392 754 441 est
768 392 883 458 accepto
896 386 920 441 ie
936 386 1039 445 iaciunt
1076 424 1085 441 .

64 470 242 547 remelium,
253 476 283 525 ut
301 469 348 525 bic
367 472 460 542 pulvis
481 477 508 526 et
527 473 627 544 pulver
648 472 790 543 pulveris,
811 470 857 527 hic
874 470 997 527 cucumis
1011 476 1039 529 et

64 566 193 610 arcumen
214 555 386 624 cucumeris,
409 555 456 612 hic
475 556 544 611 cinis
565 563 592 611 et
612 557 689 612 einer
703 556 821 623 cineris,
846 554 892 609 hic
906 554 996 611 vomis
1010 562 1039 611 et

64 653 156 693 romer
175 640 312 695 vomeris.
350 640 500 696 Praeterea
526 639 630 696 Caesar
656 640 777 696 declinat
801 640 882 711 pubis
907 640 1039 711 puberirr

67 722 191 792 uidam,
213 729 244 778 ut
256 724 378 795 Probus,
399 728 489 797 pubes
504 726 633 797 puberis,
654 724 767 797 quidam
782 725 871 797 puber
886 726 1007 797 puberis.

138 806 225 864 Idem
234 825 266 880 p.
279 807 354 870 7082
377 810 454 865 llaec
468 812 550 882 pollis
564 811 684 882 pollinis.
722 808 769 866 Sic
784 808 934 865 Charisius.
971 810 1037 865 Pro-

64 908 101 948 us
119 898 222 948 autem
237 898 264 947 et
279 890 382 949 Caesar
395 894 451 951 hoc
465 897 559 967 pollen
573 895 684 967 pollinis
700 894 919 959 declinaverunt.

137 976 250 1033 clears.
260 978 431 1050 p.117P..-
459 980 552 1035 Turbo
568 980 721 1047 Turbonis,
743 980 766 1033 si
781 980 923 1051 proprium
939 980 974 1035 eit
988 976 1035 1035 iro·

64 1063 137 1117 linis
162 1078 285 1129 nomen;
308 1064 439 1133 turbinis,
462 1065 486 1119 si
506 1067 659 1136 procellam
679 1065 850 1121 voluerimus
872 1064 1036 1135 exprimere,

64 1155 95 1203 ut
111 1147 147 1202 in
162 1163 201 1201 eo
209 1188 217 1216 ,
240 1147 328 1218 inquit
341 1148 460 1218 Plinius,
481 1150 528 1220 qui
539 1156 580 1204 est
591 1152 619 1205 in
631 1151 692 1204 lusu
703 1165 864 1221 puerorum.
899 1146 957 1203 Sed
969 1146 1038 1203 {lae-

64 1248 95 1288 ar
123 1231 165 1287 de
189 1233 321 1303 analogia
342 1234 466 1289 secundo
487 1237 650 1302 turbonem,
676 1252 732 1289 mm
754 1234 889 1289 turbinem
907 1234 989 1289 etiam
1012 1232 1038 1287 in

64 1320 227 1389 tmpestate
241 1315 295 1372 diei
303 1317 406 1373 debere
415 1320 461 1385 ait,
472 1325 501 1373 ut
508 1317 574 1375 Cato
584 1318 705 1385 Catonis,
721 1316 1030 1375 nonutlromoirominir

140 1399 237 1468 Quint.
251 1399 277 1470 Ι,
296 1399 325 1470 5,
346 1400 401 1462 68:
433 1403 501 1458 Mihi
524 1405 616 1475 placet
640 1404 764 1459 Latinam
789 1404 924 1457 rationem
951 1402 1040 1475 betrui,

64 1501 190 1556 uosque
206 1486 307 1557 patitur
323 1487 417 1543 decor.
449 1487 547 1559 Neque
564 1489 637 1544 enim
652 1489 708 1543 iam
722 1486 910 1559 Calypsonem
922 1486 1039 1543 dixerim

64 1577 74 1626 t
89 1572 258 1639 Iunonem,
282 1586 451 1642 quamquam
465 1578 577 1629 secutus
592 1573 721 1643 antiquos
736 1570 766 1627 C.
778 1568 883 1627 {laesor
895 1572 977 1627 utitur
987 1571 1039 1627 imo

64 1657 168 1713 atione
187 1653 355 1739 declinandi.

138 1738 253 1797 Chares.
264 1757 295 1811 p.
307 1738 348 1800 98
361 1740 412 1796 P..·
433 1738 475 1796 Ne
490 1741 537 1796 illa
553 1739 665 1811 quidem
676 1742 746 1796 ratio
759 1746 871 1813 recepta
883 1747 939 1809 ert,
957 1754 1035 1811 quim

64 1867 74 1882 .
90 1824 213 1882 Caesar
228 1824 306 1895 ponit
319 1826 347 1879 in
361 1826 509 1894 femininis,
529 1831 558 1880 ut
568 1825 665 1898 puppi,
688 1826 764 1895 resti,
784 1824 869 1899 pelvi.
896 1824 956 1879 lloo
967 1822 1036 1881 enin

64 1909 141 1967 rodo
159 1913 191 1963 et
208 1910 244 1962 ab
259 1907 311 1964 hac
327 1910 389 1965 cani
404 1910 528 1965 dicemus
547 1916 574 1965 et
589 1910 693 1965 abhoc
708 1926 788 1965 cane.

138 1992 227 2050 Idem
241 1993 318 2049 ibid:
341 1994 469 2051 Omnium
483 1996 643 2063 nominum,
664 2010 736 2065 quae
751 2000 815 2049 sunt
827 1993 918 2049 neutri
928 1992 1037 2065 generis

64 2087 71 2137 t
90 2080 128 2135 in
146 2095 164 2133 e
185 2078 380 2147 terminantur,
402 2081 440 2134 ait
452 2081 556 2134 Plinius
572 2078 723 2135 Caesarem
739 2080 829 2135 «eirea
845 2078 962 2135 eosdem
976 2095 1041 2133 esre

64 2164 217 2232 blativos‚
238 2164 334 2233 quales
349 2171 413 2219 sunt
429 2165 513 2219 dativi
531 2165 698 2236 singulares,

139 2246 229 2304 Idem
239 2246 336 2319 ass:
359 2250 463 2304 Plinius
486 2247 634 2305 Secundus
654 2250 771 2319 animal,
793 2267 848 2305 non
871 2251 990 2305 anrnrale
1005 2248 1043 2302 ait

64 2334 106 2391 ici
125 2332 250 2388 debere.
284 2331 312 2389 C.
325 2332 445 2403 Caesar,
468 2336 547 2404 quasi
559 2334 738 2389 indiscretum
750 2334 804 2389 hoe
816 2335 863 2403 eit,
885 2334 923 2388 ait
934 2334 941 2387 l
954 2334 1043 2387 littera
1063 2352 1067 2361 ·

64 2416 237 2476 ominativo
252 2417 384 2489 singulari
400 2426 497 2473 neutra
511 2418 587 2473 linita
599 2420 712 2473 nomina
722 2419 841 2473 candem
853 2418 1043 2473 definitionem

64 2517 183 2577 spere,
207 2516 290 2570 quam
310 2504 421 2574 capiant
442 2520 458 2557 e
473 2505 562 2559 littera
576 2504 736 2559 terminata:
761 2502 826 2559 huie
841 2502 952 2557 animati
967 2506 994 2555 et
1008 2500 1042 2555 ab

64 2605 106 2645 oc
124 2585 262 2653 animali,
282 2586 347 2641 huic
361 2588 465 2658 puteali
480 2594 507 2643 et
522 2592 556 2645 ab
572 2588 627 2642 hoc
642 2590 753 2659 puteali.

139 2669 228 2727 Idem
239 2669 359 2741 p.1082
386 2673 489 2726 Plinius
504 2676 541 2728 ait
556 2676 627 2728 inter
642 2679 735 2727 cetera
749 2674 831 2727 etiam
847 2670 920 2726 istud
935 2668 1043 2725 (3.an-

64 2773 154 2816 arem
180 2754 295 2810 dedisse
312 2763 507 2829 praeceptum,
531 2775 616 2829 quom
632 2764 729 2813 neutra
744 2758 856 2812 nomina
870 2772 902 2811 ar
918 2754 1038 2809 norrrina

64 2860 110 2901 vo
137 2841 241 2895 clausa
259 2857 310 2912 per
325 2843 334 2896 i
349 2842 473 2897 dativum
488 2844 697 2913 ablativumque
713 2843 869 2913 singulares
888 2838 1043 2907 ostendant,

64 2931 140 2985 abar
157 2931 254 2980 tamen
269 2929 303 2980 ab
317 2926 371 2980 hac
387 2927 484 2997 regula
500 2928 650 2984 dissidere.
690 2926 759 2981 Nam
776 2932 804 2980 ut
818 2926 882 2981 huie
898 2924 986 2979 iubari
1001 2922 1043 2976 di-

64 3013 162 3077 imus‚
178 3011 214 3064 ab
225 3007 278 3063 hoe
289 3012 385 3065 iubare
397 3010 548 3068 dicendum
561 3020 611 3081 est,
628 3018 657 3066 ut
668 3011 732 3067 huic
744 3012 808 3065 sarri
821 3018 848 3067 et
858 3008 954 3065 abhoc
962 3010 1043 3063 farre.

141 3093 226 3151 Idem
240 3090 361 3165 p.114=
384 3095 501 3151 Panium
517 3097 623 3155 Caesar
637 3096 673 3151 de
689 3096 820 3167 analogia
834 3096 904 3151 libro
918 3090 1044 3149 secmrdo

64 3181 113 3240 tici
130 3179 241 3235 debere
256 3181 300 3233 ait.

146 3263 229 3321 Idem
243 3264 319 3319 ibid:
342 3265 454 3318 Partum
473 3264 579 3326 Caesar
596 3268 623 3323 in
639 3264 803 3337 analogicis.

145 3349 215 3406 Gau.
228 3347 249 3406 I
252 3349 282 3415 V,
306 3349 364 3408 16:
391 3347 421 3403 C.
434 3346 540 3411 Caesar
555 3357 583 3411 in
594 3352 671 3409 libris
683 3349 838 3423 analogicis
848 3350 942 3409 omnio
952 3348 1031 3403 istius

64 3433 139 3494 nodi
154 3449 218 3488 erne
233 3435 241 3488 i
255 3435 345 3489 littera
360 3434 483 3494 dicenda
497 3446 602 3499 cem-,et

103 3532 133 3576 c.
148 3529 246 3574 muns
260 3530 391 3575 cassan.
806 3525 849 3583 η
