2272 4176
877 39 1073 86 ww„

69 123 138 208 168Ι
354 146 406 206 uu
429 144 553 206 Bucco
578 146 740 207 antinoo

66 307 167 378 ipsum
180 299 291 360 crimen
307 300 503 375 adrogantiae
519 301 626 375 subeo,
643 301 727 375 quod
742 315 790 359 me
805 298 920 360 iudicio
936 298 1030 361 cuius

67 403 157 463 quam
172 384 341 446 existimem
355 402 450 461 posse
465 402 534 447 oum
550 387 679 446 caesare
696 384 878 460 comparari.
907 385 994 445 Vale.

150 470 232 531 Car.
247 470 270 529 l.
294 470 379 530 Omni
389 471 484 532 Gallia
499 471 619 530 devicta
632 472 744 531 Caesar
758 486 827 530 cum
843 486 861 529 a
877 469 1033 545 superiore

68 561 183 617 aestate
202 556 318 616 nullum
338 555 471 615 bellandi
493 562 613 630 tempus
635 554 851 616 intermisisset
863 554 1033 631 militesque

65 639 260 701 hibernorum
272 640 373 717 quiete
387 639 514 699 reficere
529 656 548 698 a
561 640 650 700 tantis
666 640 822 701 laboribus
837 641 940 715 vellet,
957 655 1032 700 com-

66 727 171 800 plures
193 725 301 785 eodem
322 732 460 799 tempore
481 725 615 785 civitates
637 740 788 787 renovare
808 724 883 785 belli
911 724 1032 784 consilia

66 809 282 869 nuntiabantur
303 809 592 886 coniurationesque
614 811 725 869 lacere.
762 808 856 869 Cuius
870 808 916 868 rei
931 808 1033 868 verisi-

66 894 145 953 milis
167 909 261 953 causa
282 894 490 970 auferebatur,
517 896 600 970 quod
616 895 709 955 Gallis
726 893 869 954 omnibus
884 893 1033 967 cognitmn

67 983 151 1037 esset
170 992 271 1053 neque
293 977 354 1038 edla
368 978 556 1039 multitudine
571 980 601 1039 in
615 996 708 1040 unum
722 980 825 1039 locum
840 985 950 1039 coacta
963 979 1032 1037 resi-

65 1064 103 1121 sti
119 1077 214 1137 posse
225 1062 378 1138 Romanis,
394 1079 459 1138 nec,
475 1063 502 1124 si
517 1064 639 1124 diversa
651 1064 732 1124 bella
746 1064 915 1140 conplures
930 1063 1033 1124 eodem

65 1153 202 1220 tempore
222 1146 393 1208 intulissent
414 1149 564 1223 civitates,
590 1148 664 1210 satis
687 1148 792 1209 auxilii
812 1155 866 1209 aut
881 1147 973 1223 spatii
987 1153 1034 1207 aut

66 1231 222 1305 copiarum
242 1231 414 1292 habiturum
435 1235 602 1294 exercitum
616 1234 723 1310 populi
738 1232 869 1294 Romani
884 1230 1034 1293 adomnia

67 1317 298 1391 persequenda;
326 1334 387 1378 non
409 1333 480 1379 esse
501 1326 602 1379 autem
623 1318 712 1379 alicui
734 1318 848 1378 civitati
863 1324 980 1379 sortem
993 1316 1034 1375 in-

68 1401 218 1461 commodi
238 1403 456 1478 recusandam,
483 1403 510 1462 si
530 1403 582 1463 tali
601 1420 688 1464 mora
707 1403 845 1479 reliquae
859 1407 1032 1478 possentse

68 1485 219 1546 vindicare
232 1485 263 1545 in
277 1487 454 1547 libertatem.

148 1571 184 1630 ll.
207 1570 344 1645 Quaene
359 1572 462 1647 opinio
479 1572 633 1633 Gallorum
655 1572 902 1647 confirmaretur,
928 1571 1034 1631 caesar

68 1655 106 1719 bl.
126 1655 292 1716 Antonium
318 1664 513 1732 quaestorem
537 1657 603 1718 suis
629 1656 777 1732 praefecit
790 1655 947 1726 hibemis;
971 1656 1034 1731 ipse

67 1740 202 1816 equitum
226 1741 380 1815 praesidio
407 1742 506 1817 pridie
529 1741 596 1802 Kal.
618 1741 774 1802 lanuarias
796 1741 835 1801 ab
858 1740 976 1817 oppido
989 1738 1032 1799 Bi·

67 1825 170 1886 bracle
184 1824 389 1901 proficiscitur
402 1828 442 1887 ad
456 1826 607 1900 legionem
621 1842 695 1902 xm,
722 1842 813 1902 quam
835 1841 899 1886 non
913 1826 1033 1900 longea

64 1909 176 1971 linibus
201 1910 398 1971 Haeduorum
423 1912 636 1972 conlocaverat
666 1909 697 1970 in
722 1910 834 1970 finibus
859 1910 1033 1984 Biturigum,

65 1994 155 2070 eique
170 1994 306 2069 adiungit
319 1995 469 2071 legionem
483 2013 531 2071 x1,
559 2012 638 2071 quae
659 1994 799 2070 proxima
818 1994 928 2055 luerat.
955 1992 1034 2055 Binis

67 2078 245 2140 cohortibus
260 2080 300 2138 ad
313 2079 529 2155 impedimenta
540 2081 652 2140 tuenda
662 2079 775 2140 relictis
787 2079 941 2155 reliquum
952 2092 1034 2138 exer·

66 2164 157 2224 citum
171 2163 202 2222 in
217 2163 450 2238 copiosissimos
466 2181 558 2240 agros
569 2164 736 2239 biturigum
750 2163 875 2238 inducit,
892 2164 955 2239 qui,
971 2177 1035 2222 cum

64 2254 144 2308 ratos
165 2247 242 2307 fines
265 2253 295 2307 et
308 2252 467 2324 complura
482 2250 596 2324 oppida
609 2249 769 2324 haberent,
795 2249 886 2308 unius
909 2246 1035 2323 legionis

64 2330 199 2392 hibernis
226 2349 288 2393 non
312 2335 467 2409 potuerint
491 2333 637 2394 contineri
662 2333 734 2409 quin
758 2334 872 2393 bellum
896 2337 1037 2409 pararent

65 2416 356 2494 coniurationesque
371 2419 514 2479 lacerent.

148 2501 197 2560 lll.
212 2501 382 2577 Repentino
399 2503 531 2563 adventu
539 2502 677 2561 Caesaris
689 2501 807 2576 accidit,
823 2501 907 2577 quod
918 2502 1035 2577 inpara-

64 2587 103 2647 tis
119 2585 318 2662 disieotisque
332 2587 472 2647 accidere
488 2588 543 2647 luit
556 2602 701 2660 necesse,
724 2593 757 2645 ut
771 2584 838 2646 sine
853 2586 962 2647 timore
975 2586 1035 2647 ullo

64 2688 136 2731 rura
150 2673 285 2732 colentes
301 2671 385 2747 prius
401 2672 439 2731 ab
454 2672 589 2747 equitatu
604 2671 848 2747 opprimerentur
860 2688 952 2746 quam
967 2686 1035 2732 con·

64 2758 170 2830 lugere
191 2756 222 2815 in
244 2757 359 2832 oppida
380 2762 519 2832 possent.
557 2756 696 2831 Namque
717 2756 807 2815 etiam
821 2755 896 2815 illud
910 2756 1040 2832 vulgare

64 2840 249 2901 incursionis
265 2841 399 2901 hostium
414 2841 550 2916 signum,
566 2841 650 2916 quod
665 2840 813 2900 incendiis
828 2841 1034 2902 aedificiorum

63 2925 197 3000 intellegi
213 2926 388 3000 consuevit,
405 2926 544 2987 Caesaris
560 2933 627 2987 erat
639 2924 798 2985 interdicto
814 2925 984 2998 sublatum,
999 2941 1036 2985 ne

64 3018 116 3071 aut
132 3011 222 3085 copia
236 3012 342 3086 pabuli
357 3011 573 3086 frumentique,
599 3011 626 3070 si
642 3010 762 3085 longius
777 3010 923 3084 progredi
936 3011 1035 3083 vellet

64 3094 245 3156 deficeretur
259 3103 310 3158 aul
323 3096 431 3157 hostes
446 3096 593 3155 incendiis
608 3100 802 3155 terrerentur.
824 3093 926 3154 Multis
941 3094 1035 3156 bomi-

67 3195 138 3239 num
152 3181 273 3242 milibus
290 3182 386 3257 captis
402 3181 552 3256 perterriti
566 3180 734 3255 Bituriges,
761 3178 813 3255 qui
833 3179 1035 3254 primumad-

66 3272 188 3324 venttmr
203 3274 365 3341 potuerant
379 3266 515 3345 effugere
529 3267 746 3340 Romanorum,
761 3264 791 3323 in
806 3264 949 3325 finitimas
964 3263 1035 3326 civi·

64 3355 140 3408 tates
157 3356 208 3409 aut
228 3352 355 3426 privatis
376 3346 518 3428 hospitiis
540 3351 647 3412 confisi
664 3357 716 3411 aut
730 3349 878 3410 societate
894 3349 1022 3412 consilio

63 3448 128 3493 rum
144 3435 351 3511 conlugerant
379 3436 519 3500 Frustra=
535 3453 604 3497 nam
620 3437 732 3499 Caesar
745 3435 864 3513 magnis
878 3434 1036 3497 itineribus
