2272 4176
204 162 249 204 on
269 162 444 207 cernuum
467 161 709 204 comvnmrous
730 161 758 203 e.
780 156 806 206 5.
825 154 850 207 6.
999 143 1038 207 3·

20 312 144 375 bonurn
159 313 252 372 otium
268 317 432 381 conterere,
447 328 544 391 neque
557 329 629 371 vero
645 326 748 387 agrum
765 310 888 371 colendo
903 318 953 371 aiut
969 331 1018 373 ve·

19 397 138 464 nando,
155 395 310 456 servilibus
320 394 432 463 ciliciis,
448 396 591 457 intentum
603 400 727 455 aetatem
742 409 847 469 agere,
863 401 908 455 set
923 414 939 454 a
956 412 1043 474 quoa

29 484 155 557 incepto
175 479 331 561 studioque
353 496 401 538 me
419 479 538 539 ambitio
559 479 634 539 mala
650 479 828 548 detinuerat,
852 480 955 539 eodem
969 499 1018 541 re·

23 579 152 642 gressus
164 564 253 623 statui
262 580 312 623 res
326 568 424 638 gestas
438 563 539 641 populi
550 562 673 623 Romani
686 564 824 639 carptim,
840 568 872 623 ut
884 580 1018 642 quaeque

24 647 176 708 memoria
187 646 275 722 digna
286 646 468 715 videbantur,
481 646 676 726 perscribere,
690 663 725 705 eo
737 648 838 721 magis,
852 647 931 725 quod
946 647 1017 707 mihi

25 751 43 792 a
64 748 137 809 spe,
161 737 258 798 metu,
274 729 407 810 partibus
421 732 464 789 rei
478 730 613 810 publicae
635 732 749 790 animus
771 727 846 790 liber
867 737 939 790 erat.

115 813 210 889 lgitur
233 814 270 873 de
285 813 422 875 Catilinae
437 816 654 882 coniuratione,
678 831 766 893 quam
787 815 948 874 verissume
963 832 1042 892 po-3

24 906 111 966 tero,
134 899 237 975 paucis
257 896 422 957 absolvam:
444 914 512 957 nam
534 899 563 958 id
585 898 698 958 lacinus
719 898 748 956 in
764 899 866 975 primis
881 915 935 974 ego
951 917 1042 969 mc·4

28 980 178 1043 morabile
193 983 336 1041 existumo
351 981 470 1042 sceleris
482 988 568 1061 atque
582 981 706 1059 periculi
717 983 853 1041 novitate.
876 982 918 1042 Dc
933 986 1041 1054 cuius5

10 1090 13 1109 ·
28 1066 162 1127 lrominis
176 1064 308 1125 moribus
323 1082 416 1143 pauca
428 1066 510 1143 prius
526 1066 707 1144 explananda
722 1073 790 1125 sunt
801 1083 888 1144 quarn
903 1068 1016 1129 initium

31 1149 175 1210 narrandi
198 1147 312 1208 faciam.

117 1233 227 1293 Lucius
248 1231 367 1292 Catilina
389 1231 480 1292 nobili
502 1249 611 1309 genere
629 1238 715 1293 natus
732 1233 800 1301 luit,
824 1251 929 1309 magna
945 1237 972 1295 vi
988 1241 1048 1300 et5

32 1318 123 1378 animi
136 1323 165 1377 et
177 1318 319 1393 corporis,
337 1322 381 1375 set
402 1317 519 1391 ingenio
533 1315 610 1376 malo
624 1334 782 1396 pravoque.
806 1317 881 1377 Huic
895 1318 931 1377 ab
944 1321 1043 1386 adu-2

32 1401 173 1462 lesccntia
195 1398 271 1459 bella
293 1401 443 1467 intestina,
466 1401 584 1468 caedes,
608 1401 742 1478 rapinae,
765 1400 908 1460 discordia
928 1403 1018 1463 civilis

10 1492 118 1562 ¹·grata
137 1483 235 1551 luere,
254 1482 353 1561 ibique
367 1485 546 1544 iuventutem
565 1502 648 1543 suam
666 1485 804 1544 exercuit.
838 1484 951 1561 Corpus
966 1504 1042 1563 pa·3

35 1572 110 1629 tiens
122 1567 250 1635 inediae,
265 1567 388 1642 algoris,
403 1566 516 1642 vigiliae
528 1585 617 1645 supra
630 1585 717 1646 quam
729 1569 864 1644 cuiquam
877 1569 1017 1630 credibile

36 1660 88 1713 est.
111 1652 235 1711 Animus
249 1651 353 1720 audax,
366 1650 516 1720 subdolus,
529 1653 635 1719 varius,
652 1653 734 1711 cuius
748 1652 791 1709 rei
807 1650 887 1710 lubet
899 1652 1043 1715 simula-a

35 1746 82 1796 lor
104 1753 141 1795 ac
159 1733 370 1794 dissimulator:
393 1736 480 1794 alieni
501 1736 650 1812 adpetens,
672 1736 717 1794 sui
737 1733 885 1811 prolusuS,
910 1736 1018 1795 ardens

36 1822 65 1880 in
83 1817 303 1897 cupiditatibus:
319 1820 388 1878 satis
403 1817 594 1896 eloquentiae,
611 1820 770 1895 sapientiae
784 1835 904 1896 parum:
920 1826 1017 1879 vastus

10 1906 153 1965 canimus
164 1902 355 1970 inmoderata,
374 1901 563 1974 incredibilia,
577 1903 662 1961 nimis
673 1900 729 1961 alta
741 1918 857 1979 semper
871 1901 1016 1979 cupiebat.

35 1988 123 2048 Hunc
139 1992 207 2063 post
224 1985 450 2046 dominationem
466 1985 537 2045 Luci
553 1984 650 2046 Sullae
666 1984 766 2044 lubido
787 2002 922 2043 maxuma
939 1987 1016 2044 inva-
1027 1998 1043 2047 o

35 2078 116 2131 serat
138 2070 182 2129 rei
202 2069 337 2146 publicae
361 2069 531 2146 capiundae,
554 2086 650 2147 neque
675 2069 704 2128 id
725 2068 830 2147 quibus
852 2068 946 2127 modis
968 2069 1017 2129 ad·

35 2158 212 2232 sequeretur
224 2153 295 2212 dum
309 2153 365 2213 sibi
379 2169 504 2230 regnum
516 2160 642 2229 pararet,
658 2154 814 2231 quicquam
828 2153 911 2230 pensi
928 2152 1017 2212 habc-

35 2238 95 2299 bat.
105 2236 285 2312 'Agitabatur
300 2239 393 2312 magis
406 2238 557 2315 magisque
569 2238 597 2295 in
618 2236 679 2295 dies
697 2237 810 2295 animus
825 2235 908 2295 leros
921 2238 1043 2312 inopia7

10 2324 80 2383 srci
95 2318 246 2381 familiaris
262 2326 291 2380 et
305 2321 480 2380 conscientia
495 2318 655 2387 scelerum,
678 2337 753 2396 quae
768 2327 893 2396 utraque
915 2322 955 2379 cis
971 2338 1017 2379 ar-

35 2405 115 2466 tibus
133 2409 269 2472 auxerat,
293 2422 365 2483 quas
386 2421 475 2481 supra
497 2405 665 2464 memoravi.
689 2401 852 2462 Incitabant
865 2410 1043 2481 praetereas

36 2489 176 2567 conrupli
199 2488 319 2548 civitatis
339 2505 452 2556 mores,
472 2486 546 2565 quos
564 2504 699 2564 pessuma
716 2504 750 2545 ac
765 2487 879 2545 divorsa
895 2488 970 2545 inter
986 2503 1018 2545 sc

35 2572 122 2641 mala,
147 2571 264 2632 larxuria
284 2578 370 2650 atque
389 2573 517 2639 avaritia,
540 2570 693 2631 vexabant.

121 2656 182 2717 lies
197 2658 259 2732 ipsa
273 2655 386 2715 hortari
400 2655 530 2721 videtur,
549 2656 684 2732 quoniam
697 2653 733 2712 de
747 2652 879 2711 moribus
895 2653 1045 2716 civitatistl

10 2750 154 2820 otcmpus
175 2739 339 2809 admonuit,
361 2757 450 2817 supra
465 2744 600 2815 repetere
619 2756 652 2797 ac
670 2737 771 2815 paucis
785 2737 913 2795 instituta
927 2738 1018 2795 maio-

35 2844 104 2887 rum
128 2825 208 2885 domi
222 2823 406 2902 militiaeque,
431 2840 489 2900 quo
508 2822 595 2881 modo
610 2839 674 2881 rem
692 2818 837 2897 publicam
862 2818 1019 2879 habuerint

38 2915 236 2988 quantamque
259 2906 445 2986 reliquerint,
468 2912 500 2965 ut
516 2905 654 2984 paulatim
670 2906 809 2964 inmutata
831 2921 866 2963 ex
880 2902 1018 2980 pulcher-

37 3010 122 3053 ruma
145 3000 234 3068 atque
260 2998 379 3067 optuma
401 3006 536 3066 pessuma
566 3007 599 3048 ac
621 2988 852 3065 flagitiosissuma
876 2985 950 3045 lacta
973 2987 1017 3051 sit,

38 3078 193 3138 disserere.
492 3130 493 3133 ,

10 3184 31 3224 ιε
122 3160 235 3222 Urbem
260 3159 396 3228 Romam,
424 3159 508 3218 sicuti
531 3174 586 3234 ego
606 3156 719 3232 accepi,
750 3152 908 3212 condidere
931 3149 1049 3230 etquel

39 3244 172 3306 habuere
188 3245 269 3305 initio
285 3243 413 3312 Troiani,
436 3244 485 3320 qui
500 3242 597 3301 Aenea
612 3240 687 3299 duco
701 3236 820 3315 profugi
837 3234 955 3295 sedibus
974 3238 1018 3295 in·

42 3331 129 3390 certis
143 3328 335 3405 vagabantur,
352 3344 477 3404 cumque
497 3327 537 3385 eis
553 3323 735 3397 Aborigines,
759 3335 852 3395 genus
866 3318 1017 3379 hominum

43 3420 168 3488 agreste,
190 3413 252 3472 sine
267 3409 390 3488 legibus,
415 3411 476 3468 sine
492 3410 614 3487 inperio,
638 3405 763 3465 liberum
779 3410 865 3482 atquc
880 3402 1016 3463 solutum.

830 3506 873 3562 q*
