2302 4192
140 538 181 602 74
424 541 475 600 DE
497 540 621 601 BELLO
645 541 807 603 cAtLttto

140 709 260 769 pugnae
281 701 420 768 tempore
442 691 702 768 opportunissimo
725 694 840 754 Caesar
860 694 1009 757 auxilium
1029 696 1105 760 tulitr

140 793 270 854 namque
289 776 354 838 eius
371 778 504 838 adventu
515 778 621 837 hostes
635 776 848 854 constiterunt,
867 780 966 841 nostri
978 797 1064 843 seen
1075 783 1106 843 ti·

138 879 223 922 more
233 868 422 937 receperunt.
432 861 497 934 Quo
508 862 587 921 lacto
600 862 638 921 ad
653 862 868 923 lacessendum
879 872 910 925 et
921 865 961 925 ad
973 866 1105 929 commit·

139 947 261 1006 tondum
274 944 422 1021 proelium
440 946 571 1005 allenum
589 962 661 1005 esse
682 954 800 1021 tempus
821 946 982 1008 arbitratus
1000 966 1059 1011 suo
1076 967 1107 1011 se

138 1032 206 1091 loco
225 1030 371 1091 continuit
386 1037 416 1089 et
428 1030 512 1089 brevi
524 1037 662 1104 tempore
674 1026 848 1090 intermisso
860 1031 890 1089 in
903 1034 1105 1109 castralegio-

137 1113 503 1176 nesreduxit.Dumhaec
512 1120 665 1187 geruntur,
674 1113 787 1172 nostris
798 1114 939 1175 omnibus
949 1116 1107 1193 occupatis

136 1208 187 1266 qur
202 1197 288 1249 erant
303 1190 332 1248 in
349 1190 430 1263 agris
445 1190 554 1263 reliqui
570 1190 790 1251 discesserunt.
808 1192 938 1251 Secutae
953 1199 1026 1253 sunt
1041 1209 1107 1253 con·

135 1276 236 1336 tinuos
253 1275 417 1348 conplures
433 1273 498 1332 dies
511 1280 718 1348 tempestates
737 1290 816 1349 quae
831 1283 861 1334 et
875 1282 1001 1336 nostros
1016 1276 1048 1336 in
1064 1293 1098 1337 ca

135 1359 206 1418 stris
223 1357 412 1417 continerent
426 1364 454 1417 et
472 1356 593 1416 hostem
608 1373 626 1415 a
641 1373 744 1431 pugna
759 1359 964 1433 prohiberent.
990 1360 1108 1421 Interim

135 1441 256 1502 barbari
280 1441 401 1501 nuntios
424 1442 453 1500 in
477 1457 583 1500 omnes
599 1448 703 1515 partes
719 1442 899 1503 dImiserunt
913 1444 1104 1518 paucitatem·

136 1541 195 1599 que
220 1532 394 1586 nostrorum
420 1525 545 1585 militum
570 1524 635 1584 suis
661 1526 918 1599 praedicaverunt
943 1534 973 1586 et
999 1534 1109 1602 quanta

133 1610 268 1685 praedae
284 1610 443 1669 faciendae
458 1617 549 1683 atque
557 1609 586 1667 in
596 1615 778 1683 perpetuum
793 1610 840 1671 sui
852 1611 1003 1671 liberandi
1015 1612 1107 1673 iacul-

134 1701 181 1754 tas
197 1693 334 1768 daretur,
362 1693 388 1752 si
403 1694 559 1753 Romanos
575 1692 683 1752 castris
700 1692 900 1767 expulissent,
918 1695 1106 1756 demonstra·

134 1784 250 1838 verunt.
283 1778 338 1837 His
359 1777 452 1836 rebus
474 1777 612 1836 celeriter
625 1791 737 1849 magna
750 1777 940 1839 multitudine
955 1780 1107 1853 peditatus

134 1861 348 1937 equitatusque
369 1868 477 1921 coacta
491 1860 531 1919 ad
546 1866 648 1920 castra
661 1867 819 1920 venerunt.

222 1945 340 2005 XXXV.
364 1945 478 2004 Caesar
493 1944 550 2002 etsi
565 1944 654 2018 idem,
672 1945 755 2017 quod
771 1944 983 2019 superioribus
998 1947 1107 2008 diebus

134 2029 300 2103 acciderat,
324 2031 389 2088 lore
403 2028 540 2100 videbat,
555 2034 597 2101 ut,
614 2028 638 2087 si
655 2034 760 2087 essent
774 2027 880 2088 hostes
895 2030 987 2104 pulsi,
1003 2032 1106 2090 celeri·

134 2119 194 2172 tate
207 2113 376 2187 periculum
392 2110 576 2184 effugerent,
603 2119 702 2171 tamen
727 2117 833 2171 nactus
855 2114 973 2186 equites
990 2113 1108 2174 circiter

132 2196 261 2271 triginta,
281 2213 360 2270 quos
376 2195 529 2254 Commius
543 2195 690 2269 AtrebaS,
707 2195 746 2255 de
762 2211 822 2270 quo
838 2196 1037 2257 antedictum
1052 2207 1104 2272 est,

134 2296 239 2340 secum
254 2285 530 2354 transportaverat,
557 2278 693 2353 legiones
708 2278 737 2336 in
755 2279 820 2338 acle
834 2296 890 2356 pro
907 2280 1017 2340 castris
1035 2297 1103 2342 con·

133 2364 235 2424 stituit.
275 2362 444 2422 Commisso
460 2361 576 2436 proelio
594 2361 705 2422 diutIus
721 2370 895 2423 nostrorum
910 2362 1038 2424 militum
1053 2367 1102 2425 lm-

133 2455 236 2521 petum
262 2447 368 2506 hostes
395 2448 475 2505 terre
501 2460 562 2504 n0n
589 2453 752 2519 potuerunt
773 2462 810 2505 ac
831 2453 917 2521 terga
939 2454 1102 2509 verterunt

132 2531 215 2604 Quos
232 2537 314 2590 tanto
331 2531 431 2605 spallo
448 2529 560 2602 secuti,
588 2535 733 2602 quantum
757 2546 849 2590 cursu
864 2537 894 2589 et
908 2528 1025 2590 viribus
1041 2532 1092 2593 elli

133 2630 202 2674 cere
214 2621 385 2688 potuerunt,
404 2615 568 2687 conplures
582 2627 620 2671 ex
632 2613 670 2671 ils
683 2614 868 2687 occiderunt,
885 2613 996 2672 deinde
1009 2616 1104 2674 onmi-

133 2697 190 2758 bus
212 2699 302 2772 longe
323 2700 446 2772 lateque
467 2695 615 2754 aedificIIs
636 2695 772 2756 incensis
790 2704 830 2756 'se
845 2697 875 2755 in
898 2702 1000 2757 castra
1020 2714 1104 2760 rece-

132 2790 248 2857 parunt.

214 2865 347 2926 XXXVI.
370 2864 487 2924 Eodem
502 2862 552 2921 dle
566 2863 656 2935 legati
671 2864 709 2922 ab
724 2862 864 2924 hostibus
879 2863 967 2923 missi
983 2866 1104 2926 udCae·

131 2965 231 3008 sarem
247 2950 285 3008 de
300 2965 377 3023 pace
391 2953 549 3007 venerunt.
578 2945 633 3004 His
649 2946 763 3007 Caesar
777 2963 936 3008 numerum
952 2949 1103 3023 obsidum,

131 3049 221 3107 quem
236 3040 326 3092 autea
340 3033 556 3106 imperaverat,
582 3029 747 3103 duplicavit
768 3047 885 3105 eosque
900 3032 930 3089 in
946 3034 1101 3092 contiuen-

129 3122 189 3175 tem
205 3116 316 3175 adduci
331 3115 435 3188 iussit,
462 3114 544 3187 quod
565 3113 740 3188 propinqua
755 3115 805 3174 die
820 3115 1004 3188 aequinoctii
1020 3117 1103 3176 infir-

129 3200 186 3259 mis
202 3199 332 3259 navibus
347 3198 438 3256 hiemi
454 3197 678 3271 navigationem
694 3198 905 3257 subiciendam
921 3214 982 3258 non
999 3200 1102 3259 existi-

129 3285 240 3344 mabat.
279 3284 350 3357 lpse
372 3281 513 3340 idoneam
534 3286 745 3354 tempestatem
766 3288 896 3341 nanctus
917 3285 1009 3355 paulo
1033 3294 1105 3358 post

129 3369 259 3427 medIam
275 3373 394 3427 noctem
410 3381 505 3424 naves
521 3365 627 3433 solvit;
654 3380 733 3438 quae
755 3380 861 3424 omnes
877 3365 1047 3426 incolumes
1063 3370 1102 3427 ad

130 3453 333 3512 continentem
349 3455 570 3524 pervencr’unt3
587 3448 642 3508 sed
657 3463 696 3506 ex
711 3448 748 3507 iis
763 3448 922 3509 onerariae
937 3450 1017 3511 duae
1034 3466 1102 3511 eos-

130 3534 207 3607 dem,
224 3552 302 3609 quos
317 3535 441 3608 reliqui,
458 3538 565 3609 portus
583 3547 694 3607 cupere
709 3547 770 3591 non
785 3537 950 3607 potuerunt
965 3539 995 3593 et
1007 3536 1102 3607 paulo

129 3616 208 3676 intra
222 3620 340 3678 delatae
356 3625 434 3678 sunt.

212 3702 358 3761 XXXVII.
392 3702 507 3776 Quibus
529 3716 568 3759 ex
589 3700 720 3760 navibus
742 3715 810 3758 cum
832 3706 939 3760 essent
966 3711 1103 3777 exposrtr

130 3785 238 3846 milites
253 3785 372 3846 circiter
386 3785 512 3846 trecenti
527 3792 618 3863 atque
632 3784 664 3843 in
679 3789 781 3845 castra
792 3786 1021 3863 contenderent,
1035 3785 1101 3850 Mo·

396 4032 457 4089 fs

352 4094 370 4130 ‚I
462 4112 468 4130 t
