2272 4176
162 138 169 152 ·
239 125 282 167 nu
303 120 409 166 nunno
431 125 633 168 ruovnruruo
657 125 685 167 c.
710 117 884 173 17.18.19.
1009 110 1050 169 49

68 272 187 333 obtinet
201 273 350 332 divorsum
365 280 423 342 est,
444 280 542 334 tamen
557 276 600 334 uti
617 291 653 334 ex
667 271 750 333 libris
764 273 894 343 Pamicis,
911 276 961 353 qui
974 276 1052 353 regis

66 354 245 433 Hiempsalis
266 355 447 424 dicebantur,
469 358 692 435 iuterpretatum
708 355 793 416 nobis
811 358 973 435 estutique
987 377 1052 420 rem

68 456 139 499 sose
152 438 264 501 babere
283 439 410 499 cultores
424 440 486 500 eius
500 448 597 501 terrae
620 447 731 517 putant,
752 457 840 519 quam
860 443 1052 517 paucissumis

68 522 177 583 dicam.
222 521 359 584 Ceterum
380 523 453 583 tides
475 525 537 584 eius
551 525 594 583 rei
613 540 705 602 penes
724 530 859 584 auctores
881 525 944 584 erit.

41 630 56 671 r
156 606 284 667 Africam
298 607 379 666 initio
394 604 525 667 habuere
540 606 654 667 Gaetuli
668 613 698 667 ct
712 606 828 676 Libum,
849 609 945 686 asperi
959 608 1103 670 inem-18

65 690 161 767 tique,
177 689 242 767 quis
262 688 345 750 cibus
367 696 430 750 erat
451 708 520 751 caro
542 690 634 751 lerina
650 696 739 767 atque
756 689 838 750 humi
853 689 994 767 pabulum
1009 695 1052 752 uti

65 772 237 851 pecoribus.
260 772 295 833 Ei
309 790 405 851 neque
420 772 552 834 moribus
569 791 665 851 neque
680 771 745 850 lege
760 780 809 833 aut
824 775 937 850 inperio
955 772 1077 836 cuius-'2

66 870 159 933 quam
179 855 373 932 regebantur:
397 858 460 933 vagi
481 854 612 934 palantes
634 873 706 935 quas
726 874 786 916 nox
809 865 945 935 coegerat
966 859 1052 919 sedes

66 938 227 1001 habebant.
270 940 321 1000 Set
342 945 495 1018 postquam
512 942 541 1000 in
552 940 693 1019 Hispania
710 938 867 1008 Hercules,
889 942 974 1000 sicuti
989 942 1077 1005 Atria

28 1042 57 1083 so
66 1030 188 1101 putant,
209 1024 332 1092 interiit,
353 1024 499 1083 exercitus
518 1025 589 1091 eius,
607 1025 773 1100 conpositus
795 1042 831 1083 ex
851 1025 937 1083 variis
958 1027 1051 1103 genti·

66 1106 143 1175 bus,
167 1108 272 1166 amisso
293 1107 367 1167 duce
390 1124 423 1167 ac
443 1107 550 1183 passim
572 1106 670 1167 multis
691 1106 747 1167 sibi
761 1108 885 1185 quisque
905 1109 1051 1184 inperium

66 1189 235 1269 petentibus
254 1188 336 1251 brevi
355 1187 500 1250 dilabitur.
538 1189 582 1249 Ex
605 1209 640 1251 eo
661 1208 787 1251 numero
806 1189 883 1250 Medi
897 1198 927 1250 et
943 1191 1077 1252 Persae4

67 1280 98 1333 et
118 1272 247 1334 Armenii
269 1272 391 1334 navibus
408 1274 438 1332 in
454 1272 582 1334 Africam
597 1274 753 1334 transvecti
772 1291 932 1351 proxumos
947 1282 1049 1335 nostro

67 1358 144 1417 mari
158 1355 239 1417 locos
255 1374 445 1435 occupavere.
462 1363 507 1417 set
517 1355 625 1417 Persae
640 1359 716 1417 intra
730 1356 879 1417 Oceanum
891 1360 992 1433 magis,
1009 1361 1076 1419 cio

35 1456 127 1519 uque
142 1438 238 1501 alveos
257 1440 373 1500 navium
387 1440 520 1500 invorsos
533 1457 589 1517 pro
604 1441 726 1517 tuguriis
741 1439 886 1507 habuere,
912 1444 978 1520 quia
998 1460 1049 1503 ne·

67 1542 126 1603 que
147 1526 269 1585 materia
285 1524 314 1583 iu
335 1524 412 1601 agris
436 1540 533 1601 neque
559 1523 596 1583 ab
617 1523 753 1599 Hispanis
776 1522 893 1583 emundi
915 1533 965 1584 aut
985 1544 1049 1585 mu-

64 1607 148 1668 tandi
164 1609 247 1685 copia
262 1613 341 1669 erat:
358 1625 440 1667 mare
454 1623 594 1683 magnum
610 1613 639 1667 et
652 1608 752 1684 ignara
768 1605 868 1682 lingua
882 1610 1050 1667 conmercio

62 1690 273 1769 prohibebant.
325 1690 360 1751 Ei
384 1689 523 1769 paulatim
554 1707 608 1768 per
635 1687 759 1749 conubia
786 1688 924 1749 Gaetulos
950 1703 1077 1753 secumo

60 1776 228 1844 miscuere,
251 1781 280 1836 et
294 1776 361 1853 quia
383 1792 470 1853 saepe
488 1781 663 1853 temptantes
677 1789 764 1849 agros
784 1771 848 1841 alia,
871 1773 975 1834 deinde
995 1773 1075 1835 aliar

22 1858 130 1921 ²u'loca
148 1860 321 1936 petiverant,
343 1854 437 1918 semet
457 1858 513 1935 ipsi
532 1858 673 1918 nomadas
686 1854 879 1935 adpellavere.
914 1856 1077 1918 Ceterum8

58 1940 163 2003 adhuc
174 1942 303 2003 aedilicia
316 1942 511 2002 Numidarum
526 1942 694 2019 agrestium,
711 1959 787 2019 quae
801 1940 925 2018 mapalia
942 1939 982 1999 illi
1000 1959 1049 1999 vo·

58 2034 141 2093 cant,
159 2024 293 2101 oblonga,
309 2027 437 2086 incurvis
451 2024 592 2088 lateribus
608 2031 692 2093 tecta,
710 2025 792 2103 quasi
802 2026 919 2084 navium
932 2025 1048 2085 carinae

57 2116 142 2170 sunt.
180 2107 272 2169 Medis
293 2116 391 2170 autem
413 2115 441 2170 et
462 2109 606 2169 Armeniis
620 2108 776 2169 adcessere
795 2107 903 2169 Libues
928 2143 962 2151 -
979 2112 1075 2169 name

56 2194 92 2255 bi
111 2194 236 2271 propius
256 2209 338 2253 mare
358 2192 489 2254 Africum
510 2192 672 2270 agitabant,
692 2189 807 2252 Gaetuli
828 2191 883 2251 sub
903 2191 964 2252 sole
986 2210 1049 2251 ma-

10 2279 117 2355 regis,
142 2276 213 2337 haut
227 2275 332 2352 procul
352 2274 389 2336 ab
412 2275 567 2337 ardoribus
585 2277 724 2356 —eique
744 2281 860 2336 mature
875 2276 980 2354 oppida
997 2276 1047 2335 ha·

56 2362 173 2423 buere:
194 2377 263 2420 nam
276 2359 351 2420 ireto
369 2359 451 2419 dirisi
469 2358 505 2419 ab
520 2360 664 2437 Hispania·
675 2366 790 2421 mutare
804 2377 852 2420 res
866 2361 942 2420 inter
959 2377 991 2420 se
1004 2362 1048 2419 in·

56 2446 227 2505 stituerant.
261 2442 375 2504 Nomen
394 2461 497 2503 eorum
510 2441 649 2521 paulatim
663 2443 771 2505 Libues
786 2460 961 2520 conrupere,
979 2442 1093 2505 bar-10

57 2528 137 2589 bara
158 2525 258 2603 lingua
279 2525 396 2587 Mauros
416 2544 473 2606 pro
495 2525 586 2588 Medis
607 2525 796 2611 adpellantes.
840 2526 891 2586 Set
910 2544 958 2586 res
976 2526 1047 2586 Per·
1059 2541 1089 2592 11

56 2628 164 2673 sarum
182 2609 264 2671 brevi
281 2609 419 2672 adolevit:
442 2627 476 2670 ac
491 2618 592 2688 postea
612 2612 731 2672 nomine
748 2609 901 2676 Numidae,
924 2618 1047 2686 propter

10 2712 48 2767 pe
57 2694 278 2757 multitudinem
297 2693 497 2773 aparentibus
511 2694 642 2772 digressi,
658 2693 818 2771 possedere
833 2711 866 2753 ea
881 2692 954 2761 loca,
973 2711 1047 2770 quae

55 2796 208 2859 proxuma
227 2777 400 2856 Carthagine
420 2777 554 2838 Numidia
577 2776 750 2856 adpellatur.
794 2775 905 2836 Deinde
928 2779 1045 2853 utrique
1057 2786 1090 2838 12

58 2862 163 2925 alteris
181 2860 249 2923 lreti
269 2860 417 2922 finitumos
440 2863 529 2921 armis
546 2867 597 2922 aut
618 2867 698 2922 metu
719 2860 774 2921 sub
796 2861 941 2937 inperium
961 2877 1048 2919 suum

58 2962 198 3023 coegere,
219 2963 328 3006 nomen
342 2944 523 3024 gloriamque
539 2944 594 3005 sibi
608 2945 761 3023 addidere,
778 2944 871 3018 magis
886 2945 926 3011 ei,
946 2944 995 3021 qui
1011 2943 1048 3003 ad

57 3036 197 3091 nostrum
209 3047 290 3090 mare
301 3035 515 3105 processerant,
528 3031 595 3108 quia
605 3027 715 3089 Libues
726 3045 815 3106 quam
826 3026 939 3086 Gaetuli
951 3028 1048 3086 minus

10 3126 50 3181 ns
59 3111 203 3175 bellicosi
229 3112 361 3191 Denique
371 3111 487 3172 Africae
497 3129 567 3189 pars
578 3112 701 3173 inferior
712 3109 852 3190 pleraque
867 3108 903 3168 ab
915 3109 1047 3169 Numidis

58 3212 198 3274 possessa
213 3203 265 3266 est,
283 3197 352 3256 uicti
368 3213 470 3255 omnes
484 3196 513 3255 in
530 3201 649 3271 gentem
664 3210 831 3272 nomenque
849 3193 1047 3270 inperantium

59 3296 246 3341 concessere.

146 3362 250 3425 Postea
269 3362 446 3431 Phoenices,
468 3380 537 3441 pars
555 3362 651 3440 iuperi
673 3359 823 3440 cupidine,
848 3362 894 3423 alii
916 3358 1098 3422 multitu-19

113 3458 248 3515 musr-
873 3466 892 3522 4
