2272 4176
947 39 1091 123 ,Ἢ

73 203 113 265 96
368 208 417 268 DE
439 209 561 269 Beato
586 209 749 268 Gnttteo

76 364 225 421 cultatem.
262 361 460 436 Transfigitur
476 370 593 420 scutum
607 361 725 420 Pulloni
741 369 771 419 et
787 369 925 422 verutum
940 363 970 422 in
985 363 1044 423 bal·

73 457 122 504 teo
139 446 291 519 defigitur.
320 448 439 505 Avertit
454 447 503 504 hic
519 461 609 503 casus
623 446 766 517 vaginam
782 453 812 505 et
825 446 960 518 gladium
976 447 1044 508 edu-

73 545 144 587 cere
160 530 281 588 conanti
299 531 435 588 dextram
451 536 583 586 moratur
596 544 716 587 manum
719 530 868 602 ,impedit
868 546 983 604 umque
994 530 1044 592 ho·

53 678 55 682 ,
73 620 136 672 stes
164 614 401 673 circumsistunt.
442 611 627 671 Succurrit'
621 611 760 671 mimicus
786 613 827 671 illi
849 614 996 674 Vorenus
1016 624 1044 674 et

73 698 221 756 laboranti
238 699 388 756 subvenit
404 697 452 754 Ao
468 695 548 755 hunc
562 712 597 753 se
613 696 773 755 confestim
785 695 937 756 aPullone
950 698 1045 757 omnis

72 782 168 840 multit
168 782 230 840 udo
247 781 404 838 convertit
436 779 519 837 lllinc
536 787 677 838 occursat
692 781 788 851 ocius,
805 781 908 853 gladio
924 783 1034 840 commi
1068 803 1074 810 ·

72 882 129 923 nus
131 880 210 954 rem
224 865 302 938 gent
310 864 454 921 Vorenus
469 870 561 936 atque
575 879 636 922 uno
652 863 810 922 interfecto
822 866 961 940 reliquos
975 882 1046 940 pau-

73 922 144 1007 lum
149 946 307 1022 propellit,
280 947 398 1006 tdum
415 945 555 1020 cupidius
571 946 671 1020 instat,
688 948 717 1006 in
732 950 843 1006 locum·
849 946 1044 1009 deiectus
1004 966 1046 1007 m-

72 1034 214 1093 leriorem
237 1031 382 1090 concidit.
411 1030 489 1090 Huic
509 1046 616 1091 rursus
639 1031 845 1091 circumvento
868 1033 927 1092 lert
948 1033 1046 1093 subsi-

72 1118 154 1177 dium
174 1116 277 1187 Pullo,
307 1121 399 1188 atque
428 1116 518 1174 ambo
542 1115 712 1174 incolumes
735 1115 935 1188 conpluribus
958 1104 1046 1176 inter-

71 1201 159 1260 iectis
175 1214 294 1258 summa
311 1215 379 1258 eum
401 1199 493 1258 laude
506 1214 579 1263 ¹sese
594 1199 672 1257 intra
686 1199 876 1258 munitiones
884 1201 1046 1275 recipiunt.
1067 1223 1070 1229 ¹

72 1282 123 1342 Sic
138 1285 261 1343 fortuna
275 1283 304 1341 in
322 1283 517 1353 contentione
537 1290 568 1342 et
582 1282 748 1342 certamine
762 1289 927 1359 utrumque
941 1299 1047 1344 versa·

70 1367 128 1439 vit,
149 1375 182 1426 ut
204 1367 379 1425 alteralteri
396 1366 534 1425 inimicus
550 1367 662 1425 auxilio
680 1366 833 1440 salutique
848 1374 934 1427 esset
947 1383 1047 1443 neque

71 1450 230 1510 diiudicari
245 1457 362 1524 posset,
378 1457 444 1509 uter
456 1450 514 1509 utri
526 1451 635 1510 virtute
648 1450 866 1510 anteferendus
881 1451 1047 1512 videretur.

150 1575 240 1636 XLV.
265 1575 382 1650 Quanto
398 1581 463 1634 erat
477 1574 507 1633 in
523 1576 589 1634 dies
601 1571 724 1649 gravior
734 1581 827 1649 atque
839 1577 983 1650 asperior
995 1595 1048 1652 op·

72 1670 232 1734 pugnatio,
249 1669 279 1719 et
293 1659 424 1718 maxime
440 1659 524 1733 quod
539 1675 649 1732 magna
665 1666 750 1732 parte
764 1658 891 1718 militum
907 1663 1045 1720 conlecta

70 1745 248 1803 vulneribus
273 1760 324 1803 res
350 1744 390 1802 ad
417 1743 607 1817 paucitatem,
624 1743 821 1801 defensorum
854 1754 1045 1818 pervenerat,

69 1832 152 1888 tanto
170 1828 341 1887 crebriores
358 1828 474 1887 litterae
489 1826 647 1900 nuntiique
662 1826 702 1884 ad
712 1826 874 1886 Caesarem
888 1829 1046 1887 mitteban-

69 1918 133 1979 tur;
161 1929 291 1985 quorum
312 1927 385 1986 pars
408 1911 654 1985 deprehensam
676 1917 845 1983 conspectu
870 1918 1046 1973 nostrorum

71 1995 197 2054 militurn
219 2012 288 2054 cum
311 1995 449 2054 cruciatu
470 1995 646 2053 necabatur.
675 1993 748 2070 Erat
768 2009 848 2052 unus
870 1995 952 2054 intus
973 1996 1046 2055 Ner-

69 2078 137 2136 vius
152 2078 417 2150 nomineVertico,
435 2080 505 2137 loco
516 2084 605 2136 natus
621 2077 761 2149 honesto,
779 2078 829 2151 qui
845 2094 863 2134 a
880 2079 978 2152 prima
993 2081 1046 2139 ob·

68 2161 189 2221 sidione
204 2163 242 2220 ad
259 2162 436 2220 Ciceronem
451 2161 627 2234 perfugerat
642 2176 792 2235 suamque
807 2160 834 2219 ei
850 2161 943 2220 iidem
960 2179 1046 2236 prae-

68 2244 194 2303 stiterat.
223 2245 280 2303 Hic
306 2240 480 2317 semestre
507 2244 653 2303 libertatis
675 2244 858 2318 magnisque
880 2248 1048 2318 persuadet

67 2328 221 2402 praemiis,
236 2334 270 2385 ut
282 2328 396 2386 litteras
412 2326 451 2386 ad
459 2327 620 2386 Caesarem
637 2330 762 2387 delerat.
777 2327 840 2386 Has
850 2327 1046 2388 illeiniaculo

67 2411 209 2484 inligatas
226 2411 314 2470 effert
328 2419 358 2469 et
373 2411 477 2470 Gallus
493 2411 570 2469 inter
587 2413 690 2473 Gallos
707 2411 774 2470 sine
789 2412 851 2469 ulla
866 2414 1047 2486 suspicione

67 2504 210 2555 versatus
226 2496 265 2554 ad
282 2493 443 2554 Caesarem
460 2496 607 2567 pervenit.
630 2498 731 2556 Abeo
748 2495 786 2554 tle
800 2495 947 2571 periculis
963 2496 1032 2556 Cice

68 2580 153 2639 ronis
169 2579 362 2654 legionisque
378 2580 585 2652 cognoscitur.

149 2704 252 2763 XLVI.
287 2706 400 2763 Caesar
421 2705 557 2779 acceptis
580 2706 686 2764 litteris
707 2705 786 2764 hora
808 2706 929 2764 circiter
949 2706 1032 2765 unde

69 2789 146 2847 eima
165 2789 225 2847 diei
247 2789 347 2847 statim
371 2789 507 2846 nuntium
530 2790 559 2848 in
581 2789 765 2847 Bellovacos
787 2789 827 2847 ad
842 2789 881 2848 Μ.
900 2790 1046 2849 Crassum

67 2880 263 2947 quaestorem
276 2871 370 2943 mittit,
387 2871 474 2929 cuius
488 2872 616 2931 hiberna
626 2872 754 2931 aberant
769 2873 807 2930 ab
823 2889 860 2932 eo
876 2874 959 2932 milia
974 2889 1045 2947 pas-

66 2973 155 3015 suum
171 2973 252 3025 xxv;
278 2955 362 3014 iubet
376 2954 478 3013 media
493 2965 584 3016 nocte
599 2955 750 3027 legionem
767 2956 921 3030 proficisci
939 2957 1045 3015 celeri-

66 3046 173 3113 terque
189 3040 228 3097 ad
251 3055 285 3098 se
302 3039 414 3097 venire.
444 3038 515 3098 Exit
529 3057 597 3100 cum
613 3040 718 3099 nuntio
736 3039 878 3098 Crassus
907 3040 1046 3099 Alterum

65 3124 104 3180 ad
121 3123 228 3181 Gaium
242 3123 370 3182 Fabium
385 3124 519 3194 legatum
540 3125 642 3193 mittit,
668 3132 701 3182 ut
716 3124 746 3182 in
761 3124 952 3182 Atrebatium
968 3123 1046 3182 fines

66 3206 215 3277 legionem
232 3208 380 3279 adducat,
397 3221 459 3280 qua
474 3209 532 3267 sibi
545 3210 601 3268 iter
616 3207 791 3266 laciendum
807 3207 932 3267 sciebat.
964 3206 1045 3266 Seri·

64 3286 107 3346 bit
121 3288 271 3361 Labieno,
296 3295 322 3351 si
337 3289 526 3364 reipublicae
541 3291 703 3351 commodo
719 3290 822 3349 lacere
837 3298 960 3364 posset,
977 3306 1046 3349 cum

63 3371 185 3444 legione
197 3373 236 3430 ad
248 3374 326 3434 lines
333 3375 515 3435 Nerviorum
526 3375 637 3434 veniat.
653 3374 815 3447 Reliquam
827 3381 944 3448 partem
957 3390 1044 3433 exer-

64 3454 158 3531 citus,
184 3457 269 3531 quod
292 3459 386 3532 paulo
406 3457 514 3519 aberat
528 3459 667 3535 longius,
692 3473 755 3518 non
773 3465 861 3534 putat
878 3471 1042 3533 expectan-
