2272 4176
131 480 190 541 too
323 502 366 542 00
384 502 487 544 nunno
508 503 709 547 rvovaruruo
731 504 760 547 0.
786 498 928 551 100101.

127 646 260 708 cubitum
277 650 308 709 in
322 655 422 726 portas
441 650 569 711 cohortis
586 670 622 712 ex
637 652 814 729 legionibus,
837 670 894 730 pro
910 654 1017 715 castris
1034 654 1108 733 equi-

127 736 173 791 tes
189 748 226 792 ox
244 732 402 793 auxiliariis
416 734 546 803 mittere,
569 742 721 813 praeterea
744 735 815 796 alios
833 753 927 814 super
941 736 1052 799 vallum
1070 736 1108 817 [ru

125 814 329 897 munimentis]
345 816 459 886 locare,
478 818 588 897 vigilias
606 821 668 896 ipse
684 821 856 889 circumire,
878 838 943 880 non
957 826 1022 881 tam
1042 821 1108 881 diffi-

127 896 225 959 dentia
240 899 339 961 lutura
355 918 430 978 quac
441 902 639 978 inperavisset,
656 920 744 981 quam
756 905 800 964 uti
814 902 959 964 militibus
971 920 1107 981 exaequa-

102 985 176 1043 btus
194 1001 263 1045 cum
281 986 448 1062 inperatore
461 984 544 1045 labos
564 985 728 1047 volentibus
742 993 827 1047 esset.
861 986 901 1046 Et
922 1005 997 1048 0000
1008 986 1125 1047 llarinss

125 1065 235 1147 illoque
248 1066 369 1148 aliisque
384 1068 568 1149 temporibus
582 1068 760 1150 [Iugurthini
778 1069 862 1151 00111]
884 1070 1005 1148 pudore
1025 1071 1109 1147 magis

126 1167 215 1229 quam
234 1151 312 1212 malo
332 1155 493 1214 exercitum
514 1153 685 1214 coercebat:
708 1153 787 1234 quod
807 1152 893 1214 multi
908 1171 965 1231 per
984 1154 1109 1215 ambitio·

124 1250 195 1295 nem
216 1235 281 1296 fieri
302 1236 433 1305 aiebant,
456 1254 525 1315 pars
548 1254 564 1296 a
585 1238 709 1314 pueritia
732 1244 905 1298 consuetam
931 1239 1071 1299 duritiam
1086 1248 1110 1297 01

125 1317 196 1386 0110,
220 1338 295 1399 quae
316 1322 407 1381 ceteri
428 1322 559 1382 miserias
580 1328 699 1390 vocant,
719 1320 859 1398 voluptati
878 1320 1040 1382 habuisse:
1061 1322 1108 1381 nisi

124 1406 223 1544 hamon
238 1404 417 1481 respublica
436 1406 546 1482 pariter
559 1422 595 1465 00
609 1407 785 1465 saevissumo
796 1406 914 1487 inperio
931 1404 1015 1466 bene
1030 1411 1132 1484 atquon

146 1504 233 1547 ecore
255 1495 345 1564 gesta.

61 1568 132 1631 ’101
210 1571 302 1646 Igitur
317 1579 422 1649 quarto
438 1572 562 1649 denique
581 1571 629 1633 die
649 1571 721 1632 haut
736 1570 825 1647 longe
846 1572 885 1631 ab
910 1573 1024 1652 oppido
1041 1572 1106 1634 cire

17 1664 22 1669 '
125 1653 256 1731 undique
278 1654 364 1716 simul
384 1655 584 1732 speculatores
599 1657 647 1716 citi
661 1673 726 1716 sese
741 1655 916 1724 ostendunt,
938 1674 1000 1734 qua
1016 1674 1049 1717 re
1062 1656 1105 1717 ho·

97 1740 177 1799 20110
191 1738 294 1799 adesse
307 1739 494 1815 intellegitur.
535 1738 587 1799 Set
598 1741 666 1819 quia
683 1740 789 1799 divorsi
804 1739 972 1800 redeuntes
995 1739 1065 1801 alius
1075 1738 1104 1799 ab

121 1822 179 1883 alia
201 1828 286 1900 parte
306 1830 393 1902 atque
407 1839 509 1883 omnes
523 1823 601 1883 idem
619 1822 835 1899 significabant,
860 1823 971 1883 consul
989 1826 1127 1884 incertusa

23 1924 42 2003 p
126 1927 256 1992 0000010
266 1908 353 1968 modo
369 1908 462 1967 aciem
478 1909 645 1976 instrueret,
660 1905 740 1966 nullo
756 1905 861 1965 ordine
879 1914 1052 1967 conmutato
1064 1905 1103 1966 ad

101 1999 247 2057 avorsum
263 1994 359 2052 omnia
374 1997 493 2071 paratus
509 1990 618 2051 ibidem
631 1992 771 2067 operitur.
801 1988 843 2050 110
856 1989 1034 2066 Iugurtham
1049 2004 1103 2069 spos

128 2080 281 2145 frustrata,
303 2078 352 2155 qui
375 2076 472 2152 copias
494 2077 524 2134 in
545 2080 682 2153 quattuor
699 2075 790 2151 partis
811 2073 1016 2144 distribuerat,
1037 2080 1103 2134 ratus

102 2176 165 2226 aex
182 2162 317 2223 omnibus
338 2178 429 2238 aeque
449 2158 561 2236 aliquos
583 2158 619 2217 ab
633 2164 718 2235 tergo
734 2157 869 2217 hostibus
883 2165 1036 2220 venturos.
1066 2157 1103 2216 ln·

125 2250 212 2308 terim
234 2244 329 2314 Sulla,
358 2261 446 2322 quem
468 2245 597 2320 primum
618 2242 716 2302 hostes
739 2241 920 2317 adtigeram,
949 2244 1121 2302 cohortatnsa

127 2349 197 2392 suos
219 2329 368 2389 turmatim
390 2335 420 2387 01
440 2344 528 2406 quam
549 2343 684 2386 maxume
706 2324 847 2385 consertis
867 2329 953 2405 equis
975 2328 1037 2404 ipse
1054 2323 1102 2383 alii·

128 2434 185 2494 que
196 2413 313 2473 llauros
328 2411 475 2479 invadunt,
488 2411 578 2471 ceteri
589 2412 618 2469 in
630 2409 694 2468 loco
709 2416 864 2470 manentes
878 2409 916 2469 ab
929 2409 1031 2469 iaculis
1046 2408 1102 2468 erni·

126 2517 184 2560 nus
198 2498 311 2558 emissis
327 2511 451 2573 corpora
465 2501 566 2570 tegere
588 2500 616 2553 et
633 2495 657 2552 si
673 2495 722 2572 qui
740 2495 769 2552 in
785 2509 889 2553 manus
905 2500 1049 2553 venerant
1061 2489 1101 2550 ob-

102 2591 276 2646 btruncare.
307 2579 383 2640 Dum
398 2597 433 2639 eo
448 2578 536 2638 modo
552 2579 663 2655 equites
678 2577 875 2654 proeliantur,
893 2575 1034 2636 Bocchus
1049 2589 1101 2635 curo

128 2665 289 2744 peditibus,
313 2681 386 2741 quos
401 2661 494 2722 Volux
508 2661 584 2721 111100
604 2662 666 2721 0100
680 2661 841 2721 adduxerat
855 2677 955 2738 neque
971 2660 1121 2737 inpriorra

129 2767 237 2829 pugna,
256 2751 285 2808 10
297 2750 400 2807 itinere
416 2747 529 2814 morati,
546 2743 708 2814 adsuerant,
720 2751 901 2822 postremam
912 2743 1101 2804 Romanomn

104 2837 222 2895 0001001
243 2832 391 2892 invadunt.
436 2830 511 2889 Turn
531 2830 640 2889 Marius
662 2830 740 2907 apud
763 2830 875 2906 primos
894 2828 1020 2906 agebat,
1039 2822 1102 2907 quod

130 2918 171 2978 ibi
181 2915 320 2992 Iugurtha
338 2932 405 2976 cum
419 2913 562 2991 plurumis
579 2920 650 2972 orat.
681 2913 753 2973 Dein
768 2911 894 2973 Numida
909 2915 1029 2989 cognito
1043 2913 1102 2974 Boo·

132 3002 179 3062 chi
195 3000 318 3060 adventu
338 2999 411 3059 clam
427 3016 493 3058 cum
508 2999 608 3075 paucis
623 2997 660 3057 ad
681 2998 793 3075 pedites
814 2999 978 3057 convertit:
1002 2997 1041 3058 ibi
1060 2996 1102 3057 la·

129 3087 199 3154 1100,
221 3103 289 3144 nam
311 3084 388 3162 apud
409 3081 595 3143 Numantiam
617 3081 697 3161 loqui
718 3082 873 3150 didicerat,
897 3081 1045 3143 exclamat
1062 3090 1123 3140 noa

130 3177 207 3230 stros
223 3169 332 3229 frustra
352 3183 499 3245 pugnare:
517 3164 605 3243 paulo
624 3174 691 3227 ante
706 3166 830 3226 Marium
847 3182 901 3225 sua
921 3168 1105 3228 0100010100-

130 3255 253 3316 sectum:
273 3250 358 3313 simul
380 3250 509 3328 gladium
530 3251 671 3328 sanguine
687 3250 808 3310 oblitum
830 3251 1009 3322 ostendere,
1032 3264 1105 3331 0000

129 3341 160 3399 10
181 3355 279 3415 pugna
299 3337 368 3395 satis
395 3337 508 3414 inpigre
531 3336 628 3395 occiso
649 3335 746 3412 pedite
771 3340 875 3394 nostro
901 3340 1106 3398 cruentaverat

106 3421 216 3493 rQuod
237 3420 289 3480 ubi
311 3417 415 3478 milites
437 3436 593 3497 accepere,
617 3420 708 3496 magis
727 3419 880 3480 atrocitate
896 3421 941 3481 rei
960 3438 1050 3499 quam
1061 3416 1108 3481 1100

130 3506 214 3567 nunti
229 3511 392 3571 terrentur,
416 3501 560 3582 simulque
577 3503 696 3564 barbari
714 3505 826 3564 animos
840 3502 949 3565 tollere
964 3512 996 3565 et
1009 3507 1041 3567 in
1053 3518 1108 3583 per·

105 3589 229 3650 ticulsos
249 3588 397 3648 Romanos
418 3589 514 3648 acrius
534 3589 679 3649 incedere.
719 3587 839 3666 lamque
859 3587 986 3666 paulum
1013 3588 1108 3665 01001

136 3673 267 3741 aberant,
282 3689 349 3732 cum
361 3668 440 3731 Sulla
456 3672 618 3750 profligatis
632 3674 689 3743 eis,
708 3687 782 3750 quos
796 3671 962 3735 advorsum
976 3675 1060 3747 ierat,
1070 3685 1112 3733 rc·-

132 3756 217 3820 diens
240 3755 276 3820 ab
298 3754 391 3819 latere
405 3755 514 3820 Mauris
532 3757 664 3817 incurrit.
697 3753 836 3817 Bocchus
849 3758 952 3819 statim
969 3758 1091 3821 amrtitn
