2302 4192
10 39 70 147 ῐῖΓ

460 109 575 174 LIBER
591 110 641 172 III.
978 111 1040 176 288

10 334 13 343 ,
64 265 272 342 obiectarem,
291 265 385 342 vrdgo
406 264 437 326 in
457 281 513 329 eos
528 265 693 345 iaciebant,
712 271 748 327 ut
761 282 850 344 spem
863 280 970 328 eorum
983 267 1037 330 mi·

10 358 14 419 ¹,
64 357 204 413 nuerent.

10 490 14 503 ,
147 435 251 496 XLIX.
295 434 422 512 lamque
442 437 593 496 frumenta
614 442 821 497 maturescere
845 435 1038 512 incipiebant,

64 528 160 597 atque
182 521 253 596 ipsa
277 534 352 595 spes
375 522 509 595 inopiam
525 521 729 596 sustentabat,
752 521 836 597 quod
852 521 990 581 celeriter
1004 537 1040 581 se

63 605 224 667 habituros
241 605 359 680 copiam
376 605 586 673 confidebant;
602 605 791 680 crebraeque
803 597 899 666 v'oces
913 604 1040 666 militum

64 690 225 764 invigiliis
241 689 466 765 colloquiisque
482 689 698 764 audiebantur,
720 691 806 765 prius
822 704 856 749 se
872 689 985 751 cortice
1000 705 1039 749 ex

63 773 227 835 arboribus
238 774 373 834 victuros
387 771 662 850 quamPompeium
674 775 837 834 emanibus
846 774 1037 834 dimissuros.

63 859 208 920 Libenter
228 858 318 918 etiam
341 873 380 918 ex
400 859 537 934 perlugis
560 860 799 933 cognoscebant,
809 875 907 935 equos
933 874 1039 919 eorum

64 943 204 1018 tolerari,
224 943 344 1018 reliqua
357 958 431 1003 vero
447 943 579 1002 iumenta
593 944 751 1013 interisse;
778 944 821 1003 uti
835 949 935 1003 autem
950 944 1037 1019 ipsos

63 1028 241 1089 valetudine
263 1043 325 1088 non
345 1027 441 1103 bona,
464 1042 533 1087 cum
548 1028 697 1102 angustiis
712 1027 771 1088 loci
787 1034 817 1088 et
831 1028 926 1089 odore
941 1034 1038 1089 taetro

64 1130 104 1175 ex
118 1111 311 1172 multitudine
326 1111 509 1173 cadaverum
520 1119 550 1172 et
561 1112 720 1172 cotidianis
732 1112 888 1173 laboribus
900 1113 1037 1173 insuetos

65 1213 196 1274 operum
216 1203 279 1257 tum
293 1211 393 1273 aquae
408 1213 527 1258 summa
541 1197 646 1273 inopia
660 1198 808 1260 adiectos.
839 1197 945 1258 Omnia
959 1199 1038 1258 enim

65 1282 194 1344 flumina
208 1287 299 1357 atque
311 1297 418 1342 omnes
429 1283 522 1356 rivos,
540 1283 591 1358 qni
603 1282 643 1342 ad
654 1297 738 1342 mare
749 1283 948 1358 pertinebant,
965 1282 1037 1342 Cae·

65 1384 117 1429 sar
131 1371 185 1427 aut
199 1372 349 1427 averterat
363 1372 415 1426 aut
427 1367 545 1442 magnis
562 1367 706 1443 operibus
722 1367 924 1441 obstruxerat,
946 1373 1038 1442 atque

64 1457 99 1514 ut
117 1457 206 1512 erant
225 1452 295 1511 loca
313 1458 476 1512 montuosa
497 1457 527 1511 et
546 1452 586 1511 ad
600 1467 714 1526 specus
731 1452 891 1527 angustiae
904 1453 1037 1524 vallium,

64 1538 122 1598 has
145 1535 270 1596 sublicis
291 1535 322 1595 in
342 1540 453 1595 terram
474 1536 616 1595 demissis
632 1543 850 1611 praesepserat
864 1540 1037 1611 terramque

64 1619 582 1696 adieceratntaqnamcontineret.
610 1619 1038 1696 ltaqueillinecessarioloca

63 1704 157 1782 sequi
178 1704 314 1765 demissa
333 1720 370 1764 ac
390 1705 537 1780 palustria
558 1710 589 1764 et
603 1711 713 1781 puteos
728 1704 835 1765 indere
850 1704 1038 1778 cogebantur

65 1798 160 1867 atque
179 1789 260 1849 hune
280 1789 416 1849 laborem
437 1790 476 1849 ad
498 1789 650 1850 cotidiana
671 1804 767 1865 opera
787 1788 958 1857 addebant;
986 1788 1035 1863 qui

64 1883 167 1937 amen
188 1875 287 1934 sontes
308 1875 521 1950 aquibnsdam
543 1873 704 1950 praesidiis
725 1873 852 1933 aberant
872 1873 993 1947 longius
1008 1879 1037 1932 et

65 1959 206 2020 celeriter
229 1959 364 2018 aestibus
388 1959 618 2021 excrescebant
658 1960 699 2020 At
719 1957 859 2019 Caesaris
885 1958 1036 2018 exercitus

66 2044 182 2121 optima
199 2043 373 2104 valetudine
393 2060 573 2120 summaque
594 2061 694 2121 aquae
709 2044 798 2120 copia
811 2044 959 2120 utebatur,
974 2051 1036 2105 turn

69 2133 255 2191 commeatus
277 2129 358 2189 omni
378 2144 491 2204 genere
511 2137 632 2205 praeter
652 2131 835 2192 frumentum
862 2129 1036 2191 abundabat

65 2213 189 2290 sibique
217 2212 327 2273 cotidie
354 2214 462 2274 melius
489 2215 657 2275 succedere
681 2223 801 2289 tempus
827 2214 1037 2289 maioremque

65 2314 154 2375 spem
169 2297 339 2358 maturitate
353 2299 571 2359 frumentorum
586 2299 718 2374 proponi
732 2298 883 2358 videbant.

148 2382 183 2442 L.
226 2382 260 2442 ln
271 2398 352 2443 novo
368 2397 479 2457 genere
497 2384 567 2443 belli
584 2399 683 2444 novae
699 2384 737 2443 ab
754 2383 893 2457 utrisque
903 2380 1036 2442 bellandi

65 2467 201 2528 rationes
224 2467 462 2542 reperiebantur.
504 2467 563 2541 llli,
594 2483 662 2528 cum
688 2467 973 2526 animadvertissent
997 2482 1035 2525 ex

65 2551 188 2628 ignibus
209 2558 299 2612 nocte
320 2551 462 2612 cobortes
483 2557 604 2612 nostras
620 2552 659 2612 ud
674 2551 856 2611 munitiones
872 2551 1034 2623 excubare,

66 2635 186 2697 silentio
202 2636 340 2711 adgressi
354 2637 489 2696 universi
506 2637 584 2696 intra
594 2637 814 2697 multitudinem
825 2636 950 2710 sagittas
964 2649 1034 2694 con-

64 2720 199 2782 iciebant
219 2727 249 2780 et
263 2737 298 2781 se
312 2721 472 2781 confestim
486 2722 526 2781 ad
541 2736 615 2782 suos
630 2721 826 2796 recipiebant.
857 2720 972 2794 Quibus
987 2733 1034 2777 re

64 2804 123 2866 bus
144 2804 242 2865 nostri
261 2821 321 2866 usu
344 2805 426 2866 docti
447 2804 523 2866 haec
541 2805 736 2882 reperiebant
754 2804 903 2877 remedia,
928 2809 962 2863 ut
976 2802 1035 2862 alio

66 2889 132 2951 loco
149 2889 237 2964 ignes
253 2891 394 2950 lacerent.

14 2982 19 3051 ζ
147 2974 195 3032 LI.
238 2975 360 3035 Interim
375 2974 485 3035 certior
499 2975 596 3034 laetus
610 2973 642 3034 P.
656 2972 748 3048 Sulla,
765 2987 854 3047 quem
870 2971 1034 3031 discedens

66 3057 176 3119 eastris
197 3060 387 3133 praefecerat
401 3059 526 3134 Caesar,
548 3058 660 3118 auxilio
683 3056 799 3121 cohorti
814 3055 896 3115 venit
909 3070 978 3114 cum
992 3057 1030 3114 le

63 3142 208 3218 gionibus
224 3144 360 3215 duabus;
377 3144 463 3204 cuius
478 3144 612 3203 adventu
626 3141 715 3202 facile
730 3147 801 3200 sunt
814 3139 930 3215 repulsi
946 3138 1033 3200 Porn-

65 3227 177 3303 peiani.
208 3228 316 3304 Neque
329 3245 404 3290 vero
421 3236 620 3303 conspectum
637 3233 688 3287 aut
701 3226 846 3301 impetum
860 3230 1034 3285 nostrorum

65 3312 214 3387 tuleramt,
236 3313 405 3390 primisque
425 3312 550 3375 deiectis
570 3310 682 3392 reliqui
701 3326 737 3373 se
749 3311 1043 3372 uerteruntetlacu

61 3402 228 3458 cesserunt
256 3396 322 3459 Sed
333 3398 542 3479 insequentes
557 3409 708 3482 nostros,
730 3415 776 3466 ne
790 3396 928 3478 longius
945 3409 1064 3466 alosa·
