2302 4192
134 542 177 606 30
428 542 479 603 BB
499 541 624 603 BELLO
647 544 811 607 GALLICO

133 702 303 771 necaretur,
318 711 357 755 an
372 694 402 754 in
417 695 500 755 aliud
513 702 739 757 reservareturz
761 698 890 761 sortium
903 699 1056 761 beneficio
1072 714 1109 761 se

134 796 206 841 esse
225 780 417 841 incolumem.
452 781 527 839 Item
539 778 581 839 M.
595 780 706 842 Metius
720 790 862 859 repertus
877 786 960 845 etad
974 799 1046 847 eum
1058 799 1108 845 rc

134 867 381 1009 uuotffisthoc
396 948 512 1024 proelio
529 954 611 1009 trans
627 950 766 1011 Rhenum
781 952 917 1013 nuntiato
932 950 1037 1029 Suevi,
1053 952 1110 1029 qui

134 1034 173 1093 ad
186 1033 269 1110 ripas
278 1032 375 1094 Rheni
387 1039 542 1106 venerant,
558 1033 681 1094 domum
696 1036 807 1096 reverti
823 1043 1006 1112 coeperunt;
1024 1053 1108 1112 quos
1147 1056 1149 1063 ·

133 1118 217 1193 Ubii,
240 1118 293 1194 qui
307 1116 439 1194 proximi
453 1115 593 1177 Rhenum
608 1118 757 1193 incolunt,
780 1121 958 1195 perterritos
973 1120 1109 1183 insecuti

134 1218 276 1277 magnum
290 1218 330 1262 ex
343 1201 391 1261 his
406 1203 566 1261 numertt'm
581 1202 766 1263 occiderunt.
789 1204 901 1265 Caesar
915 1220 976 1265 una
987 1210 1109 1265 aestate

133 1287 257 1347 duobus
279 1285 417 1353 maxirnis
439 1284 511 1344 beili
569 1287 698 1348 onlectis
713 1288 860 1349 maturius
875 1290 984 1365 paulo,
1012 1305 1109 1365 quam

135 1378 254 1445 tempus
269 1370 339 1429 anni
354 1367 518 1444 postulaba
536 1415 544 1443 ,
570 1370 601 1429 in
621 1370 749 1430 hiberna
763 1372 792 1431 in
808 1371 971 1449 Sequanos
986 1373 1108 1433 exerci-

135 1462 194 1515 tum
212 1455 355 1523 deduxit;
378 1452 513 1513 hibernis
528 1452 695 1515 Labienum
709 1458 906 1531 praeposuit3
927 1457 996 1534 ipse
1017 1457 1050 1518 in
1064 1456 1108 1517 ci·

134 1538 274 1599 terionem
290 1539 415 1600 Galliam
429 1538 469 1599 ad
484 1545 652 1599 conventus
668 1540 805 1615 agendos
820 1542 977 1617 proiectus
991 1546 1049 1602 est

497 1830 660 1895 LIBER
699 1833 735 1896 11.

432 1966 792 2026 ARGUMENTUM.

148 2086 242 2152 Belgae
260 2098 345 2135 omnes
364 2090 450 2134 contra
465 2083 586 2149 populum
597 2083 737 2133 Romanum
753 2085 883 2134 coniurant
891 2090 991 2149 praeter
1000 2084 1108 2147 Remos,

181 2170 288 2218 quorum
304 2150 534 2220 oppidum'BiBrax
551 2162 725 2218 oppugnatum
736 2152 830 2203 Caesar
847 2152 960 2203 subsidio
977 2155 1057 2206 misso
1076 2155 1109 2207 li·

183 2226 253 2276 barat
281 2222 430 2274 c.·l—10.
467 2222 631 2272 Discedentes
653 2222 745 2288 Belgas
768 2223 897 2272 insecutus
914 2221 992 2273 vincit
1020 2239 1043 2273 c.
1062 2224 1105 2276 11.

181 2293 340 2352 Suessiones,
357 2292 513 2352 Bellovacos,
532 2291 670 2341 Ambianos
686 2293 712 2341 in
729 2290 805 2342 fidem
815 2291 920 2356 accipit:
938 2290 1044 2343 Nervios
1054 2292 1106 2345 lor-

179 2364 236 2413 titcr
252 2377 280 2411 re
299 2368 423 2427 ugnantes
442 2375 499 2409 cum
515 2360 676 2411 Atrebatibus
695 2374 725 2409 ac
741 2360 925 2410 Veromanduis
944 2360 1054 2412 debellat
1083 2377 1105 2412 a
1140 2356 1143 2361 ’

183 2431 258 2482 la—
301 2465 309 2480 .
345 2432 407 2479 Item
424 2430 570 2480 Aduatucos
588 2444 609 2478 3.
629 2425 759 2491 29-33.;
789 2428 932 2479 Armoricae
950 2428 977 2479 P.
998 2428 1107 2481 Crassus

182 2502 310 2566 superavit
326 2514 348 2553 c.
368 2496 403 2549 34
446 2498 496 2548 Bes
514 2505 572 2563 post
588 2497 680 2564 Belgas
698 2505 802 2563 pacatos
821 2503 908 2564 gestae
925 2513 947 2547 c.
965 2495 1009 2549 35.

214 2621 235 2678 Ι.
259 2619 333 2679 Cum
348 2623 433 2678 esset
448 2617 559 2677 Caesar
573 2620 604 2678 in
621 2617 760 2678 citeriore
777 2616 880 2690 Gallia,
896 2617 937 2676 ita
951 2616 994 2677 uti
1010 2633 1105 2695 supra

131 2703 418 2776 demonstravimus,
435 2702 533 2761 crebri
546 2703 585 2762 ad
598 2718 667 2762 eum
681 2717 821 2760 rumores
837 2699 1044 2762 afferebantur
1057 2702 1104 2762 lit·

131 2788 267 2863 terisque
280 2788 351 2848 item
364 2785 489 2846 Labieni
504 2786 615 2847 certior
629 2786 722 2847 fiebat
737 2801 842 2846 omnes
856 2784 984 2860 Belgas,
1013 2800 1105 2861 quam
1126 2860 1129 2865 Ι

131 2872 248 2933 tertiam
263 2886 334 2931 esse
351 2870 465 2930 Galliae
479 2876 595 2945 partem
617 2871 808 2945 dixeramus,
835 2877 942 2928 contra
955 2870 1104 2944 populum

129 2958 300 3017 Romanum
321 2954 482 3016 coniurare
504 2955 693 3030 obsidesque
715 2953 792 3013 inter
813 2969 849 3013 33
870 2953 952 3016 dare.
993 2953 1104 3015 Coniu-

129 3041 216 3099 randi
231 3041 287 3100 has
303 3055 375 3099 esse
390 3054 517 3099 causas:
532 3039 663 3113 primum
675 3038 759 3113 quod
771 3042 956 3110 vererentur,
972 3052 1012 3097 ne
1023 3035 1104 3099 omni

129 3131 237 3199 pacata
246 3125 341 3183 Gallia
352 3124 392 3182 ad
404 3139 459 3184 eos
472 3123 624 3183 exercitus
637 3129 742 3183 noster
757 3123 976 3191 adduceretur3
993 3114 1105 3182 deinde
1147 3142 1149 3169 ÷

131 3209 215 3283 quod
230 3209 267 3267 ab
283 3209 436 3267 nonnullis
455 3208 548 3267 Gallis
570 3207 822 3280 sollicitarentur,
847 3204 956 3279 partim
978 3205 1047 3281 qui,
1073 3210 1105 3265 ut
1140 3200 1149 3269 ,ὲ

131 3294 299 3353 Germanos
321 3292 433 3351 diutius
448 3293 480 3351 in
497 3292 592 3351 Gallia
606 3292 724 3352 versari
740 3292 914 3362 noluerant,
940 3287 982 3348 ita
995 3290 1103 3365 populi

132 3377 258 3438 Romani
274 3377 442 3436 exercitum
456 3375 591 3435 hiemare
612 3380 705 3450 atque
719 3375 946 3434 inveterascere
960 3372 991 3431 in
1009 3372 1105 3433 Gallia

131 3463 257 3521 moleste
277 3461 428 3535 terebant,
455 3460 564 3535 partim
586 3460 638 3533 qui
653 3459 818 3520 mobilitate
834 3464 864 3517 et
876 3456 998 3516 levitate
1013 3454 1104 3517 animi
1139 3457 1145 3478 ’·

130 3544 217 3604 novis
232 3544 366 3619 imperiis
379 3545 551 3619 studebant,
568 3543 606 3602 ab
618 3542 771 3603 nonnullis
784 3542 883 3615 etiam,
900 3540 984 3615 quod
995 3540 1026 3600 in
1036 3539 1103 3599 Gal·
1133 3560 1137 3567 ·

129 3628 170 3687 lia
184 3644 202 3686 a
215 3630 436 3702 potentioribus
449 3635 542 3704 atque
553 3628 600 3702 iis,
616 3627 669 3703 qui
680 3628 719 3687 ad
732 3625 948 3686 conducendos
963 3622 1103 3685 homines
1130 3622 1136 3665 ·'

131 3711 289 3772 facultates
304 3712 471 3788 habebant,
494 3714 587 3787 vulgo
602 3726 699 3787 regna
714 3709 959 3784 occupabantur,
982 3706 1037 3784 qui
1050 3704 1102 3765 mi-
1127 3734 1131 3739 ·

131 3811 189 3858 uus
204 3796 293 3856 lacile
308 3811 374 3857 eam
387 3815 453 3858 rem
468 3797 596 3871 imperio
612 3802 718 3857 nostro
734 3792 882 3871 consequi
898 3798 1049 3868 poterant
1087 3796 1094 3807 '
1124 3836 1131 3867 ,
