2272 4176
469 185 584 250 LlBER
604 186 684 252 VIII.
1000 188 1061 257 tat

81 358 188 406 manus
203 340 360 420 praecidit
372 341 526 420 vitamque
548 345 717 421 concessit,
745 361 806 422 quo
824 348 962 408 testatior
976 356 1063 412 esset

82 444 182 508 poena
196 427 419 504 improborum.
458 429 617 504 Drappes,
644 446 734 507 quem
750 437 872 507 captum
886 449 958 494 esse
972 451 991 494 a
1005 435 1060 496 ca·

82 516 162 577 ninia
178 514 285 588 docui,
299 513 366 573 sive
380 512 558 589 indignitate
572 520 602 574 et
616 514 723 577 dolore
737 516 928 578 vinculorum
944 519 1010 579 sive
1024 519 1060 580 ti-

82 617 165 662 more
187 598 341 676 gravioris
362 599 505 674 supplicii
527 598 635 674 paucis
657 600 766 660 dicbus
783 602 850 664 cibo
867 618 901 662 se
917 603 1062 664 abstinuit

84 694 174 762 atque
188 686 233 745 ita
247 683 366 744 interiit.
395 683 512 743 Eodem
528 691 666 760 tempore
680 685 854 762 Lucterius,
883 704 973 763 quem
988 704 1059 763 pro-

83 772 201 846 fugisse
225 785 265 828 ex
284 768 403 843 proelio
426 768 552 843 scripsi,
578 768 698 829 cumin
719 777 903 844 potestatem
923 773 1062 834 venisset

83 854 252 932 Epasnacti
266 852 398 912 Arverni
411 884 454 896 —
469 853 576 912 crebro
593 855 673 913 enirn
693 857 844 916 mutandis
859 857 936 917 locis
952 860 1059 918 multo-

84 958 148 1001 rum
170 938 246 999 fidei
269 953 304 997 se
322 937 540 1011 committebat,
568 939 652 1013 quod
673 956 826 1015 nusquam
853 941 966 1002 diutius
993 943 1060 1003 sine

85 1025 222 1102 periculo
239 1030 479 1084 commoraturus
492 1020 667 1099 videbatur,
693 1040 761 1084 cum
777 1026 835 1086 sibi
851 1027 995 1087 conscius
1010 1043 1059 1088 cs-

86 1117 143 1186 set,
171 1125 267 1185 quam
286 1107 441 1168 inimicum
463 1107 589 1166 deberet
610 1109 772 1168 Caesarem
792 1111 906 1170 habere
921 1143 964 1154 -
978 1112 1060 1173 hunc

85 1196 278 1270 Epasnactus
292 1192 467 1267 Arvernus,
490 1192 692 1253 amicissimus
707 1195 813 1269 populi
828 1195 971 1272 Romani,
993 1196 1060 1257 sine

87 1279 274 1349 dubitatione
288 1279 351 1337 ulla
364 1276 498 1337 vinetum
516 1276 556 1335 ad
571 1277 732 1336 Caesarem
749 1279 884 1340 deduxit.

165 1364 258 1423 XLV.
291 1361 444 1421 Labienus
465 1361 584 1420 interim
604 1362 635 1420 in
650 1363 789 1422 Treveris
811 1371 954 1439 equestre
968 1381 1058 1441 proe-

85 1449 155 1511 lium
175 1448 250 1507 iacit
272 1446 440 1506 secundum
462 1446 724 1523 conpluribusque
739 1448 878 1508 Treveris
892 1451 1059 1512 interiectis

87 1541 113 1596 et
127 1531 305 1605 Gennanis,
329 1531 381 1606 qui
395 1530 486 1590 nullis
503 1530 652 1590 adversus
667 1532 822 1593 Romanos
838 1534 952 1593 auxilia
967 1535 1058 1594 dene-

86 1618 204 1694 gabant,
221 1616 378 1692 principes
392 1631 498 1676 eorum
508 1614 597 1675 vivos
610 1615 720 1690 redigit
733 1617 764 1675 in
779 1634 866 1677 suam
876 1624 1059 1692 potestatem

88 1710 176 1780 atque
190 1703 223 1762 in
234 1702 283 1761 his
300 1699 411 1760 Surum
424 1700 600 1775 Haeduum,
627 1699 679 1776 qui
701 1707 730 1759 et
749 1701 869 1761 virtutis
891 1708 921 1761 et
934 1704 1057 1776 generis

87 1803 233 1849 summam
247 1785 433 1845 nobilitatem
446 1784 579 1844 babebat
599 1786 747 1860 solusque
768 1801 807 1844 ex
820 1786 956 1846 Haeduis
975 1789 1014 1848 ad
1027 1788 1057 1849 id

86 1880 205 1948 tempus
222 1876 435 1946 permanserat
449 1869 479 1928 in
494 1868 596 1928 armis.

164 1956 270 2017 XLVI.
292 1954 337 2013 Ea
354 1969 388 2013 re
404 1952 525 2028 cognita
541 1953 652 2013 Caesar
668 1969 736 2013 cum
754 1952 784 2012 in
808 1954 950 2014 omnibus
967 1958 1054 2029 parti·

87 2059 138 2104 rus
156 2041 273 2102 Galliae
288 2038 366 2098 bene
381 2053 431 2098 res
447 2038 511 2112 geri
525 2039 643 2098 videret
663 2039 872 2114 iudicaretque
894 2040 1055 2114 superiori·

85 2128 139 2188 bus
156 2123 285 2186 aestivis
302 2123 429 2182 Galliam
451 2123 601 2182 devictam
616 2124 835 2198 subactamque
851 2139 936 2199 esse,
961 2125 1057 2200 Aqui-

84 2212 195 2272 taniam
216 2223 384 2283 numquam
404 2207 535 2282 adisset,
567 2224 622 2283 per
641 2207 673 2266 P.
697 2207 839 2267 Crassum
868 2208 999 2284 quadam
1020 2225 1058 2268 ex

84 2304 168 2372 parto
183 2293 368 2366 devicisset,
394 2308 462 2351 cum
483 2292 603 2352 duabus
618 2292 790 2366 legionibus
806 2293 837 2351 in
853 2309 920 2352 eam
941 2301 1058 2369 partem

85 2382 198 2443 Galliae
226 2384 275 2437 est
301 2378 474 2453 proiectus,
510 2384 544 2436 ut
570 2377 612 2436 ibi
643 2383 811 2437 extremum
835 2383 956 2452 tempus
987 2394 1057 2437 con-

83 2468 218 2527 sumeret
243 2461 438 2521 aestivorum.
479 2461 575 2534 Quam
599 2477 664 2519 rem
689 2461 778 2521 sicuti
795 2467 896 2520 cetera
921 2461 1058 2521 celeriter

82 2550 276 2622 feliciterque
298 2546 437 2606 coniecit.
466 2546 604 2621 Namque
626 2562 731 2605 omnes
746 2545 932 2621 Aquitaniae
955 2546 1055 2606 civita·

83 2643 125 2697 tes
146 2636 270 2708 legatos
291 2630 331 2689 ad
352 2631 513 2690 Caesarem
533 2631 681 2689 miserunt
701 2630 888 2705 obsidesque
913 2628 940 2687 ei
966 2629 1056 2688 dede-

83 2726 158 2783 runt.
197 2716 315 2790 Quibus
335 2716 428 2775 rebus
451 2715 545 2790 gestis
567 2714 636 2790 ipse
657 2715 791 2791 equitum
814 2712 968 2789 praesidio
983 2714 1058 2772 Nar-

82 2804 195 2867 bonem
210 2801 368 2876 proiectus
385 2807 446 2875 est,
473 2799 639 2858 exercitum
660 2816 716 2874 per
738 2801 856 2873 legatos
878 2799 909 2857 in
930 2798 1057 2859 hiberna

82 2887 226 2951 deduxit:
263 2892 406 2960 quattuor
436 2885 573 2959 legiones
602 2885 633 2942 in
656 2884 762 2957 Belgio
789 2882 960 2944 conlocavit
990 2898 1058 2942 cum

81 2974 118 3035 Μ.
133 2970 273 3034 Antonio
291 2977 320 3029 et
335 2970 365 3029 0.
382 2969 532 3029 Trebonio
548 2975 578 3027 et
591 2967 622 3026 P.
638 2968 759 3027 Vatinio
775 2968 899 3042 legatiS,
923 2968 999 3026 duas
1014 2968 1056 3026 le·

82 3060 188 3136 giones
205 3056 237 3114 in
253 3055 399 3115 Haeduos
415 3053 556 3126 deduxit,
579 3069 708 3128 quorum
723 3052 753 3110 in
769 3051 850 3111 omni
866 3051 961 3110 Gallia
975 3067 1056 3111 sum-

82 3160 158 3203 mam
173 3156 251 3201 esso
266 3140 475 3199 auctoritatem
491 3136 621 3211 sciebat,
639 3137 716 3197 duas
737 3137 768 3195 in
780 3135 909 3195 Turonis
925 3135 1057 3197 adfines

83 3229 247 3291 canuam
273 3224 392 3299 posuit,
421 3238 500 3297 quae
526 3237 645 3281 omnem
666 3220 918 3295 illamregionem
932 3220 1056 3283 conian-

82 3320 158 3376 ctam
182 3311 309 3373 Oceano
336 3309 538 3381 continerent,
565 3306 641 3365 duas
662 3306 797 3380 reliquas
818 3303 848 3364 in
863 3304 1056 3368 Lemovicum

81 3398 193 3461 tubus
215 3411 282 3456 non
298 3396 389 3469 longe
404 3393 441 3452 ab
456 3390 617 3468 Arvernis,
644 3407 683 3450 ne
705 3406 766 3466 qua
785 3405 860 3465 para
876 3390 990 3451 Galliae
1002 3406 1056 3448 va-

84 3498 137 3547 cua
150 3483 192 3546 ab
206 3479 350 3543 exercitu
364 3483 456 3540 esset.
476 3476 596 3540 Paucos
612 3476 677 3540 dies
693 3475 809 3558 ipsein
822 3474 908 3559 proni
