2302 4192
478 138 594 202 LIBER
614 142 637 202 1.
1001 142 1045 212 19

42 304 48 321 ⁴
156 287 274 350 XXXV.
295 287 353 349 His
366 291 526 366 responsis
542 294 751 355 adcaesarem
763 297 866 357 relatis
880 298 989 358 iterum
1003 301 1044 360 ad

95 383 146 431 con
163 373 276 434 Caesar
295 375 414 448 legatos
436 391 505 436 cum
525 376 573 437 his
594 379 744 439 mandatis
765 380 867 441 mittite
895 382 1042 456 Quoniam

43 521 48 545 Ι,
96 458 157 517 tuo
170 474 226 518 suo
242 458 415 534 populique
428 461 558 520 Romani
570 461 730 524 beneficio
751 464 905 539 adlectus,
928 482 998 526 cum
1012 468 1043 527 in

97 544 232 602 consulatu
247 558 306 602 suo
320 556 377 601 rex
397 551 489 618 atque
511 545 627 605 anricus
642 562 661 606 a
676 556 785 607 senatu
806 551 978 623 appellatus
994 566 1042 611 es-

71 628 75 637 ·
98 630 136 697 set
152 624 227 685 banc
242 625 302 686 sibi
316 629 496 703 populoque
510 629 647 690 Romano
662 631 788 704 gratiam
803 633 946 707 referret,
966 635 1042 694 utin

43 770 52 795 τ
98 710 270 786 conloquium
289 710 394 770 venire
415 711 558 772 invitatus
580 722 758 787 gravaretur
778 729 881 790 neque
901 716 940 774 de
962 733 1042 777 eom-

43 796 55 809 *
96 793 157 859 nuni
174 794 387 854 radicandum
408 794 466 856 sibi
488 803 518 856 et
539 800 788 871 cognoscendum
809 806 944 874 putaret,
966 799 1044 860 baec

97 887 155 951 csse,
170 893 248 953 quae
263 878 301 937 ab
317 893 354 938 eo
371 881 555 953 postularet:
579 881 710 954 primum
721 898 760 942 ne
773 899 864 958 quam
878 885 1043 944 multitudi-

43 1016 49 1045 ,ἱ
96 972 146 1020 111
157 961 309 1024 bominum
324 963 455 1036 amplius
470 969 554 1022 trans
562 963 724 1025 Rhenum
716 982 746 1025 m
763 968 888 1026 Galliam
903 969 1042 1027 traduce·

43 1048 48 1120 s
95 1048 140 1113 rct3
159 1046 268 1105 deinde
282 1045 419 1120 obsideS,
441 1062 521 1122 quae
534 1046 661 1109 baberet
675 1050 712 1108 ab
727 1050 878 1126 Haeduis,
899 1053 1044 1111 redderet

93 1124 286 1205 Sequanisque
300 1131 496 1205 permitteret,
517 1138 551 1192 ut
566 1147 646 1206 quos
660 1133 702 1191 illi
716 1132 872 1230 haberent
887 1137 1043 1197 voluntate

93 1209 144 1273 eius
160 1214 291 1274 reddere
309 1213 368 1273 illis
384 1214 506 1284 liceret3
529 1231 608 1275 neve
621 1216 790 1278 Haeduos
783 1218 893 1278 iniuria
907 1220 1042 1279 lacesse-

91 1301 139 1371 ret,
155 1312 231 1358 neve
245 1296 294 1358 his
310 1297 468 1374 sociisque
488 1314 594 1362 eorum
610 1300 721 1360 beilum
736 1301 869 1363 inferret.
901 1301 933 1361 Si
955 1303 1009 1362 id
1001 1311 1042 1362 111

92 1377 212 1455 luisset,
235 1381 294 1440 sibi
309 1384 492 1458 populoque
504 1384 643 1444 Romano
658 1393 841 1460 perpetuam
856 1386 984 1461 gratiam
998 1393 1042 1446 at·

90 1478 139 1538 que
156 1464 314 1525 amicitiam
329 1481 398 1526 cum
413 1482 451 1527 eo
466 1467 613 1527 luturamc
636 1468 662 1528 si
677 1484 738 1528 non
753 1469 938 1545 impetraret,
960 1485 1041 1544 sese,

90 1549 217 1621 quoniam
229 1549 270 1608 Μ.
285 1548 429 1625 Messala
450 1549 491 1609 Μ.
505 1549 619 1611 Pisone
634 1552 813 1613 consulibus
829 1560 955 1613 senatus
971 1568 1042 1612 cen-

88 1631 200 1706 suisset,
226 1633 285 1708 uti,
313 1633 489 1709 quicunque
515 1634 641 1694 Galliam
666 1636 856 1710 provinciam
881 1636 1041 1711 obtineret,

53 1744 57 1753 ·
88 1717 159 1791 quod
172 1717 332 1777 commodo
346 1718 534 1792 reipublicae
549 1719 651 1778 iacere
666 1727 784 1795 posset,
798 1719 945 1780 Haeduos
961 1727 1041 1779 cete-

85 1814 187 1878 rosque
200 1800 316 1861 amieos
332 1802 438 1876 populi
452 1802 582 1861 Romani
598 1802 792 1879 defenderet,
814 1817 886 1863 sese
899 1804 1041 1864 Haeduo-

86 1899 142 1946 rum
154 1883 277 1944 iniurias
292 1901 354 1945 non
368 1886 586 1960 neglecturum.

44 1972 47 2027 Ξ
155 1968 287 2029 XXXVI.
322 1969 372 2028 Ad
398 1968 474 2028 haee
493 1970 668 2031 Ariovistus
689 1969 866 2047 respondit:
896 1971 948 2030 lus
970 1985 1042 2030 esse

44 2076 48 2103 1
85 2048 158 2125 belli,
177 2060 211 2112 ut
225 2052 277 2127 qui
292 2052 439 2117 uicissent
453 2053 490 2112 iis
506 2068 585 2129 quos
600 2055 762 2128 vicissent,
784 2054 1042 2151 quemadmodum

44 2130 49 2175 ⁵
84 2135 192 2210 1111111,
213 2136 413 2211 imperarent:
437 2136 509 2218 item
522 2139 672 2213 populum
686 2140 857 2200 Romanum
876 2137 965 2197 vietis
981 2154 1042 2198 non
1081 2211 1084 2216 Ι

44 2196 117 2277 'ud
134 2220 255 2280 alterius
270 2204 509 2297 praescriptum,
531 2223 588 2282 sed
602 2223 642 2282 ad
656 2238 747 2284 suum
768 2221 954 2283 arbitrium
945 2238 1041 2318 impe-

81 2317 142 2362 rare
162 2319 342 2366 consuesse
372 2305 434 2366 Si
426 2321 495 2380 ipse
516 2307 633 2403 populo
648 2308 787 2367 Romano
808 2323 870 2366 non
890 2307 1041 2381 praescri-

52 2438 59 2447 .
82 2384 172 2463 beret,
196 2390 453 2466 quemadmodum
475 2406 533 2450 suo
555 2391 793 2463 inmutaretur,
814 2406 876 2450 non
899 2396 1043 2463 oportere

81 2485 146 2532 ccsc
164 2490 184 2533 a
204 2475 320 2550 populo
341 2475 480 2535 Romano
501 2475 532 2534 in
553 2490 610 2535 suo
633 2475 699 2534 iure
720 2473 860 2549 inpediri.
896 2473 1042 2532 Haeduos

53 2560 56 2565 '
81 2555 147 2631 sibi,
173 2559 317 2633 quoniam
337 2557 408 2618 belli
429 2559 580 2620 fortunam
601 2564 804 2633 temptassent
817 2563 849 2616 et
862 2556 954 2623 armis
970 2571 1042 2615 eon-

81 2641 171 2715 gressi
186 2658 223 2703 ac
238 2642 375 2717 superati
389 2649 503 2716 essent,
520 2642 738 2717 stipendiarios
753 2655 825 2700 esse
840 2641 949 2700 iactos.
979 2639 1042 2698 illia-

82 2736 162 2798 gnam
169 2726 331 2786 Caesarem
345 2725 483 2786 iniuriam
497 2726 608 2799 facore,
625 2726 677 2801 qui
691 2742 748 2786 suo
764 2724 897 2784 adventu
910 2724 1043 2798 vectiga-

76 2806 116 2867 lia
126 2810 184 2871 sibi
199 2809 351 2870 deteriora
365 2811 487 2870 iaceret.
511 2808 647 2870 Haeduis
663 2826 698 2870 se
713 2808 838 2870 obsides
853 2807 1043 2868 redditurum
1130 2835 1134 2843 ·

83 2904 134 2952 uon
155 2909 244 2969 esse,
264 2909 367 2970 neque
388 2893 425 2953 iis
447 2908 548 2969 neque
569 2909 677 2953 eorum
692 2893 786 2954 sociis
809 2892 918 2951 iniuria
931 2891 1043 2951 bellum

77 2973 250 3054 inlaturum,
273 2978 351 3038 siin
373 2992 410 3038 eo
433 2984 590 3037 manerent
606 2978 688 3053 quod
711 2977 908 3037 convenisset
928 2974 1043 3048 stipen-

84 3058 220 3139 dinmque
236 3061 399 3139 quotannis
417 3059 1046 3136 1111111111111111111111111111111

57 3140 292 3233 ,isiraternum
307 3161 419 3207 noman
435 3146 540 3220 populi
554 3145 682 3205 Romani
698 3147 861 3205 afuturum.
885 3141 973 3215 Quod
987 3142 1046 3201 sibi
1113 3223 1116 3229 ι

62 3202 189 3291 ‘Caesar
203 3231 397 3291 denuntiaret
410 3245 446 3289 se
459 3229 680 3293 Haeduorum
672 3227 798 3289 miurias
813 3241 873 3286 non
890 3227 1045 3300 neglectu-

86 3324 152 3389 mm,
166 3316 317 3376 neminem
329 3329 435 3374 secum
447 3313 514 3373 sine
525 3328 583 3374 sua
597 3313 732 3388 pernicio
743 3309 948 3370 contendisse
973 3311 1046 3369 Cum

88 3398 184 3476 111111,
204 3400 460 3475 congrederetur·
495 3397 732 3475 intellecturum,
754 3394 951 3516 quid*invieti
973 3393 1041 3453 Ger
