2272 4176
64 39 220 95 erur’
233 39 250 49 ··
738 54 741 59 ·

65 96 72 109 ⁶
305 146 464 209 amnon
485 146 802 212 mumnnamom
976 146 1040 212 aro

64 300 197 364 lroinde
212 300 280 361 eius
299 303 417 363 consilii
437 302 688 366 obliviscerentur
706 310 797 380 atque
819 302 901 365 omni
921 303 1039 366 ratione

64 402 136 449 esse
146 386 334 446 vincendum
347 389 522 462 cogitarent.

144 471 199 532 IX.
242 469 308 531 Hac
328 472 465 533 oratione
483 471 567 548 apud
584 489 660 534 suos
677 472 782 534 habita
800 480 892 549 atque
904 474 1038 534 omnium

64 556 216 618 uentibus
228 557 367 618 excitatis
380 559 431 619 dat
442 558 670 619 centurionibus
681 559 846 635 negotium,
867 564 900 619 ut
909 559 1036 635 reliquis

64 642 212 718 >peribus
230 641 412 703 intermissis
431 642 471 701 ad
489 643 653 705 fodiendos
666 650 778 719 puteos
791 643 923 703 animum
934 644 1036 703 conie-

64 734 127 787 uut
148 741 231 786 neve
254 742 345 801 quma
366 734 484 803 partem
505 729 645 788 nocturni
665 728 812 804 temporis
836 727 1036 787 intermittant.

64 810 125 885 luo
147 818 298 885 suscepto
318 811 440 885 negotio
460 818 552 886 atque
570 812 704 872 omnium
724 813 831 872 animis
851 811 891 872 ad
901 812 1037 872 laborem

65 895 195 956 ncitatis
206 911 318 970 magna
327 913 389 957 una
400 903 489 956 nocte
500 896 547 955 vis
561 912 660 971 aquae
672 897 770 957 dulcis
782 898 905 957 inventa
916 903 971 956 est.
993 896 1038 957 Ita

64 980 208 1056 >perosis
233 980 511 1040 Alexandrinorum
535 979 808 1061 machinationibus
834 981 1037 1056 maximisque

64 1065 225 1126 conatibus
242 1080 304 1124 non
321 1065 405 1139 longi
421 1065 568 1139 temporis
587 1066 693 1126 labore
716 1081 880 1126 occm‘sum
903 1072 958 1125 est.
989 1063 1036 1124 Eo

64 1150 154 1210 tiduo
175 1148 257 1224 legio
270 1165 380 1208 xxxm1
392 1165 431 1208 ex
443 1149 592 1209 dediticiis
604 1149 799 1227 Pompeianis
811 1148 955 1210 militibus
967 1164 1036 1209 cum

64 1234 223 1305 r'rumento,
247 1233 347 1306 arnriS,
370 1234 448 1307 telis,
470 1235 627 1295 tormentis
646 1235 780 1310 inposita
796 1235 933 1294 innoves
946 1235 1035 1294 aDo-

64 1320 142 1380 nitio
164 1318 290 1378 Calvino
310 1317 350 1378 ad
360 1318 449 1378 litora
465 1319 589 1379 Africae
606 1321 699 1395 paulo
721 1321 799 1381 ultra
818 1318 1036 1379 Alexandriam

64 1404 163 1464 delata
182 1410 239 1463 est.
267 1403 332 1462 Hae
351 1419 446 1463 naves
458 1402 550 1476 Euro,
575 1404 627 1478 qui
644 1406 755 1465 multos
769 1403 835 1463 dies
848 1403 1035 1464 continenter

64 1488 163 1560 labat,
179 1494 303 1562 portum
315 1502 426 1562 capere
437 1487 694 1563 prohibebantur;
717 1489 1033 1562 sedloeasuntegre·
1054 1532 1057 1539 .

64 1574 110 1648 gia
127 1572 212 1633 omni
230 1571 282 1631 illa
298 1572 424 1646 regione
443 1573 483 1632 ad
498 1573 647 1634 tenendas
666 1589 806 1634 ancoras.
838 1572 877 1631 Hi
896 1588 964 1631 curn
982 1571 1035 1634 diu

64 1658 263 1717 retinerentur
284 1664 376 1731 atque
399 1672 498 1732 aquae
523 1658 628 1732 inopia
653 1662 879 1733 premerentur,
912 1654 1033 1731 navigio

64 1742 197 1805 actuario
211 1741 374 1801 Caesarem
384 1741 498 1802 faciunt
509 1743 677 1801 certiorem.

143 1827 182 1888 X.
228 1824 357 1899 Cacsar,
379 1834 412 1887 ut
428 1842 485 1901 per
505 1841 540 1885 se
559 1827 719 1886 consilium
737 1832 875 1901 caperet,
899 1822 973 1900 quid
989 1823 1031 1881 i·

64 1911 204 1972 ciendum
220 1908 389 1983 videretur,
412 1925 521 1970 navem
533 1912 711 1972 conscendit
721 1918 813 1985 atque
825 1923 945 1970 omnem
956 1908 1033 1967 clas·
1065 1954 1068 1959 .

64 2012 126 2056 sem
136 2011 173 2057 se
187 1994 277 2070 sequi
289 1994 379 2055 iussit
389 1996 600 2055 nullisnostris
608 1995 752 2056 militibus
765 1994 925 2069 impositis,
939 1991 1031 2067 quod,

64 2096 129 2141 cum
139 2080 265 2155 longius
281 2080 374 2155 paulo
387 2079 568 2152 discederet,
581 2080 764 2140 munitiones
777 2076 1032 2138 nudarenolebat.

65 2164 199 2240 Cumque
218 2163 259 2223 ad
278 2165 459 2223 eumlocum
471 2164 664 2238 accessisset,
697 2163 748 2239 qui
760 2165 931 2238 appellatur
943 2160 1032 2221 Cher·

65 2247 405 2324 soncsusaquandique
417 2265 512 2308 causa
522 2250 653 2324 remiges
666 2249 696 2308 in
707 2257 819 2309 terram
826 2246 1031 2322 exposuisset,

65 2334 197 2395 nonnulli
209 2349 250 2393 ex
262 2348 299 2393 eo
312 2348 447 2405 numero,
467 2349 535 2394 cum
546 2334 669 2409 longius
683 2333 842 2393 anavibus
855 2331 1033 2407 praedatum

65 2418 302 2497 processissent,
327 2418 364 2477 ab
377 2417 529 2492 equitibus
541 2418 676 2479 hostium
688 2425 759 2479 sunt
770 2417 898 2491 excepti.
926 2416 973 2474 Ex
984 2412 1032 2473 his

65 2510 273 2580 cognoverunt
295 2501 457 2562 Caesarem
484 2504 587 2578 ipsum
608 2503 638 2562 in
661 2505 762 2563 classe
783 2501 908 2560 venisse
929 2513 1033 2574 neque

65 2590 137 2650 ullos
150 2587 263 2647 milites
275 2587 305 2645 in
317 2586 446 2647 navibus
458 2587 580 2646 habere.
604 2587 715 2660 Quare
728 2593 884 2660 comperta
893 2598 1033 2660 magnam

64 2672 118 2733 sibi
136 2673 315 2733 facultatem
333 2671 484 2731 fonunarn
497 2671 645 2731 obtulisse
657 2673 736 2731 bene
747 2669 900 2745 gerendae
911 2669 956 2727 rei
968 2682 1031 2727 cre-

64 2756 212 2818 diderunt.
234 2756 340 2831 ltaque
350 2772 445 2815 naves
459 2772 573 2827 omnes,
589 2773 666 2831 quas
679 2762 802 2831 paratas
813 2753 983 2813 habuerant
993 2751 1033 2811 ad

64 2841 283 2918 navigandum,
312 2840 592 2916 propugnatoribus
615 2841 823 2903 instruxerunt
847 2837 1032 2912 Caesarique

64 2925 199 2987 redeunti
211 2940 282 2984 cum
293 2925 393 2984 classe
406 2932 611 2985 occurrerunt.
635 2924 691 2998 Qui
704 2925 824 2985 duabus
836 2923 875 2983 de
883 2922 985 2983 causis
993 2936 1031 2980 eo

64 3008 109 3071 die
125 3011 276 3071 dimicare
295 3010 431 3081 nolebat,
456 3010 540 3085 quod
560 3017 589 3070 et
607 3011 707 3070 nullos
727 3010 834 3069 milites
853 3008 883 3067 in
901 3005 1031 3066 navibus

64 3092 192 3155 habebat
211 3102 242 3154 et
260 3101 333 3167 post
343 3093 450 3153 horam
466 3094 615 3153 decimam
634 3094 693 3154 diei
715 3110 765 3154 res
786 3093 946 3168 argebatum
969 3106 1032 3152 nox

64 3186 160 3241 autem
171 3180 302 3239 allatura
311 3178 470 3238 videbatur
481 3179 626 3238 maiorem
636 3179 780 3239 fiduciam
790 3178 859 3250 illis,
884 3176 935 3252 qui
947 3178 1030 3236 loco·

64 3278 126 3324 mm
136 3264 245 3325 nolitia
257 3262 465 3323 confidebant:
479 3264 536 3324 sibi
547 3263 636 3323 etiam
646 3263 787 3323 hortandi
800 3277 875 3322 suos
887 3260 1032 3322 auxilium

64 3346 249 3421 defuturum,
275 3348 359 3423 quod
376 3350 459 3408 nulla
476 3349 550 3408 satis
562 3348 674 3407 idonea
685 3354 770 3407 esset
779 3346 925 3419 hortatio,
951 3359 1031 3422 quae

64 3446 162 3511 neque
177 3433 322 3494 virtutem
339 3442 446 3508 posset
464 3440 569 3492 notare
582 3448 683 3509 neque
694 3433 840 3492 inertiam.
863 3431 982 3507 Quibus
991 3431 1036 3493 ds
