2302 4192
455 110 651 171 mistorum
977 108 1040 173 449

66 281 156 339 opera
169 262 316 321 confirmat
328 268 392 321 ante
402 264 485 322 ludos
496 266 646 323 Romanos.
688 266 756 338 Legi
768 267 923 340 epistolam.
955 266 1041 326 Multa

66 349 105 407 de
118 365 182 406 meo
197 345 317 419 Catone,
339 364 394 422 quo
411 352 578 424 saepissime
591 349 713 426 legendo
727 368 760 407 se
775 351 840 407 dicit
854 354 1039 424 copiosiorem

66 434 184 504 iactum3
204 433 282 489 Bruti
294 432 397 490 Catone
411 435 483 491 lecto
495 454 527 492 sc
538 438 590 492 sibi
603 438 693 494 visum
705 436 847 492 disertum.

453 537 490 575 un
506 536 533 585 o.
548 538 658 581 aaaron.

148 602 255 672 (ata)
270 602 325 660 dic.
337 603 376 658 od
394 604 447 659 Ati.
458 603 520 674 IX,
535 601 590 675 14,
606 604 639 664 12
660 606 775 660 Litteras
790 606 886 676 accepi
898 607 931 661 ab
944 603 975 671 Q.
986 606 1035 661 Pe·

66 685 129 757 dio,
152 684 302 743 Caesarem
323 688 360 742 ad
382 704 414 742 se
431 689 522 758 pridie
539 689 579 744 Id.
597 690 677 744 Mart.
695 690 806 743 misisse
823 688 878 744 hoc
896 690 1038 761 exemplos

64 770 213 843 Pompeius
225 772 364 843 seoppido
375 776 452 827 tenet.
488 773 546 829 Nos
560 775 702 845 adportas
712 779 806 829 costra
815 772 951 829 babemus.
988 771 1039 830 do-

63 872 167 911 nomur
187 870 256 928 opus
278 872 407 927 incanum
425 860 452 911 et
465 858 610 913 multorum
627 859 734 913 dierum
742 864 861 930 propter
874 858 1047 913 altitudinem

63 942 168 1002 moris·
187 940 236 995 sed
249 944 338 996 nmen
348 939 417 994 nibil
426 946 480 1011 cst,
502 943 672 1014 qaodpotius
683 941 829 1013 sociamus.
871 942 912 998 Ab
925 946 1039 1014 utroque

59 1030 161 1103 portus
180 1039 266 1080 cornu
284 1024 366 1080 moles
381 1025 511 1094 mamus,
532 1032 562 1081 ut
579 1031 628 1082 out
642 1027 717 1081 illum
734 1043 815 1099 quom
829 1029 953 1099 primum
969 1028 1038 1081 troi-

62 1122 128 1164 cere
149 1109 221 1181 quod
240 1106 320 1163 babet
337 1108 483 1164 Brundisii
500 1112 642 1182 copiarum
661 1125 788 1183 acuamus
810 1118 858 1166 aut
876 1112 951 1167 exitu
966 1126 1036 1183 pro-

61 1193 210 1249 numum

440 1294 665 1337 sur.r›1souru..

146 1360 288 1433 stoma.
297 1356 393 1420 601²„-
415 1357 518 1418 Gaesar
530 1363 567 1418 ad
578 1362 722 1418 Pisonem=
744 1362 880 1419 Locedom
891 1361 937 1418 tibi
943 1363 1036 1434 τίρπα·

61 1452 120 1504 am
133 1447 233 1501 remisi.

438 1545 475 1583 un
492 1545 519 1583 r.
536 1545 663 1586 oroorvu.

146 1614 186 1683 (o.
201 1609 256 1683 58)
272 1612 324 1671 Cic.
331 1630 388 1686 pro
400 1613 477 1670 domo
488 1613 525 1684 9,
547 1613 604 1675 22³
631 1614 747 1670 Litteras
768 1614 797 1669 in
816 1612 945 1667 contione
966 1612 1035 1666 reci-

60 1699 142 1767 tasti,
164 1713 233 1768 quas
250 1699 298 1753 tibi
314 1714 331 1753 a
349 1695 378 1754 0.
392 1695 512 1754 Caesare
530 1699 631 1754 missas
643 1697 767 1754 diceres:
789 1695 892 1753 θαταατ
906 1694 1037 1768 Putcbm,

59 1799 128 1840 cum
144 1783 225 1838 etiam
241 1800 272 1838 es
288 1788 495 1855 argumentatus
511 1783 613 1838 amoris
626 1780 754 1839 essehoc
766 1781 890 1852 signum,
912 1796 975 1836 cum
986 1795 1035 1835 no·

59 1868 182 1924 minibus
194 1873 298 1922 tantum
310 1872 432 1923 uteretur
443 1882 534 1938 neque
546 1869 698 1924 ascriberet
709 1866 860 1939 proconsul
872 1871 918 1920 aut
928 1865 1036 1920 tribuno

57 1953 169 2027 plebis3
192 1950 293 2007 deinde
305 1952 437 2025 gratulari
448 1952 508 2021 tibi,
523 1952 598 2023 quod
610 1951 696 2023 [idem
707 1951 899 2024 inposterum]
911 1949 948 2005 M.
956 1947 1036 2006 Cato-

59 2053 128 2093 nem
147 2037 285 2093 tribunatu
304 2043 351 2091 tuo
374 2036 545 2093 removisses
567 2042 594 2092 ct
608 2036 683 2108 quod
698 2036 828 2092 eidemin
843 2041 986 2107 posterum
1000 2032 1036 2090 de

60 2121 290 2177 extraordinariis
297 2120 478 2193 potestatibus
486 2121 639 2177 libertatem
645 2120 815 2190 ademisses;
827 2136 897 2192 quas
906 2126 952 2176 aut
958 2134 1024 2174 num
1035 2149 1037 2155 ·

60 2223 148 2279 quam
161 2206 207 2262 tibi
226 2206 271 2260 ille
286 2206 389 2261 litteras
405 2206 493 2275 misit,
515 2211 562 2261 aut
580 2207 604 2262 si
621 2207 708 2276 misit,
730 2207 758 2261 in
779 2206 906 2261 contione
928 2204 1037 2261 recitari

60 2290 164 2361 noluit,
194 2294 241 2347 aut
262 2289 322 2347 sive
343 2291 388 2345 ille
411 2290 498 2361 misit,
520 2291 581 2349 sive
602 2297 632 2347 tu
652 2290 770 2361 finxisti,
798 2298 872 2347 certe
894 2289 1037 2346 consilium

60 2383 140 2431 tuum
162 2374 198 2432 do
216 2372 327 2431 Catonis
348 2373 456 2430 honore
477 2375 586 2431 illarum
607 2377 758 2432 litterarum
780 2375 939 2431 recitatione
960 2379 1036 2446 pate-

61 2462 232 2515 factumest.

433 2563 470 2600 nu
485 2562 514 2599 u
530 2562 662 2601 onassvu.

145 2627 509 2698 (communicata
533 2624 636 2685 Καίτοι
645 2646 685 2685 τα
673 2622 842 2705 γραφέντι
852 2621 918 2724 περ)
928 2644 1039 2684 τουτων

63 2703 145 2809 νόμῳ
156 2700 314 2809 Παρθικὸς
326 2702 448 2807 πόλεμος
460 2699 494 2770 od
498 2713 627 2805 προσῆν.
652 2685 795 2769 ΙΙιδεσαν
805 2700 892 2768 δὲ’
849 2728 970 2785 παντες,
992 2700 1039 2769 ότι

61 2786 135 2875 πρὸς
164 2797 248 2853 ταῦτα
276 2785 410 2895 Κρασσας
438 2786 599 2893 ἐπτόηται
628 2791 678 2852 καὶ
704 2796 820 2871 Καῖσαρ
842 2790 874 2852 ἐκ
895 2795 1039 2889 Γαλατίας

62 2878 193 2978 ἔγραψεν
214 2867 294 2959 adiu
315 2868 370 2957 τὴν
393 2868 488 2959 ὁρμὴν
508 2874 639 2937 ἐπαινῶν
660 2874 710 2937 καὶ
728 2870 903 2959 παροξύνων
922 2866 1015 2937 int
986 2898 1038 2936 τον

61 2957 196 3042 πόλεμον.

363 3068 400 3107 nu
415 3068 440 3104 r.
457 3066 601 3105 sravurvu
616 3066 735 3105 rnrasu.

146 3139 187 3205 (o.
146 3129 254 3206 (5)4
277 3135 332 3194 cic.
348 3136 387 3191 ad
400 3132 432 3202 Q.
447 3134 488 3206 fr.
501 3132 567 3203 ΙΙΙ,
590 3132 619 3203 1,
631 3132 687 3197 20:
708 3135 738 3189 P.
751 3131 885 3191 Servilius
903 3139 980 3207 pater
1003 3150 1038 3189 eu

63 3222 175 3291 litteris,
198 3237 268 3292 quas
291 3220 343 3275 sibi
364 3236 381 3275 a
403 3216 524 3274 Caesare
546 3219 646 3274 missas
668 3235 733 3275 esse
754 3217 877 3290 dicebat,
900 3216 1039 3292 significat

64 3306 149 3367 valde
174 3313 201 3361 te
226 3306 277 3361 sibi
301 3310 411 3377 gratum
434 3303 551 3374 secisse,
574 3303 650 3374 quod
675 3302 711 3359 de
738 3317 790 3358 sua
808 3304 950 3361 voluntate
970 3320 1038 3376 erga

64 3388 217 3455 merorem
229 3388 427 3446 humanissime
442 3386 711 3463 diligentissimeoue
724 3388 840 3445 iocatus
853 3396 949 3445 sasas:

101 3488 125 3531 o.
141 3484 239 3529 roaros
253 3484 383 3531 cassin.
815 3477 859 3533 ab
