2272 4176
185 199 228 239 »Β
250 193 356 239 Becco
377 199 579 241 1vevnr111uo
604 198 631 240 c.
655 190 698 244 56.
719 189 761 243 st.
785 190 829 245 58.
958 179 997 240 73

75 345 133 413 ille,
157 364 231 422 quae
250 345 428 421 parabantur
444 364 459 406 a
481 348 611 423 perfugis
629 347 763 415 edoctus,
784 347 897 423 magnis
914 348 1025 410 hine-2

54 447 100 489 tus
113 428 260 488 lletcllum
273 431 429 489 antevenit:
446 431 607 507 oppidanos
622 429 756 490 hortatur
768 431 883 490 moenia
897 429 997 489 delen-

57 521 98 581 nt
119 513 222 571 additis
243 512 348 571 auxilio
367 513 507 591 perfugis,
532 513 610 592 quod
636 530 727 591 genus
746 532 781 573 ex
805 514 895 590 copiis
910 514 997 589 regis,

54 599 86 656 ria
99 595 200 656 tallere
215 595 363 672 nequibat,
380 597 587 658 firmissumum
598 603 669 665 erat,
681 603 833 674 praeterea
845 594 999 672 pollicetur

71 687 203 756 tempore
224 686 317 739 semet
341 697 406 739 cum
430 682 558 741 exercitu
581 681 691 741 adlore.

103 763 145 822 lta
172 764 328 839 conpositis
353 761 442 823 rebus
469 765 497 823 in
523 762 586 824 loca
609 782 696 841 quam
722 780 858 824 mauirme
886 761 1026 824 occulta3

54 848 150 915 scedit,
167 864 199 906 ac
215 852 280 923 post
296 846 382 922 paulo
399 849 548 923 cognoscit
562 847 685 908 Manlum
698 867 733 907 ex
750 849 853 907 itincre
868 847 999 906 frumen·

54 948 110 990 um
133 948 200 989 cum
215 931 315 1006 paucis
332 930 501 990 cohortibus
524 931 637 991 Siccam
659 933 793 999 missum,
815 929 894 1008 quod
917 931 998 1007 oppi-

54 1032 91 1073 im
112 1015 240 1090 primum
257 1015 386 1072 omnium
408 1018 474 1089 post
491 1013 596 1074 malam
617 1031 746 1092 pugnam
769 1014 806 1074 ab
824 1029 895 1088 rege
918 1013 970 1072 del
987 1043 999 1056 ·

54 1105 111 1156 rat.
142 1097 184 1155 Eo
200 1114 267 1156 cum
282 1096 401 1155 delectis
415 1096 560 1176 equitibus
576 1104 664 1157 noctu
679 1100 778 1174 pergit
796 1104 824 1158 et
842 1098 899 1155 iam
915 1107 1026 1172 egre-4

54 1181 165 1240 entibus
179 1180 317 1239 Romanis
332 1182 360 1239 iu
372 1187 456 1255 porta
471 1172 600 1258 pugn'am
611 1182 693 1241 iacit:
710 1182 796 1242 simul
810 1197 914 1257 magna
929 1196 999 1238 voce

54 1265 164 1323 coensis
185 1263 331 1332 hortatur,
362 1265 403 1323 uti
431 1264 559 1323 cohortis
581 1264 617 1324 ab
642 1272 725 1342 tergo
754 1265 998 1325 circumveniant:

54 1355 167 1407 rtunam
180 1347 234 1406 illis
248 1345 393 1423 praeclari
410 1348 547 1407 facinoris
560 1366 660 1408 casum
675 1348 761 1408 dare:
784 1351 809 1408 si
822 1349 851 1407 id
866 1348 997 1413 fecerint,

54 1438 121 1490 stea
142 1448 205 1490 sese
227 1431 255 1488 in
278 1446 385 1506 regno,
405 1429 469 1488 illos
492 1433 522 1490 in
543 1430 676 1491 libertate
690 1432 752 1490 sine
773 1437 853 1490 metu
876 1436 1000 1491 aetatem

55 1521 147 1574 turos.
187 1514 229 1573 hc
250 1515 280 1572 ni
297 1513 405 1573 illarius
427 1516 509 1591 signa
525 1513 634 1574 inlerre
653 1521 740 1592 atque
755 1515 878 1573 evadere
892 1512 1027 1589 oppidoo

54 1600 247 1675 operuisset,
267 1597 399 1673 prolecto
422 1600 523 1657 cuncti.
540 1604 590 1657 aut
611 1615 715 1674 magna
737 1614 806 1674 pars
821 1597 1000 1656 Siccensium

54 1683 108 1741 lem
120 1682 322 1741 mutavissent:
339 1687 417 1740 tanta
427 1680 587 1741 mobilitate
599 1699 663 1741 sese
673 1681 816 1740 Numidae
829 1685 926 1756 egunt.
951 1678 1026 1739 Seth
1076 1694 1079 1701 ·

54 1765 126 1825 Iltcs
141 1763 319 1840 Iugurthini,
343 1763 492 1841 paulisper
514 1763 550 1823 ab
571 1781 642 1841 rege
658 1764 823 1831 sustentati,
846 1768 1000 1839 postquam
1058 1825 1063 1835 ,

54 1851 132 1908 aiore
149 1849 176 1906 vi
194 1847 292 1906 hostes
305 1853 441 1922 urguent,
464 1849 565 1925 paucis
581 1849 693 1907 arnissis
706 1847 824 1925 profugi
839 1845 999 1905 discedunt.

105 1931 211 1990 ilarius
234 1930 269 1989 ad
292 1931 410 1990 Zamam
432 1933 573 2008 pervenit.
615 1931 646 1990 Id
670 1930 824 2008 oppidum,
846 1931 875 1989 in
897 1944 999 2003 campo
1011 1925 1051 1985 57

55 2035 116 2084 itm,
139 2017 230 2090 magis
245 2032 333 2091 opere
351 2032 437 2091 quarn
452 2021 554 2074 natura
570 2017 714 2075 munitum
729 2020 800 2081 erat,
817 2012 924 2073 nullius
939 2012 1000 2081 ido-

56 2118 93 2159 ae
113 2100 155 2158 rei
173 2114 270 2173 egens,
288 2099 376 2156 armis
398 2100 522 2177 virisque
545 2098 725 2175 opulentum.
757 2097 848 2173 Igitur
869 2093 1027 2154 Metellus‘t

55 2190 223 2258 otempore
241 2188 327 2259 atque
341 2180 406 2241 loco
421 2184 529 2258 paratis
550 2182 640 2242 rebus
657 2186 761 2241 cuncta
781 2180 896 2239 moenia
917 2194 1000 2237 exer-

54 2285 79 2326 :u
90 2266 289 2332 circumvenit,
301 2264 404 2340 legatis
414 2267 528 2342 inperat
541 2266 592 2325 ubi
604 2267 725 2343 quisque
741 2269 866 2323 curaret.
890 2260 1026 2322 DeIndc3

54 2367 104 2428 gno
128 2349 194 2408 dato
212 2349 341 2425 undiquc
364 2347 449 2407 simul
471 2348 580 2408 clamor
603 2350 705 2425 ingens
726 2351 828 2415 oritur,
850 2362 945 2422 neque
968 2361 1002 2401 ea

54 2432 221 2493 sNumIdas
235 2439 340 2491 terret:
357 2433 461 2491 intensi
477 2432 636 2509 intentique
650 2434 713 2492 sine
726 2430 853 2490 tumultu
868 2431 1001 2486 manent:

57 2515 166 2576 cellum
190 2517 335 2592 incipitur.
384 2515 522 2583 Romani,
548 2533 604 2592 pro
624 2516 741 2590 ingenio
767 2515 905 2591 quisque,
932 2525 1028 2587 parst

54 2603 136 2660 tinus
152 2598 256 2674 glande
272 2604 320 2659 aut
332 2597 477 2675 lapidibus
492 2615 634 2675 pugnare,
651 2596 698 2657 alii
712 2596 872 2656 succedere
888 2612 922 2653 ae
937 2611 1001 2652 mu·

54 2702 89 2744 m
105 2683 192 2741 modo
209 2682 367 2742 subfodere
383 2681 470 2740 modo
485 2681 571 2741 scalis
586 2680 720 2758 adgredi,
736 2696 844 2756 cupere
858 2676 1003 2756 proelium

72 2766 210 2826 manibus
228 2765 334 2826 lacere.
368 2765 476 2824 Contra
499 2783 532 2825 ea
549 2764 685 2843 oppidani
705 2765 736 2823 in
756 2778 917 2840 proxumos
936 2771 1030 2822 saraa

54 2851 147 2917 lvere,
160 2849 249 2917 sudis,
262 2849 328 2925 pila,
343 2854 493 2925 praeterea
507 2850 603 2924 picem
617 2847 728 2907 sulfure
744 2854 772 2906 et
785 2845 868 2905 taeda
884 2845 1004 2915 mixtam

56 2935 136 2995 denti
151 2935 276 2992 mittere.
306 2932 356 2992 Set
370 2949 408 2992 ne
425 2931 488 2990 illos
502 2931 629 3008 quidem,
647 2932 695 3008 qui
710 2928 814 3006 procul
828 2932 1030 2992 manserantc
1098 2952 1106 2965 ·

54 3035 111 3077 nor
126 3018 215 3076 animi
231 3016 300 3075 satis
317 3017 496 3074 muniverat:
513 3031 580 3073 narn
594 3014 751 3093 plerosque
768 3010 860 3073 iacula
875 3019 1004 3068 tormen·

54 3120 60 3160 v
76 3108 127 3161 aut
138 3118 228 3160 manu
246 3100 350 3159 emissa
363 3096 563 3165 vulnerabant,
583 3096 705 3176 parique
721 3094 852 3171 periculo
868 3100 912 3152 set
929 3092 1005 3149 lama

54 3186 120 3265 pari
143 3183 213 3243 honi
229 3189 315 3260 atque
331 3182 426 3258 ignavi
442 3185 534 3239 erant.

108 3268 184 3328 Ilum
200 3266 277 3344 apud
294 3265 410 3324 Zamam
428 3264 471 3323 sio
492 3270 630 3333 certatur,
651 3261 793 3340 Iugurtha
808 3279 843 3322 ex
857 3259 1003 3336 inproviso
1016 3255 1056 3318 58

54 3359 120 3414 stra
140 3350 267 3410 hostium
282 3366 349 3409 cum
365 3363 470 3424 magna
490 3364 578 3408 manu
597 3347 721 3407 invadit:
743 3345 880 3412 remissis,
904 3344 954 3422 qui
975 3344 1003 3401 in

54 3435 171 3497 *aesidlo
187 3442 279 3502 erant,
298 3438 326 3493 et
349 3433 444 3491 omnia
466 3433 559 3510 magis
580 3448 668 3510 quam
688 3429 832 3508 proelium
849 3433 1002 3504 expectan-
