2302 4192
132 448 193 515 lto
450 452 499 513 ull
520 451 644 515 BELLO
667 452 783 514 clvlut

130 621 197 665 rum
211 613 242 665 ct
260 620 367 681 regum
380 608 633 682 appellandorum
646 605 856 680 largitionibus
871 612 1029 685 movetur,
1052 624 1095 673 st·

131 704 191 765 que
211 691 338 749 aiterum
358 690 424 751 iore
440 690 555 751 Sullam
575 690 653 750 inter
667 706 742 750 suos
757 691 920 768 gloriatur,
951 692 992 753 ad
1014 710 1097 769 quem

131 790 249 835 summa
266 774 384 849 imperii
403 775 517 835 redeat.
558 773 733 850 Scipionem
754 776 862 835 eadem
883 792 960 852 spes
981 778 1097 851 provin·
1139 772 1141 842 ἷ

131 857 196 917 oiae
212 865 304 933 atque
319 860 506 919 exercituum
516 860 649 934 impellit,
666 876 745 934 quos
759 876 794 919 se
805 876 862 935 pro
876 862 1100 922 necessitudine

129 943 308 1017 partiturum
323 959 391 1003 cum
398 943 543 1017 Pompeio
559 943 729 1018 arbitratur,
745 945 835 1003 simui
846 945 1031 1006 iudiciorum
1043 962 1099 1005 me

129 1035 194 1101 tus,
210 1028 343 1087 adulatio
358 1036 450 1103 atque
466 1028 627 1087 ostentatio
643 1029 691 1088 sui
707 1036 736 1088 et
749 1030 928 1104 potentium,
946 1030 999 1105 qui
1014 1030 1045 1089 in
1057 1046 1100 1089 re·

129 1112 254 1185 publica
269 1111 452 1186 iudiciisque
473 1118 536 1171 tum
558 1112 719 1186 plurimum
734 1113 899 1188 poliebant.
929 1114 1004 1190 Ipse
1018 1115 1099 1174 Pom-

131 1195 219 1269 peius
236 1195 274 1253 ab
289 1195 418 1255 inimicis
435 1197 575 1256 Caesaris
590 1196 732 1256 incitatus
747 1204 778 1257 et
792 1198 877 1273 quod
892 1199 1047 1258 neminem
1060 1199 1099 1257 di·

130 1281 243 1353 gnitate
259 1295 363 1339 secum
379 1282 544 1355 exaequari
558 1281 696 1356 volebat,
721 1289 818 1342 totum
839 1299 874 1343 se
896 1283 934 1343 ab
951 1285 1018 1343 eius
1034 1282 1100 1343 arui-

131 1364 201 1423 citia
214 1371 364 1424 averterat
378 1372 408 1424 et
423 1381 491 1425 cum
507 1366 716 1428 communibus
731 1366 860 1426 inimicis
875 1367 905 1425 in
917 1367 1049 1441 gratiam
1058 1382 1100 1426 re

131 1447 236 1522 dierat,
253 1465 381 1523 quorum
394 1450 462 1524 ipse
477 1450 639 1509 maximam
650 1458 768 1525 partem
782 1452 833 1510 illo
849 1451 1016 1511 adfinitatis
1031 1460 1100 1512 tern-

130 1547 207 1605 pore
222 1533 394 1593 iniunxerat
409 1535 547 1601 Caesam
565 1537 653 1593 simul
668 1535 791 1592 infamia
806 1535 936 1594 duarum
952 1536 1101 1610 legionum

129 1625 304 1692 permotus,
328 1635 404 1693 quas
420 1619 458 1678 ab
474 1619 580 1677 itinere
594 1619 689 1677 Asiae
705 1616 876 1695 Syriaeque
891 1620 932 1678 ad
948 1636 1037 1679 suam
1051 1636 1101 1695 po·

130 1701 254 1762 tentiam
270 1702 518 1778 dominatumque
534 1709 740 1777 converterat,
758 1718 823 1761 rem
837 1704 878 1762 ad
892 1719 979 1762 arma
994 1702 1102 1765 deduci

133 1786 282 1847 studebat.
965 1809 968 1815 ·

214 1872 252 1929 V.
275 1872 329 1930 His
352 1872 390 1930 de
412 1873 514 1932 causis
537 1879 669 1946 aguntur
690 1870 791 1931 omnia
810 1872 920 1947 raptim
937 1880 1032 1949 atque
1046 1881 1095 1935 tiu·

131 1960 210 2019 bate.
239 1957 301 2016 Nec
316 1956 449 2015 docendi
465 1956 604 2015 Caesaris
621 1955 803 2030 propinquis
819 1956 885 2016 eius
901 1957 1039 2031 spatimn
1054 1959 1099 2019 da·

131 2053 179 2105 tur
204 2058 261 2100 nec
284 2040 412 2100 tribunis
438 2040 537 2115 piebis
563 2041 610 2099 sui
636 2041 763 2114 periculi
789 2040 977 2114 deprecandi
1006 2058 1102 2117 neque

132 2129 220 2188 etiam
237 2126 363 2186 extremi
378 2124 451 2183 iuris
468 2126 686 2184 intercessione
700 2124 859 2198 retinendi,
876 2126 960 2198 quod
974 2125 1008 2183 L.
1024 2126 1103 2186 Sulla

131 2213 309 2286 reliquerat,
336 2211 464 2268 iaculias
480 2210 634 2282 tribuitur,
661 2210 717 2267 sed
733 2211 771 2266 de
787 2225 843 2267 sua
858 2211 956 2268 salute
974 2211 1101 2285 septima

133 2298 182 2356 die
198 2296 332 2368 cogitare
348 2303 511 2366 coguntur,
542 2295 625 2368 quod
641 2294 681 2352 iiii
697 2293 948 2353 turbulentissimi
964 2296 1104 2369 superio·

131 2382 215 2440 ribus
238 2377 426 2451 temporibus
455 2379 565 2437 tribuni
593 2378 692 2453 plebis
715 2386 822 2437 octavo
844 2378 976 2452 denique
999 2395 1105 2439 mense

135 2481 254 2527 suarum
270 2464 423 2522 actionum
438 2464 593 2536 respicere
608 2479 644 2522 ac
659 2464 764 2521 timere
780 2469 972 2522 consuerant.
990 2464 1100 2523 Decur-

135 2550 206 2609 citur
222 2549 260 2607 ad
276 2549 347 2606 iliud
364 2556 531 2605 extremum
544 2554 636 2621 atque
647 2548 782 2606 ultimum
794 2550 1100 2621 senatusconsultum

134 2650 212 2709 quo,
227 2633 285 2692 nisi
302 2647 400 2706 paene
416 2632 442 2689 in
460 2633 529 2706 ipso
546 2633 629 2690 urbis
646 2632 786 2691 inccndio
802 2639 894 2705 atque
909 2633 940 2690 in
956 2633 1100 2707 despera·

42 2722 46 2731 '
133 2721 214 2779 lione
240 2718 372 2777 omnium
397 2718 520 2790 salutis,
549 2733 712 2790 numquam
734 2725 803 2775 ante
828 2717 1015 2776 descensum
1043 2726 1103 2776 ests

133 2805 206 2863 dent
221 2819 344 2877 operam
360 2803 521 2874 consules,
546 2808 720 2876 praetores,
746 2800 856 2859 tribuni
873 2801 971 2874 plebis
989 2802 1104 2877 quique

133 2905 189 2963 pro
206 2887 382 2948 consulibus
399 2887 439 2945 ad
453 2886 573 2959 urbem,
602 2901 639 2944 ne
655 2886 726 2960 quid
742 2885 917 2959 respublica
932 2886 1102 2945 detrimenti

132 2974 241 3049 capiat.
270 2972 354 3030 Haec
369 2971 635 3029 senatusconsultu
652 2969 881 3044 perscribuntur
895 2985 921 3027 a.
932 2970 1016 3028 dvrr
1032 2971 1103 3030 idus

132 3057 297 3118 ianuarias.
328 3056 432 3128 ltaque
448 3055 584 3129 quinquo
601 3055 704 3128 primis
722 3055 845 3127 diebuS,
869 3054 979 3128 quibus
997 3054 1103 3113 haberi

132 3151 256 3203 senatus
273 3139 385 3214 potuit,
403 3156 462 3212 qua
477 3155 515 3198 ex
532 3140 581 3198 die
597 3141 785 3198 consulatum
802 3140 865 3198 iniit
879 3140 1042 3213 Lentulus,
1056 3140 1100 3197 hi·

133 3229 193 3286 duo
210 3233 340 3298 excepte
362 3225 501 3283 comitiali
524 3232 554 3284 et
574 3225 611 3282 de
634 3225 761 3298 imperio
779 3224 918 3282 Caesaris
941 3231 970 3282 et
985 3224 1026 3281 de
1040 3240 1102 3282 am-

134 3309 277 3386 plissimis
292 3308 374 3379 viris,
392 3309 517 3368 tribunis
530 3309 637 3382 piebis,
650 3309 829 3381 gravissime
842 3307 1103 3383 acerbissimeque

133 3395 313 3455 decernitur.
342 3392 520 3466 Proiugiunt
542 3393 641 3452 statim
663 3409 701 3451 ex
723 3394 797 3453 urbe
813 3392 1038 3467 tribuniplebis
1054 3409 1102 3452 se-

134 3494 231 3555 seque
253 3479 290 3536 ad
308 3477 467 3537 Caesarem
489 3479 658 3537 conterunt.
688 3479 717 3536 is
739 3494 776 3536 eo
797 3484 935 3551 tempore
957 3484 1023 3536 erat
1043 3479 1102 3537 Ra·

134 3579 251 3624 vennae
262 3563 504 3636 expectabuntque
517 3563 581 3621 suis
595 3562 756 3622 lenissimis
767 3563 928 3636 postulatis
939 3578 1103 3636 responsa,

135 3646 163 3706 si
179 3663 240 3723 qua
254 3646 408 3706 hominum
424 3648 577 3721 aequitate
592 3663 641 3706 res
657 3648 696 3706 ad
712 3649 805 3706 otium
820 3647 930 3707 deduci
948 3655 1067 3722 posset.

214 3732 265 3793 Vl.
288 3732 442 3795 Proximis
462 3732 575 3795 dicbus
589 3731 720 3791 liabetur
742 3738 831 3787 extra
843 3733 1100 3794 urbemsenatus
