2272 4176
48 39 235 95 Wq„

53 113 75 135 ¹.

427 160 543 225 LIBER
559 163 585 222 Π
923 158 987 225 239

48 313 135 375 orias
154 323 256 378 autern
275 332 315 377 ex
332 316 460 379 funibus
476 316 642 378 ancorariis
653 323 715 378 tres
728 316 758 374 in
769 315 989 391 longitudinem

48 402 166 464 rictum
183 403 276 463 turris
293 404 370 462 latas
392 409 534 477 quattuor
553 402 649 477 pedes
668 402 805 460 lecerunt
822 416 938 476 easque
950 417 988 462 ex

48 486 111 548 bus
129 487 281 562 partibus,
308 501 388 562 quae
407 487 446 546 ad
464 486 570 547 hostes
587 485 763 561 vergebant,
785 486 987 547 eminentibus

48 571 153 632 tbibus
165 569 280 632 circum
290 571 396 631 turrim
408 571 653 646 praependentes
664 570 886 644 religaverunt;
905 570 988 645 quod

48 672 107 716 ium
125 671 227 730 genus
246 655 398 729 tegimenti
418 656 484 714 aliis
504 655 580 715 loeis
600 661 685 714 erant
703 655 821 730 experti
833 656 914 715 nullo
926 654 986 714 telo

48 755 116 815 ique
141 746 292 800 tormento
314 739 399 798 traici
421 755 526 814 posse.
557 739 616 799 Ubi
637 754 712 798 vero
735 755 772 799 ea
794 756 867 815 pars
884 739 986 812 turris,

48 839 94 884 rae
112 831 180 885 erat
202 824 351 899 perlecta,
374 830 454 884 tecta
471 831 562 898 atque
579 824 693 883 munita
710 830 757 883 est
775 824 814 884 ab
827 823 908 883 omni
926 823 989 883 ictu

48 908 159 980 istium,
182 908 303 983 pluteos
317 907 426 967 adalia
439 907 752 982 eperaabduxerunt;
770 908 864 969 turris
875 914 986 968 tectum

48 1008 70 1052 u·
87 1007 123 1053 se
146 993 250 1069 ipsum
267 991 481 1066 pressionibus
501 1007 539 1051 ex
558 992 783 1066 contignatione
801 993 900 1068 prima
917 1007 987 1051 sus·

48 1076 153 1136 undere
171 1092 209 1137 ac
225 1077 332 1136 tollere
351 1083 534 1151 coeperunt;
561 1076 629 1147 ubi,
661 1083 807 1152 quantum
825 1076 987 1136 storiarum

48 1160 165 1221 emissio
188 1159 373 1235 patiebatur,
396 1167 512 1220 tantum
529 1159 696 1220 elevabant.
718 1161 800 1220 intra
817 1159 895 1220 haec
912 1159 987 1234 tegi

48 1250 115 1305 enta
133 1244 228 1305 abditi
248 1251 339 1318 atque
360 1244 464 1304 muniti
486 1245 619 1319 parietes
641 1245 785 1304 lateribus
808 1244 985 1305 extruebant

48 1343 188 1404 ususque
207 1328 266 1387 alia
280 1328 447 1401 pressione
464 1328 504 1387 ad
517 1327 740 1388 aedificandum
752 1329 809 1388 sibi
821 1330 922 1388 locum
935 1342 986 1386 ex-

48 1412 189 1473 edicbant.
212 1412 271 1472 Ubi
281 1418 401 1486 tempus
414 1412 536 1472 alterius
551 1411 804 1472 contabulationis
816 1411 986 1483 videbatur,

48 1511 97 1570 gna
116 1498 189 1558 item
208 1503 241 1556 ut
259 1496 356 1570 primo
374 1502 454 1555 tecta
472 1497 617 1556 extremis
634 1496 779 1556 lateribus
798 1496 987 1556 instruebant

48 1596 116 1656 tque
134 1595 173 1640 ca
190 1579 414 1654 contignatione
424 1596 533 1640 rursus
550 1596 698 1640 summanr
711 1580 985 1642 contabulationem

48 1666 193 1740 oniasque
216 1664 382 1724 elevabant.
416 1665 460 1723 lta
479 1671 542 1724 tuto
566 1680 601 1724 ac
623 1664 690 1724 sine
714 1666 777 1725 ullo
801 1664 927 1724 vulnere
950 1677 985 1724 ac

48 1749 153 1809 ericulo
173 1763 232 1808 sex
249 1749 382 1809 tabulata
400 1755 598 1809 extruxerunt
615 1750 843 1824 fenestrasque,
874 1747 981 1823 quibua

48 1850 53 1889 ι
70 1833 145 1893 locis
167 1831 269 1893 visum
291 1839 350 1905 est,
385 1833 425 1892 ad
445 1839 595 1893 tormenta
615 1833 760 1895 mittenda
780 1834 811 1892 in
839 1831 984 1892 struendo

48 1917 213 1992 liquerunt.

96 2003 133 2061 X.
178 2001 238 2062 Ubi
256 2016 295 2060 ex
312 2016 348 2060 ea
364 2003 437 2061 turri
457 2017 536 2078 quae
555 2003 668 2062 circum
686 2008 791 2062 essent
803 1998 984 2076 operatueri

48 2099 166 2160 eposse
186 2085 296 2145 confisi
313 2093 396 2158 sunt,
428 2088 600 2146 musculum
625 2086 721 2160 pedes
740 2101 778 2145 rx
803 2088 928 2161 longum
947 2099 985 2143 ex

48 2171 142 2230 rateria
153 2169 300 2244 bipedali,
324 2185 413 2244 quent
426 2171 528 2230 aturri
541 2170 675 2231 latericia
686 2170 724 2229 ad
736 2170 868 2231 hostium
881 2169 986 2229 turrim

48 2269 201 2329 urumque
222 2253 438 2328 perducerent,
463 2256 564 2314 lacere
583 2256 792 2324 instituerunt;
815 2255 902 2315 cuius
920 2269 984 2314 mu-

48 2339 95 2398 culi
112 2339 191 2399 hacc
203 2345 267 2398 erat
279 2338 385 2398 torma.
408 2338 494 2398 Duae
506 2340 635 2413 primum
647 2339 750 2399 trabes
763 2340 792 2397 in
805 2341 872 2399 solo
887 2352 985 2412 acque

48 2436 127 2498 tngac
140 2423 287 2482 distantes
300 2422 376 2481 inter
388 2438 422 2482 se
434 2423 531 2496 pedes
545 2425 881 2498 quattuorcollocantnr
892 2423 985 2495 inque

49 2504 68 2565 is
83 2508 264 2568 columellae
282 2506 394 2581 pedum
413 2507 443 2565 in
456 2508 641 2567 altitudinem
654 2508 789 2583 quinque
801 2507 983 2581 defiguntur.

48 2588 82 2650 las
93 2592 169 2653 inter
182 2607 217 2650 se
229 2590 380 2664 capreolis
392 2591 474 2650 molli
486 2592 607 2666 fastigio
621 2592 814 2666 coniungunt,
827 2591 879 2651 ubi
891 2591 982 2664 tigna,

48 2690 98 2746 poe
117 2675 247 2736 musculi
264 2674 386 2748 tegendi
405 2691 499 2734 causa
510 2685 632 2750 ponant,
657 2677 851 2736 collocentur.
873 2674 918 2733 Eo
932 2689 983 2734 su-

48 2760 174 2834 artigua
190 2759 344 2834 bipedalia
361 2758 486 2819 iniciunt
505 2775 603 2834 eaque
613 2760 732 2820 laminis
746 2759 903 2833 clavisque
914 2756 981 2816 reli-

48 2851 99 2912 net.
126 2843 176 2904 Ad
194 2851 361 2902 extremum
376 2843 505 2903 musculi
526 2853 636 2904 tectum
653 2845 819 2918 trabesque
832 2850 982 2903 extremas

48 2927 313 3002 padratasregulas
324 2936 464 3002 quattuor
474 2929 602 3002 patentis
618 2929 728 3003 digitos
744 2928 888 3001 defigunt,
904 2940 986 3000 quae

48 3016 145 3085 aleres,
176 3013 229 3087 qui
251 3027 346 3086 super
366 3013 505 3072 musculo
529 3020 696 3084 struantur,
726 3013 907 3073 contineant.
942 3009 986 3069 lta

48 3088 159 3170 litigato
174 3104 265 3172 atquc
277 3097 435 3156 ordinatim
447 3104 570 3167 structo,
584 3105 616 3156 ut
626 3098 727 3157 trabes
740 3103 824 3156 erant
835 3096 894 3154 inc
915 3108 980 3172 pre·

48 3176 83 3239 >lt
99 3183 279 3251 collocatae,
302 3181 447 3240 lateribus
464 3182 590 3255 lutoque
606 3183 781 3252 musculus,
804 3179 893 3239 utab
912 3177 983 3254 igni,
1089 3146 1105 3179 Ἰ

48 3262 132 3334 utticx
149 3282 234 3326 muro
253 3264 416 3336 iaceretur,
439 3271 519 3324 tutus
539 3273 635 3337 essct,
665 3265 841 3339 contegitur.
886 3263 986 3340 Super

48 3352 131 3410 dores
142 3351 225 3412 coria
235 3349 426 3419 inducuntur,
440 3364 477 3408 ne
486 3350 640 3409 canalibus
649 3366 730 3424 aqua
742 3350 984 3410 inmissalutcres

48 3423 139 3494 llluere
155 3442 271 3513 posset.
302 3434 391 3495 Coria
408 3442 515 3507 autern,
538 3450 578 3495 ne
587 3451 695 3496 rursus
707 3434 769 3509 igni
782 3450 818 3495 ae
829 3435 983 3509 lapidibus
