2272 4176
455 152 652 214 murciae
975 152 1039 221 455

413 325 452 365 aa
466 324 525 365 ara.
540 324 692 367 svrrrmvu.

143 395 187 465 (a.
198 386 255 463 45)
270 392 465 451 camalam.
476 390 566 466 XIII,
587 392 637 464 19,
659 393 693 454 1:
713 392 851 452 Effectum
862 402 904 451 est
914 398 1037 471 elipsim

67 477 217 551 splendore
232 481 260 533 ct
272 482 367 535 uestro
381 478 607 551 reliquorumque
618 477 759 551 hospitum
770 479 875 550 studio,
897 487 926 536 ut
936 482 1038 553 omnia,

68 576 135 634 quae
151 562 306 633 vellemus,
327 578 345 619 a
364 560 486 619 Caesare
501 563 732 634 impetrarentur3
754 563 830 635 quod
843 564 988 638 intelleges
1004 583 1038 623 ex

66 644 94 703 iu
108 646 224 718 litteris,
246 662 316 718 quas
327 644 432 703 Caesar
445 645 483 702 ad
496 652 524 701 te
539 646 624 702 dedit

458 746 496 786 uu
510 747 640 787 srmcvu.

141 816 184 886 (a.
196 809 254 885 45)
268 812 516 886 mandaram,
533 815 567 886 6,
581 813 616 875 3:
639 813 743 872 Caesar
754 814 821 871 mihi
831 816 949 873 irridere
960 819 1038 875 visus

63 907 99 956 ast
120 914 232 972 quaeso
253 897 321 955 illud
337 906 431 969 tuum,
454 898 530 971 quod
551 906 610 955 erat
628 886 744 967 εὖτινὲς
763 907 791 955 et
814 902 958 957 urbanum
998 902 1039 957 lta

63 1000 144 1055 rorrc
166 990 196 1039 te
215 983 277 1039 sine
291 998 359 1039 cura
379 1000 444 1039 esse
465 984 560 1054 iussit,
581 991 611 1040 ut
630 983 697 1039 mihi
711 983 825 1057 quidem
841 986 1038 1043 dubitationem

63 1084 173 1125 amnem
188 1068 305 1123 tolleret„

439 1169 476 1207 aa
490 1167 659 1208 smormvrs.

138 1237 184 1305 (a.
196 1230 253 1305 45)
267 1234 322 1295 Cic.
328 1253 386 1309 pre
395 1235 483 1294 aava
496 1231 552 1305 14,
568 1233 627 1298 38:
648 1234 710 1292 Non
722 1236 832 1309 dubito,
854 1239 920 1310 quin
931 1241 983 1296 tuis
994 1242 1037 1297 lit·

63 1323 138 1391 eris,
162 1335 282 1393 quarum
302 1321 461 1393 exemplum
478 1321 550 1393 legi,
572 1336 641 1392 quas
660 1321 698 1377 ad
715 1337 779 1377 eum
796 1320 956 1381 Tarracone
972 1325 1038 1383 huic

64 1405 200 1463 Blesamio
216 1402 332 1475 dedisti,
352 1421 385 1460 se
399 1405 490 1476 magis
506 1405 590 1461 etiam
605 1405 726 1461 erexerit
740 1407 774 1461 ab
791 1407 921 1479 omnique
936 1411 1037 1467 sollici-

64 1490 153 1547 udine
181 1488 355 1545 abstraxerit.
396 1488 479 1545 Iubes
502 1490 576 1545 enim
600 1491 672 1545 bene
693 1505 809 1562 sperare
831 1498 859 1546 et
878 1493 952 1549 bono
974 1512 1037 1551 esse

64 1576 168 1643 mimo;
191 1572 268 1645 quod
284 1574 343 1629 scio
356 1578 384 1629 te
399 1589 455 1629 non
470 1575 572 1628 frustra
586 1574 710 1629 scribere
725 1576 825 1630 solere.

461 1674 498 1712 su
513 1674 630 1712 sauma

137 1744 181 1810 (α.
193 1735 249 1811 45)
265 1741 320 1799 Ota.
332 1742 432 1798 chlt
445 1739 541 1811 XIII,
562 1737 618 1812 45,
643 1741 677 1801 1:
704 1742 766 1797 Fuit
785 1742 861 1814 apud
883 1762 928 1800 me
942 1745 1037 1804 Lamia

64 1834 119 1887 mst
133 1825 293 1884 discessum
307 1830 383 1881 tuum
398 1826 600 1898 epistolamque
615 1826 652 1882 ad
667 1842 712 1881 me
727 1828 813 1882 attulit
826 1829 940 1884 mIssam
954 1831 1037 1888 sibia

64 1915 197 1980 laesare3
220 1925 292 1983 quae
308 1924 477 1983 quamquam
491 1916 555 1967 ante
571 1911 636 1966 data
650 1915 710 1966 erat
723 1927 807 1982 quam
819 1913 882 1969 illae
893 1913 1033 1971 Diochari-

64 2016 124 2068 nae,
147 2004 243 2053 tamen
261 1996 346 2068 plane
367 1995 528 2051 declarabat
548 1996 624 2051 illum
638 2000 702 2051 ante
717 1996 800 2052 ludos
814 1995 956 2055 Romanos
972 2017 1034 2057 essa

64 2088 215 2140 renturum.
256 2080 288 2135 ln
304 2096 359 2152 qua
374 2085 499 2136 extrema
513 2080 646 2152 scriptum
660 2084 735 2151 erat,
753 2087 784 2136 ut
799 2081 835 2137 ad
850 2081 931 2139 ludos
942 2083 1034 2144 omnia

64 2172 170 2225 »araret
187 2182 261 2222 neve
277 2164 474 2235 committeret,
496 2171 525 2219 ut
539 2166 640 2220 frustra
653 2166 715 2237 ipse
729 2173 919 2238 properasset.
953 2169 1033 2224 Pror-

66 2270 102 2308 us
125 2267 163 2307 cx
177 2249 221 2305 his
235 2249 332 2305 litteris
346 2264 403 2305 non
417 2249 566 2307 videbatur
581 2266 645 2305 esse
661 2249 791 2320 dubium,
813 2251 880 2322 quin
893 2258 956 2309 ante
973 2269 1033 2311 eam

64 2337 131 2393 liem
148 2339 283 2392 venturus
301 2341 392 2401 esset,
413 2331 544 2405 idemque
559 2332 662 2404 Balbo,
684 2350 747 2389 cum
759 2351 821 2390 eam
836 2336 981 2408 epistolam
995 2339 1034 2392 le-

64 2422 160 2490 pisset,
182 2418 273 2478 videri
285 2418 380 2473 Lamia
391 2417 511 2473 dicebat.

450 2519 487 2557 au
503 2519 638 2558 sruurvu.

137 2590 179 2656 (a.
191 2585 247 2655 57)
263 2585 339 2643 Caes.
351 2587 375 2642 5.
389 2587 459 2643 dall.
471 2585 508 2642 II
517 2593 605 2645 esta:
634 2586 674 2643 Ob
698 2602 802 2656 easque
824 2602 870 2641 res
887 2604 923 2642 ex
939 2588 1033 2645 litteris

64 2672 187 2729 laesuris
203 2671 263 2726 dies
279 2670 437 2743 quindecim
452 2673 616 2744 supplicatio
632 2671 744 2727 decreta
760 2678 810 2726 est.

137 2758 179 2824 (α.
192 2752 247 2824 55)
262 2753 340 2811 Idem
355 2754 417 2811 idid
436 2754 487 2811 IV
500 2762 589 2811 ectr:
619 2755 667 2810 His
688 2757 772 2811 rebus
787 2756 873 2827 gestis
889 2771 924 2811 ex
938 2756 1034 2811 litteris

65 2840 186 2899 laeseris
202 2840 310 2895 dierum
324 2839 423 2911 viginti
438 2840 603 2936 supplicatio
619 2856 635 2895 a
650 2846 750 2895 senatu
764 2839 878 2895 decreta
893 2846 942 2894 est.
1074 2880 1083 2894 s

136 2927 178 2993 (a.
192 2921 247 2992 55)
261 2923 333 2979 Plus
346 2922 402 2979 Cat
413 2926 478 2978 min.
492 2922 547 2984 51·
565 2910 618 2979 ’Far
631 2913 736 2980 τούτου
751 2922 866 3021 Καῖσαρ
881 2909 1034 3017 ἐπιστολὴν

65 2998 175 3087 τρέψας
190 2994 233 3064 cire
234 3002 355 3064 ἔστειλεν
370 2994 450 3074 εἰς
419 3025 474 3080 την
485 2996 667 3082 σύγκλητον·
684 2996 723 3076 ὡς
734 3000 766 3064 dd
779 2994 952 3102 ἆνεγνωσθη
961 3004 1033 3084 flla-

65 3089 186 3168 εφημίας
200 3078 310 3160 πολλὰς
324 3086 429 3165 ἔχουσα
443 3085 494 3146 καὶ
508 3087 684 3169 κατηγορίας
698 3109 750 3147 του
737 3081 904 3159 Κάτωνος
917 3098 976 3148 cett.

135 3180 178 3247 (a
193 3174 248 3245 52)
270 3175 347 3234 caes.
361 3176 386 3232 5
401 3175 469 3232 dall
488 3173 549 3232 VII
558 3182 646 3232 ecta:
679 3181 697 3246 †
722 3176 771 3230 His
795 3176 890 3231 litteris
915 3177 1033 3249 eognilis

65 3262 160 3319 lamae
177 3263 287 3318 dlerum
300 3260 397 3332 viginti
412 3260 576 3332 supplicatio
592 3259 725 3323 redditur.

135 3350 179 3417 (a.
192 3342 235 3407 50
245 3347 382 3416 memo)
398 3344 473 3402 daea
487 3344 511 3399 5.
522 3346 571 3400 cic.
583 3343 615 3414 I,
636 3344 666 3414 9,
680 3342 715 3404 3:
745 3341 813 3400 Cum
823 3344 927 3402 litteras
939 3346 977 3402 ad
987 3364 1029 3404 aa

65 3437 148 3493 tatum
155 3430 271 3503 miserit,
282 3434 312 3485 ut
319 3446 416 3487 amnes
424 3431 458 3486 ab
468 3429 633 3486 exercitibus
642 3429 827 3501 discederent,
838 3446 874 3491 ue
883 3430 1030 3504 idqmdcm
