2302 4192
304 39 1083 436 :q

83 510 124 574 50
373 510 422 569 DE
442 506 565 568 BELLO
589 504 750 566 GALLICO

85 668 222 739 possunt,
238 667 357 735 cogunt.
380 660 489 721 Socios
500 656 558 717 sibi
570 656 610 715 ad
620 657 773 715 idbellum
780 651 933 727 osismos,
946 652 1045 715 Lexo

84 746 160 819 ulos,
174 744 344 818 Namnetes,
365 743 554 814 Ambiliatos,
568 738 713 813 Morinos,
732 736 928 811 Diablintres,
942 736 1049 796 Meua·

85 829 152 904 pios
173 827 364 895 adsciscunt;
386 825 499 886 aumlia
519 838 558 882 ex
578 823 748 895 Britannia,
770 834 849 895 quae
863 824 974 879 contre
992 832 1043 887 eas
1081 870 1083 875 .

85 910 225 985 regiones
240 909 341 983 posito
355 915 410 981 est,
426 912 594 966 arcessunt

166 994 202 1051 X.
230 992 323 1050 Erant
336 991 394 1050 hae
408 990 601 1049 difficultates
616 988 685 1047 belli
698 986 832 1061 gerendi,
855 1000 936 1059 quas
950 998 1042 1059 supra

86 1075 282 1147 ostendimus,
304 1075 360 1133 sed
374 1076 468 1133 multa
481 1072 641 1131 Gaesarem
655 1077 755 1128 tamen
769 1069 810 1128 ad
823 1069 855 1129 id
868 1068 984 1127 bellum
998 1068 1040 1126 in·

86 1159 231 1219 citabant=
259 1156 386 1215 iniuriae
405 1162 589 1214 retentorum
614 1153 747 1227 equiturn
760 1153 978 1223 Romanorum,
996 1164 1040 1209 re·
1070 1212 1073 1217 ,

87 1242 175 1305 bellio
191 1242 270 1298 lacte
284 1245 355 1313 post
370 1238 562 1309 deditionem,
579 1236 707 1296 deiectio
722 1235 800 1294 datis
815 1233 987 1308 obsidibus,
1000 1238 1041 1293 tot

87 1324 238 1382 civitatum
252 1322 428 1394 coniuratio,
448 1320 584 1394 inprimis
599 1334 638 1376 ne
651 1318 708 1377 hae
723 1324 808 1392 parte
822 1318 964 1391 neglecta
976 1314 1038 1375 reli·

87 1421 165 1481 quae
178 1406 315 1464 nationes
331 1405 388 1464 sibi
403 1405 480 1463 idem
496 1403 587 1461 licere
602 1402 826 1460 arbitrarentur.
854 1401 963 1475 ltaque
976 1414 1038 1459 cum

86 1489 272 1561 intellegeret
292 1502 397 1548 omnes
412 1489 475 1546 lere
491 1486 592 1545 Gallos
608 1484 694 1544 novis
708 1484 801 1543 rebus
822 1483 949 1543 studere
962 1488 993 1541 et
1004 1480 1039 1541 ad

87 1571 197 1629 bellum
212 1571 360 1653 mobiliter
382 1569 578 1642 celeriterque
593 1567 734 1640 excitari,
755 1582 861 1626 omnes
874 1572 978 1625 autem
990 1564 1039 1624 bo·
1073 1576 1076 1581 '

86 1652 182 1711 mines
204 1659 310 1711 natura
331 1652 457 1711 libertati
473 1652 595 1712 studere
610 1658 640 1711 et
659 1649 868 1711 condicionem
889 1647 1039 1709 servitutis

88 1735 200 1807 odisse,
216 1736 392 1809 priusquam
407 1737 509 1809 plures
525 1734 662 1793 civitates
677 1734 896 1807 conspirarent,
911 1732 1039 1805 paraen-

88 1818 159 1876 dum
173 1817 232 1876 sibi
246 1833 282 1875 ac
297 1818 384 1875 latius
400 1817 640 1876 distribuendum
655 1817 820 1875 exereitum
834 1815 961 1889 putavit
1080 1846 1083 1895 ς

172 1899 222 1958 ΧΙ.
249 1899 353 1973 ltaque
373 1900 405 1957 T.
425 1899 589 1959 Labienum
609 1901 740 1972 legatum
763 1899 794 1958 in
807 1900 972 1972 Treveros,
993 1896 1041 1972 qui
1080 1916 1083 1953 ε

88 1981 217 2059 proximi
237 1980 351 2039 flumini
365 1981 471 2041 Rheno
493 1989 577 2056 sunt,
600 1998 668 2041 eum
688 1982 823 2057 equitatu
842 1981 939 2041 mittit
967 1981 1042 2039 Huic

88 2065 219 2138 mandat,
232 2065 344 2126 Remos
359 2065 671 2140 reliquosquesselgas
686 2066 776 2124 odeat
789 2072 880 2139 atque
894 2064 926 2122 in
942 2063 1041 2125 ollieio

89 2149 239 2212 contineat
254 2149 489 2222 Germanosque,
505 2151 556 2223 qui
573 2148 682 2207 auxilio
699 2164 717 2207 a
730 2148 831 2222 Belgis
847 2146 987 2207 arcessiti
1001 2146 1040 2205 di-

89 2233 247 2306 cebantur,
268 2233 295 2291 si
314 2247 372 2306 per
384 2232 445 2290 vim
466 2233 594 2292 navibus
610 2231 722 2291 flumen
738 2230 866 2291 nansire
886 2237 1043 2302 conentur,

90 2315 255 2389 prohibeat.
289 2314 321 2373 P.
338 2315 479 2374 crassum
500 2328 567 2375 cum
584 2314 758 2375 cohortibus
779 2314 955 2388 legionariis
970 2314 1043 2373 duo

89 2397 187 2457 decim
207 2402 238 2454 et
251 2411 360 2469 magno
382 2413 506 2457 numero
528 2399 680 2471 equitatus
695 2398 725 2456 in
739 2396 934 2472 Aquitaniam
953 2395 1043 2471 proii-

90 2479 163 2539 cisci
178 2479 269 2552 iubet,
285 2495 322 2537 ne
335 2495 374 2538 ex
385 2479 433 2539 his
445 2481 617 2540 nationibus
631 2481 743 2540 auxilia
753 2481 782 2539 in
791 2480 916 2539 Galliam
929 2480 1044 2540 mittan·

89 2568 138 2621 tur
148 2576 185 2620 ac
195 2566 296 2620 tantae
304 2562 442 2622 nationes
458 2562 688 2637 coniungantur.
710 2563 893 2635 Q.Titurium
900 2562 1044 2625 Sabinum

89 2646 220 2717 legatum
241 2660 309 2702 eum
329 2646 498 2718 legionibus
519 2646 615 2706 tribus
636 2647 666 2705 in
686 2645 828 2719 Unellos,
849 2644 1046 2705 Gurlosolites

89 2725 302 2801 Lexoviosque
322 2728 423 2801 mittit,
445 2728 495 2803 qui
511 2744 577 2788 eam
593 2736 714 2788 manum
734 2728 936 2788 distinendam
954 2732 1047 2788 curet

89 2808 243 2879 Decimum
257 2811 381 2869 Brutum
400 2812 738 2874 adulescentemclassi
760 2811 944 2886 Gallicisque
963 2809 1043 2870 navi·

89 2893 163 2967 bus,
186 2909 262 2967 quas
278 2909 317 2952 ex
331 2893 504 2953 Pictonibus
527 2902 557 2954 et
571 2894 715 2955 Santonis
729 2894 917 2969 reliquisque
932 2893 1048 2969 pacatis

89 2975 265 3048 regionibus
281 2976 444 3036 convenire
457 2975 604 3052 iusserat,
627 2978 821 3053 praeficitet,
838 2976 1047 3051 cumprimum

91 3064 207 3131 posset,
228 3058 258 3117 in
272 3059 408 3119 Venetos
422 3060 577 3133 proficisci
593 3060 684 3121 iubet.
718 3062 789 3137 lpse
803 3076 839 3120 eo
854 3060 1050 3135 pedestribus

93 3139 189 3215 copiis
205 3141 366 3200 contendit.

38 3298 42 3307 ι
171 3222 234 3282 XII.
255 3222 348 3281 Erunt
361 3223 508 3283 eiusmodi
524 3226 588 3284 lere
604 3225 679 3285 situs
695 3226 885 3300 oppidorum,
900 3230 935 3285 ut
947 3227 1051 3300 posita

91 3306 120 3366 in
141 3305 284 3365 extremis
299 3304 419 3379 lingulis
434 3308 712 3383 promunturiisque
726 3324 826 3382 neque
840 3308 973 3383 pedibas
989 3308 1051 3368 adi-

91 3397 153 3449 tum
167 3389 327 3461 haberent,
349 3404 417 3447 cum
432 3404 471 3447 ex
492 3391 551 3449 alto
566 3407 601 3450 se
616 3399 719 3451 aestus
741 3391 945 3466 incitavisset,
967 3389 1052 3465 quod

91 3471 138 3530 bis
158 3472 268 3531 accidit
288 3487 409 3546 semper
428 3471 570 3532 horarum
590 3490 636 3533 rur
652 3476 767 3549 spatio,
789 3490 891 3549 neque
911 3475 1052 3548 navibus,

93 3554 175 3627 quod
183 3569 289 3615 rursus
301 3553 453 3615 aunuente
467 3562 555 3615 aestu
565 3572 661 3617 naves
672 3557 799 3617 invadis
814 3557 1051 3617 adflictarentur.

92 3635 136 3695 lta
154 3643 282 3711 utraque
296 3653 329 3696 re
351 3638 533 3713 oppidorum
555 3642 744 3714 oppugnatio
764 3640 994 3713 inpediebatur;
1017 3654 1053 3699 ac

93 3718 117 3777 si
146 3719 267 3801 quando
295 3720 500 3793 magnitudine
520 3723 622 3796 operis
644 3724 722 3782 lorte
742 3722 900 3798 superati,¹
922 3729 1050 3784 extruso
