2272 4176
32 40 131 121 W
144 50 160 59 ··
197 42 200 47 ·

484 162 600 224 LIBER
623 163 659 222 V.
1011 157 1054 227 91

84 318 162 381 muni
178 316 272 379 saluti
287 317 393 377 deerat
407 316 482 378 etin
496 316 687 392 appellandis
704 315 965 394 cohortandisque
979 315 1054 376 mili·

85 405 159 466 libus
181 401 378 478 imperatoris
400 406 430 461 et
450 401 481 460 in
503 416 608 476 pugna
627 402 729 462 militis
751 402 854 462 officia
867 402 1053 477 praestabat.

84 490 154 549 Cum
177 493 306 563 propter
325 485 545 559 longitudinem
573 486 702 560 agminis
723 486 823 546 minus
844 488 933 547 facile
955 485 1071 573 omnia·

83 588 135 649 per
150 587 187 632 se
203 570 290 631 obire
305 575 336 629 et
351 569 425 645 quid
441 585 566 645 quoque
581 570 650 631 loco
666 570 839 630 iaciendum
854 577 938 632 esset
952 570 1051 647 provi·
1103 576 1107 582 '

84 659 154 717 dere
169 662 316 731 possent,
332 653 492 714 iusserunt
505 654 712 729 pronuntiare,
729 662 763 714 ut
777 655 994 730 impedimenta
1008 669 1055 714 re·

82 743 256 816 linquerent
270 745 363 812 atque
377 737 409 796 in
426 738 531 797 orbem
547 738 758 799 consisterent.
791 739 879 812 Quod
895 738 1056 799 consilium

83 825 138 885 etsi
153 825 185 882 in
201 822 352 883 eiusmodi
368 837 443 881 casu
456 821 744 897 reprehendendum
756 839 817 884 non
829 829 884 896 est,
900 831 1003 884 mmen
1015 824 1059 881 in—

83 908 245 970 commode
259 905 385 965 accidie
401 912 431 964 et
445 907 560 966 nostris
574 906 719 966 militibus
735 923 823 987 spem
838 907 946 968 minuit
961 914 992 967 et
1005 906 1058 967 ho-

83 1000 145 1053 stes
160 993 202 1052 ad
216 1005 353 1065 pugnam
368 991 535 1050 alacriores
552 989 661 1065 effecit,
679 992 764 1065 quod
779 1007 840 1050 non
856 991 923 1051 sine
938 1007 1056 1052 summo

83 1078 190 1137 timore
213 1082 243 1134 et
263 1073 481 1149 desperatione
502 1074 533 1132 id
555 1076 667 1133 lactum
688 1075 858 1135 videbatur.
897 1075 1057 1136 Praeterea

83 1159 201 1234 accidit,
219 1159 304 1234 quod
318 1157 384 1217 lieri
398 1173 529 1218 necesse
544 1166 617 1232 erat,
632 1166 666 1219 ut
679 1161 772 1233 vulgo
787 1161 897 1232 milites
912 1160 950 1220 ab
962 1161 1057 1234 signis

84 1243 294 1315 discederent,
322 1257 402 1316 quae
425 1243 557 1317 quisque
578 1258 684 1303 eorum
707 1243 865 1303 carissima
878 1243 1006 1303 haberet
1019 1243 1059 1303 ab

82 1325 307 1402 impedimentis
326 1332 432 1400 petere
447 1332 541 1400 atque
555 1327 691 1403 arripere
706 1334 902 1402 properaret,
925 1329 1058 1388 clamore

82 1418 111 1470 et
124 1409 200 1470 ilctu
215 1410 318 1470 omnia
333 1411 568 1483 complerentur.

163 1494 299 1554 XXXIV.
321 1495 362 1551 At
376 1493 516 1553 barbaris
532 1494 693 1554 consilium
708 1511 769 1555 non
786 1495 891 1555 deiuit.
912 1495 988 1554 Nam
1002 1496 1056 1555 du-

82 1595 133 1638 ces
153 1593 261 1638 eorum
282 1583 346 1638 tota
367 1576 433 1636 acie
454 1579 653 1653 pronuntiare
674 1578 845 1652 iusserunt,
873 1594 912 1638 ne
928 1578 997 1654 quis
1018 1579 1056 1638 ab

83 1664 151 1722 loco
169 1661 360 1724 discederet:
388 1660 509 1720 illorum
530 1678 602 1722 esse
616 1664 763 1736 praedam
778 1669 870 1738 atque
884 1662 943 1722 illis
958 1677 1055 1723 reser-

81 1747 154 1820 vari,
172 1760 387 1821 quaecumque
400 1744 530 1805 Romani
544 1745 757 1820 reliquissent:
774 1747 904 1820 proinde
916 1747 1017 1807 omnia
1027 1747 1055 1806 in

83 1830 208 1891 victoria
222 1829 325 1904 posita
340 1828 568 1889 existumarent.
596 1830 692 1889 Erant
705 1837 735 1890 et
749 1831 859 1890 virtute
881 1836 910 1888 et
930 1846 1055 1892 numero

84 1914 248 1990 pugnando
263 1914 478 1988 paresnostri;
494 1914 613 1974 tametsi
621 1913 660 1972 ab
669 1915 747 1974 duee
755 1920 785 1974 ct
799 1930 818 1973 a
832 1915 955 1974 fortuna
969 1916 1053 1989 dese-

83 1999 235 2072 rebantur,
252 2004 353 2057 tamen
369 2013 490 2056 omnem
506 2013 593 2072 spem
608 1998 715 2058 salutis
727 1998 757 2057 in
768 1999 879 2058 virtute
892 1999 1054 2075 ponebant,

82 2089 110 2142 et
123 2083 266 2158 quotiens
281 2097 423 2156 quaeque
439 2081 551 2141 cohors
568 2090 771 2156 procurrerat,
788 2083 826 2142 ab
843 2099 880 2142 ea
895 2090 981 2158 parte
994 2099 1055 2143 ma·

82 2183 159 2240 gnus
175 2182 321 2227 numerus
337 2165 469 2225 hostium
487 2165 624 2225 cadebat.
642 2166 707 2238 Qua
717 2165 752 2225 re
764 2168 1054 2228 animadversaAm·

83 2251 180 2311 biorix
194 2249 385 2326 pronuntiari
400 2250 492 2323 iubet,
509 2255 542 2308 ut
556 2252 663 2324 procul
680 2252 740 2310 teia
752 2252 903 2310 coniciant
914 2268 974 2311 neu
985 2268 1056 2325 pro-

81 2335 150 2408 pius
166 2335 317 2393 accedant
331 2339 369 2407 ct,
387 2349 478 2407 quam
493 2334 524 2391 in
539 2339 657 2408 partem
673 2335 801 2394 Romani
817 2335 962 2409 impetum
976 2337 1055 2394 lece-

81 2418 154 2492 rint,
184 2418 294 2477 cedant
309 2418 443 2489 (levitate
460 2434 611 2478 armorum
628 2426 657 2477 et
673 2418 824 2478 cotidiana
839 2419 1057 2478 exercitatione

83 2502 154 2560 nihil
169 2501 207 2560 iis
223 2501 328 2560 noceri
343 2504 463 2575 posse),
478 2518 586 2562 rursus
603 2519 638 2562 se
653 2503 692 2561 ad
707 2502 796 2576 signa
811 2503 995 2576 recipientes
1012 2503 1053 2560 in·

82 2594 260 2660 sequantur.
836 2619 841 2629 ·

163 2669 283 2729 XXXV.
301 2667 366 2740 Quo
375 2676 541 2744 praecepto
550 2670 587 2728 ab
600 2671 637 2728 iis
650 2669 880 2742 diligentissime
892 2669 1055 2729 observate

81 2771 149 2814 cum
165 2753 329 2828 quaepiam
344 2752 454 2813 cohors
471 2769 510 2811 ex
526 2754 601 2814 orbe
616 2760 795 2813 excesserat
805 2759 898 2826 atque
910 2753 1055 2828 impetum

82 2839 203 2911 iecerat,
220 2837 327 2898 hostes
342 2837 538 2896 velocissime
553 2837 754 2911 refugiebant.
770 2837 891 2896 Interim
907 2853 974 2895 eam
986 2852 1054 2911 par-

83 2928 140 2981 tem
162 2922 272 2981 nudari
294 2935 426 2980 necesse
447 2927 513 2980 erat
534 2928 564 2980 et
584 2921 622 2980 ab
643 2923 737 2980 latere
753 2928 860 2996 aperto
875 2923 935 2979 tela
948 2919 1054 2994 recipi.

81 3007 198 3066 Rursus
216 3021 285 3066 cunt
300 3005 329 3064 in
347 3021 416 3064 eum
432 3007 547 3078 locum,
574 3006 656 3064 unde
677 3012 764 3064 erant
785 3003 917 3079 egressi,
944 3003 1056 3063 reverti

82 3095 256 3165 coeperant,
273 3095 303 3147 et
316 3089 355 3147 ab
371 3089 418 3162 iis,
437 3090 488 3163 qui
505 3095 678 3164 cesserant,
694 3096 723 3147 et
738 3090 776 3148 ab
791 3089 839 3161 iis,
857 3087 908 3160 qui
924 3087 1055 3161 proximi
1088 3114 1092 3123 ·

82 3181 241 3248 steterant,
269 3173 602 3242 circumveniebantur;
629 3175 799 3232 sinautem
824 3173 926 3230 locum
952 3180 1055 3231 tenere

81 3260 205 3333 vellent,
232 3272 290 3315 nec
311 3257 413 3316 virtuti
429 3260 516 3317 loeus
531 3257 775 3331 relinquebatur,
801 3271 903 3329 neque
919 3257 957 3315 ab
973 3260 1055 3315 tanta
1100 3324 1104 3335 Ι

82 3341 270 3402 multitudine
287 3341 427 3400 coniecta
437 3343 498 3399 tela
513 3341 642 3400 conserti
655 3341 751 3400 vitare
767 3345 915 3415 poterant.
941 3341 1052 3399 Tamen
1103 3362 1108 3377 ·

83 3430 122 3484 tot
136 3424 341 3486 incommodis
357 3424 523 3485 conflictati
546 3425 647 3485 multis
662 3425 842 3488 vulneribus
856 3425 997 3501 acceptis
1009 3439 1056 3484 re-
