2272 4176
66 448 128 514 210
379 450 429 511 DE
450 450 582 523 BELLO>
598 450 713 512 CWILI

66 604 178 674 visset;
203 603 234 664 in
255 620 316 681 quo
331 603 478 665 iacturam
494 603 646 679 dignitatis
661 610 754 681 atque
768 603 897 666 honoris
911 603 982 681 ipse
994 606 1029 667 lt·

67 695 171 750 cturus
186 696 279 750 esset.
307 690 514 750 acerbitatem
527 688 716 750 inimicorum
731 689 839 765 docet,
861 689 930 765 qui,
957 688 1030 765 quod

68 773 105 834 ab
120 775 215 835 altero
229 775 435 850 postularent,
456 775 486 833 in
502 789 536 835 se
550 781 731 835 recusarent
745 779 839 849 atque
853 773 1029 850 omniaper-

13 894 16 901 -
67 858 187 918 misceri
207 861 330 919 mallent
351 876 441 935 quam
461 858 620 934 imperium
640 859 859 934 exercitusque
880 857 1030 919 dimittere.

67 943 208 1003 Iniuriam
223 943 253 1003 in
269 943 435 1019 eripiendis
456 943 629 1018 legionibus
645 943 819 1019 praedicat,-
829 940 1030 1005 crudelitatem

68 1034 97 1088 et
111 1028 304 1088 insolentiam
319 1029 349 1089 in
365 1028 650 1089 circumscribendis
671 1028 802 1088 tribunis
823 1026 942 1103 plebis;
967 1042 1030 1087 con·

69 1112 204 1172 diciones
220 1130 238 1173 a
253 1128 288 1173 se
302 1114 393 1187 latas,
420 1115 555 1188 expetita
572 1113 725 1189 colloquia
740 1119 770 1173 et
791 1112 945 1188 denegata
958 1127 1029 1173 con-

67 1205 222 1257 memorat.
244 1197 302 1258 Pro
319 1198 428 1273 quibus
443 1199 537 1258 rebus
553 1197 688 1259 hortatur
703 1212 740 1257 ac
753 1198 902 1273 postulat,
916 1203 950 1258 ut
961 1212 1030 1256 rem·
1060 1255 1063 1263 ,

68 1281 219 1356 publicam
242 1283 411 1357 suscipiant
427 1288 518 1358 atque
539 1298 601 1342 una
615 1298 719 1342 secum
734 1281 957 1343 administrent
985 1279 1029 1340 Sin

67 1365 174 1426 timore
189 1366 352 1441 defugiant,
368 1367 427 1426 illis
442 1382 477 1426 se
492 1367 577 1426 oneri
592 1383 653 1426 non
664 1369 797 1428 futurum
808 1372 839 1426 et
849 1381 907 1441 per
918 1380 1030 1426 serem·

68 1450 221 1525 publicam
247 1451 531 1511 administratumm.
570 1452 703 1526 Legatos
734 1451 774 1510 ad
798 1449 977 1526 Pompeium
999 1449 1063 1508 de¹¹

69 1533 290 1609 compositione
304 1536 377 1597 mitti
394 1543 551 1611 oportere=
568 1551 669 1610 neque
683 1551 718 1595 se
728 1534 941 1610 reformidare,
957 1532 1030 1609 quod

68 1618 98 1679 ln
115 1625 223 1678 senatu
237 1618 401 1695 Pompeius
416 1622 508 1695 paulo
524 1628 594 1680 ante
610 1620 753 1694 dixisset,
780 1619 823 1679 ad
848 1635 929 1694 quos
950 1616 1030 1693 legati

68 1703 262 1778 mitterentur,
287 1703 335 1764 his
350 1706 558 1765 auctoritatem
573 1705 692 1764 attribui
707 1704 912 1779 timoremque
926 1718 1030 1774 eorum,

69 1788 120 1864 qui
134 1788 291 1863 mitterent,
308 1789 482 1863 significari.
497 1789 608 1849 Tenuis
623 1795 714 1865 atque
728 1788 840 1849 infirmi
854 1788 934 1849 hoec
949 1785 1030 1848 animi

67 1872 173 1932 videri.
204 1870 244 1932 Se
258 1888 343 1948 vero,
356 1880 389 1934 ut
404 1873 549 1949 operibus
565 1873 679 1933 anteire
691 1872 854 1948 studuerit,
869 1873 916 1934 sic
929 1870 1030 1932 iustitia
1066 1905 1071 1951 t

70 1957 358 2033 etaequitatevelte
373 1974 530 2034 superare.
1067 1955 1071 2027 ',

150 2042 280 2103 XXXlll.
312 2042 423 2105 Probat
446 2059 511 2103 rem
536 2050 661 2103 senatus
683 2043 723 2102 de
742 2040 900 2102 mittendis
915 2040 1029 2116 legatis3
1067 2038 1071 2079 ²

69 2127 133 2201 sed,
150 2127 201 2202 qui
215 2128 410 2203 mitterentur,
423 2145 483 2189 non
496 2127 734 2203 reperiebantur,
746 2126 945 2201 maximeque
954 2125 1027 2186 timo·
1067 2158 1071 2179 ·.

66 2211 109 2271 ris
132 2226 226 2272 causa
245 2229 302 2288 pro
324 2230 358 2272 se
374 2214 505 2289 quisque
519 2213 550 2272 id
564 2228 674 2271 munus
688 2211 849 2286 legationis
866 2209 1029 2270 recusabat
1068 2200 1071 2225 ¹

66 2293 231 2371 Pompeius
247 2297 326 2356 enim
341 2298 504 2357 discedens
520 2297 558 2356 ab
574 2296 649 2356 urbe
664 2296 694 2355 in
709 2302 818 2355 senatu
835 2295 972 2368 dixerat,
986 2308 1030 2354 eo·
1067 2338 1070 2343 .

69 2378 137 2439 dem
159 2397 193 2440 se
208 2381 378 2441 habiturum
399 2383 483 2457 loco,
510 2381 563 2456 qui
576 2383 693 2441 Romae
707 2379 931 2440 remansissent
946 2387 976 2439 et
988 2376 1030 2454 qui

67 2465 97 2525 in
114 2465 221 2524 castris
238 2465 377 2525 Caesaris
394 2466 531 2526 luissent.
562 2464 613 2526 Sic
627 2465 760 2524 triduum
775 2462 1029 2538 disputationibus

68 2549 380 2625 excusationibusque
401 2551 577 2609 extrahitur.
609 2549 761 2609 Subicitur
782 2548 872 2607 ctiam
886 2549 922 2607 L.
936 2547 1030 2606 Metel·

67 2635 129 2706 lus,
146 2634 283 2694 tribunus
298 2634 412 2709 plebis,
434 2635 472 2694 ab
487 2634 616 2694 inimicis
633 2634 788 2708 Caesaris,
814 2632 866 2706 qui
882 2631 963 2692 hane
975 2646 1032 2690 rem

68 2718 216 2778 distrahat
228 2719 426 2794 reliquasque
441 2735 509 2794 res,
533 2733 744 2794 quascumque
760 2732 852 2792 agere
866 2715 1032 2788 instituerit,

66 2803 219 2877 impediat.
250 2804 340 2864 Cuius
363 2805 485 2878 cognito
508 2804 636 2864 consilio
660 2803 772 2864 Caesar
793 2804 909 2861 trustra
930 2800 1033 2860 diebus

67 2887 183 2963 aliquot
198 2889 398 2964 consumptis,
415 2905 454 2947 ne
468 2890 619 2964 reliquum
635 2895 756 2962 tempus
772 2886 899 2958 amittat,
916 2884 1033 2944 iniectis

65 2972 118 3047 iis,
146 2989 224 3048 quae
239 2990 331 3048 agere
347 2975 566 3047 destinaverat,
582 2974 620 3032 ab
635 2971 711 3033 urbe
726 2970 934 3047 proficiscitur
945 2975 1034 3044 atque

66 3057 94 3116 in
110 3057 284 3117 ulteriorem
301 3059 425 3118 Galliam
440 3058 587 3137 pervenit.
676 3126 679 3131 ,
926 3090 929 3095 -

144 3141 276 3200 XXXIV.
294 3143 441 3215 Quocum
452 3145 596 3216 venisset,
613 3141 773 3216 cognoscit
784 3139 914 3200 missurn
927 3140 1034 3203 aPom-

64 3226 134 3303 peio
149 3225 315 3286 Vibullium
330 3229 450 3303 Rufum,
467 3244 557 3303 quern
574 3227 680 3301 paucis
697 3233 765 3286 ante
780 3225 889 3284 diebus
906 3223 1034 3286 Corfinio

66 3318 187 3387 captum
202 3311 270 3386 ipse
285 3312 456 3383 dimiserat;
483 3314 653 3388 proiectum
668 3313 738 3372 ilem
753 3310 917 3370 Domitium
933 3310 973 3369 ad
988 3322 1034 3369 oc-

65 3396 237 3471 cupandarn
246 3396 413 3457 Massiliam
430 3398 559 3458 navibus
576 3398 718 3457 actuariis
734 3402 861 3470 septem,
879 3411 958 3469 quas
973 3389 1035 3467 lgili

64 3481 137 3539 etin
154 3482 274 3541 Cosano
290 3499 308 3542 a
323 3482 448 3558 privatis
472 3490 595 3543 coactas
618 3482 732 3555 servis,
759 3479 890 3553 libertis,
919 3476 1036 3539 colonis

64 3565 129 3624 suis
145 3568 366 3642 compleverat;
381 3569 571 3642 praemissos
587 3568 677 3626 etiarn
692 3567 809 3638 legatos
824 3563 1037 3624 Massilienses

64 3646 202 3726 domum,
228 3653 347 3713 nobiles
369 3653 601 3726 adulescentes,
629 3665 708 3726 quos
724 3650 763 3708 ab
778 3650 854 3710 urbe
868 3647 1037 3708 discedens

62 3729 226 3809 Pompeius
242 3744 307 3795 erat
320 3737 508 3813 adhortatus,
527 3753 566 3797 ne
581 3751 663 3796 nova
678 3735 818 3793 Citesaris
836 3733 938 3794 olficia
954 3739 1032 3792 vete·
