<?xml version="1.0" encoding="UTF-8"?>
<!DOCTYPE html PUBLIC "-//W3C//DTD XHTML 1.0 Transitional//EN"
    "http://www.w3.org/TR/xhtml1/DTD/xhtml1-transitional.dtd">
<html xmlns="http://www.w3.org/1999/xhtml" xml:lang="en" lang="en">
 <head>
  <title>
</title>
<meta http-equiv="Content-Type" content="text/html;charset=utf-8" />
  <meta name='ocr-system' content='tesseract 3.04.00' />
  <meta name='ocr-capabilities' content='ocr_page ocr_carea ocr_par ocr_line ocrx_word'/>
</head>
<body>
  <div class='ocr_page' id='page_1' title='image "./commentarii00caesgoog_0228.png"; bbox 0 0 2302 4192; ppageno 0'>
   <div class='ocr_carea' id='block_1_1' title="bbox 464 138 1036 209">
    <p class='ocr_par' dir='ltr' id='par_1_1' title="bbox 464 138 1036 209">
     <span class='ocr_line' id='line_1_1' title="bbox 464 138 1036 209; baseline 0.01 -7"><span class='ocrx_word' id='word_1_1' title='bbox 464 142 579 203; x_wconf 85' lang='lat' dir='ltr'><strong>LIBER</strong></span> <span class='ocrx_word' id='word_1_2' title='bbox 601 144 624 204; x_wconf 90' lang='lat' dir='ltr'>l.</span> <span class='ocrx_word' id='word_1_3' title='bbox 649 202 652 209; x_wconf 89' lang='grc'>,</span> <span class='ocrx_word' id='word_1_4' title='bbox 973 138 1036 208; x_wconf 70' lang='grc' dir='ltr'>ΞῙῦ</span> 
     </span>
    </p>
   </div>
   <div class='ocr_carea' id='block_1_2' title="bbox 55 296 1034 3509">
    <p class='ocr_par' dir='ltr' id='par_1_2' title="bbox 58 296 1034 1219">
     <span class='ocr_line' id='line_1_2' title="bbox 61 296 1021 373; baseline -0.004 -10"><span class='ocrx_word' id='word_1_5' title='bbox 61 298 161 363; x_wconf 84' lang='lat' dir='ltr'>visset</span> <span class='ocrx_word' id='word_1_6' title='bbox 174 296 287 367; x_wconf 80' lang='lat' dir='ltr'>Caesar</span> <span class='ocrx_word' id='word_1_7' title='bbox 301 306 332 359; x_wconf 88' lang='lat' dir='ltr'>ct</span> <span class='ocrx_word' id='word_1_8' title='bbox 346 297 570 370; x_wconf 67' lang='lat' dir='ltr'><strong>communisset,</strong></span> <span class='ocrx_word' id='word_1_9' title='bbox 586 296 624 356; x_wconf 90' lang='lat' dir='ltr'>ab</span> <span class='ocrx_word' id='word_1_10' title='bbox 636 297 752 373; x_wconf 95' lang='lat' dir='ltr'>oppido</span> <span class='ocrx_word' id='word_1_11' title='bbox 765 304 795 365; x_wconf 89' lang='lat' dir='ltr'>et</span> <span class='ocrx_word' id='word_1_12' title='bbox 805 303 897 373; x_wconf 91' lang='lat' dir='ltr'>ponte</span> <span class='ocrx_word' id='word_1_13' title='bbox 911 307 942 360; x_wconf 87' lang='lat' dir='ltr'>et</span> <span class='ocrx_word' id='word_1_14' title='bbox 952 314 1021 361; x_wconf 90' lang='lat' dir='ltr'>com</span> 
     </span>
     <span class='ocr_line' id='line_1_3' title="bbox 58 382 1034 460; baseline 0 -13"><span class='ocrx_word' id='word_1_15' title='bbox 58 390 166 447; x_wconf 81' lang='lat' dir='ltr'>meatu</span> <span class='ocrx_word' id='word_1_16' title='bbox 179 384 270 460; x_wconf 90' lang='lat' dir='ltr'>omni,</span> <span class='ocrx_word' id='word_1_17' title='bbox 286 399 376 460; x_wconf 92' lang='lat' dir='ltr'>quem</span> <span class='ocrx_word' id='word_1_18' title='bbox 390 384 420 445; x_wconf 92' lang='lat' dir='ltr'>in</span> <span class='ocrx_word' id='word_1_19' title='bbox 435 382 583 458; x_wconf 91' lang='lat' dir='ltr'>oppidum</span> <span class='ocrx_word' id='word_1_20' title='bbox 594 383 791 455; x_wconf 84' lang='lat' dir='ltr'>contulerant,</span> <span class='ocrx_word' id='word_1_21' title='bbox 807 398 842 443; x_wconf 93' lang='lat' dir='ltr'>se</span> <span class='ocrx_word' id='word_1_22' title='bbox 857 383 1034 446; x_wconf 86' lang='lat' dir='ltr'>interclusu-</span> 
     </span>
     <span class='ocr_line' id='line_1_4' title="bbox 60 466 1034 542; baseline 0 -11"><span class='ocrx_word' id='word_1_23' title='bbox 60 486 129 531; x_wconf 87' lang='lat' dir='ltr'>rum</span> <span class='ocrx_word' id='word_1_24' title='bbox 149 469 346 530; x_wconf 89' lang='lat' dir='ltr'>adversarios</span> <span class='ocrx_word' id='word_1_25' title='bbox 370 467 553 530; x_wconf 86' lang='lat' dir='ltr'>confidebat.</span> <span class='ocrx_word' id='word_1_26' title='bbox 580 466 647 526; x_wconf 92' lang='lat' dir='ltr'>Hoc</span> <span class='ocrx_word' id='word_1_27' title='bbox 669 482 798 541; x_wconf 89' lang='lat' dir='ltr'>sperans</span> <span class='ocrx_word' id='word_1_28' title='bbox 819 468 957 542; x_wconf 79' lang='lat' dir='ltr'>legiones</span> <span class='ocrx_word' id='word_1_29' title='bbox 971 477 1034 531; x_wconf 89' lang='lat' dir='ltr'>tres</span> 
     </span>
     <span class='ocr_line' id='line_1_5' title="bbox 60 550 1034 629; baseline 0 -15"><span class='ocrx_word' id='word_1_30' title='bbox 60 571 100 615; x_wconf 89' lang='lat' dir='ltr'>ex</span> <span class='ocrx_word' id='word_1_31' title='bbox 115 554 226 613; x_wconf 88' lang='lat' dir='ltr'>castris</span> <span class='ocrx_word' id='word_1_32' title='bbox 242 554 352 629; x_wconf 85' lang='lat' dir='ltr'>educit,</span> <span class='ocrx_word' id='word_1_33' title='bbox 367 553 495 629; x_wconf 80' lang='lat' dir='ltr'>acieque</span> <span class='ocrx_word' id='word_1_34' title='bbox 510 551 540 610; x_wconf 91' lang='lat' dir='ltr'>in</span> <span class='ocrx_word' id='word_1_35' title='bbox 556 551 633 611; x_wconf 91' lang='lat' dir='ltr'>locis</span> <span class='ocrx_word' id='word_1_36' title='bbox 648 550 768 611; x_wconf 87' lang='lat' dir='ltr'>idoneis</span> <span class='ocrx_word' id='word_1_37' title='bbox 783 552 931 612; x_wconf 88' lang='lat' dir='ltr'>instructa</span> <span class='ocrx_word' id='word_1_38' title='bbox 945 554 1034 614; x_wconf 90' lang='lat' dir='ltr'>unius</span> 
     </span>
     <span class='ocr_line' id='line_1_6' title="bbox 60 638 1034 714; baseline 0 -16"><span class='ocrx_word' id='word_1_39' title='bbox 60 639 191 713; x_wconf 81' lang='lat' dir='ltr'>legionis</span> <span class='ocrx_word' id='word_1_40' title='bbox 207 638 425 713; x_wconf 78' lang='lat' dir='ltr'>antesignanos</span> <span class='ocrx_word' id='word_1_41' title='bbox 440 650 620 714; x_wconf 79' lang='lat' dir='ltr'>procurrere</span> <span class='ocrx_word' id='word_1_42' title='bbox 636 643 730 711; x_wconf 89' lang='lat' dir='ltr'>atque</span> <span class='ocrx_word' id='word_1_43' title='bbox 745 651 813 697; x_wconf 92' lang='lat' dir='ltr'>eum</span> <span class='ocrx_word' id='word_1_44' title='bbox 824 638 971 696; x_wconf 90' lang='lat' dir='ltr'>tumulum</span> <span class='ocrx_word' id='word_1_45' title='bbox 984 653 1034 698; x_wconf 88' lang='lat' dir='ltr'>oc·</span> 
     </span>
     <span class='ocr_line' id='line_1_7' title="bbox 60 720 1034 798; baseline -0.002 -15"><span class='ocrx_word' id='word_1_46' title='bbox 60 738 176 798; x_wconf 91' lang='lat' dir='ltr'>cupare</span> <span class='ocrx_word' id='word_1_47' title='bbox 190 723 284 782; x_wconf 87' lang='lat' dir='ltr'>iubet.</span> <span class='ocrx_word' id='word_1_48' title='bbox 314 722 427 796; x_wconf 82' lang='lat' dir='ltr'>Quare</span> <span class='ocrx_word' id='word_1_49' title='bbox 442 720 564 795; x_wconf 89' lang='lat' dir='ltr'>cognita</span> <span class='ocrx_word' id='word_1_50' title='bbox 579 720 718 779; x_wconf 87' lang='lat' dir='ltr'>celeriter</span> <span class='ocrx_word' id='word_1_51' title='bbox 760 736 839 795; x_wconf 84' lang='lat' dir='ltr'>quae</span> <span class='ocrx_word' id='word_1_52' title='bbox 859 721 888 779; x_wconf 91' lang='lat' dir='ltr'>in</span> <span class='ocrx_word' id='word_1_53' title='bbox 904 722 1034 782; x_wconf 90' lang='lat' dir='ltr'>statione</span> 
     </span>
     <span class='ocr_line' id='line_1_8' title="bbox 60 804 1030 883; baseline -0.001 -16"><span class='ocrx_word' id='word_1_54' title='bbox 60 824 116 883; x_wconf 91' lang='lat' dir='ltr'>pro</span> <span class='ocrx_word' id='word_1_55' title='bbox 133 807 244 867; x_wconf 88' lang='lat' dir='ltr'>castris</span> <span class='ocrx_word' id='word_1_56' title='bbox 260 813 346 867; x_wconf 89' lang='lat' dir='ltr'>erant</span> <span class='ocrx_word' id='word_1_57' title='bbox 356 807 464 866; x_wconf 82' lang='lat' dir='ltr'>Afrani</span> <span class='ocrx_word' id='word_1_58' title='bbox 483 804 624 865; x_wconf 89' lang='lat' dir='ltr'>cohortes</span> <span class='ocrx_word' id='word_1_59' title='bbox 638 805 779 864; x_wconf 89' lang='lat' dir='ltr'>breviore</span> <span class='ocrx_word' id='word_1_60' title='bbox 789 805 895 864; x_wconf 91' lang='lat' dir='ltr'>itinere</span> <span class='ocrx_word' id='word_1_61' title='bbox 908 806 947 865; x_wconf 88' lang='lat' dir='ltr'>ad</span> <span class='ocrx_word' id='word_1_62' title='bbox 959 822 1030 866; x_wconf 85' lang='lat' dir='ltr'>eun-</span> 
     </span>
     <span class='ocr_line' id='line_1_9' title="bbox 59 889 1032 966; baseline -0.001 -14"><span class='ocrx_word' id='word_1_63' title='bbox 59 892 130 952; x_wconf 84' lang='lat' dir='ltr'>dem</span> <span class='ocrx_word' id='word_1_64' title='bbox 154 893 368 966; x_wconf 92' lang='lat' dir='ltr'>occupandum</span> <span class='ocrx_word' id='word_1_65' title='bbox 388 894 488 951; x_wconf 92' lang='lat' dir='ltr'>locum</span> <span class='ocrx_word' id='word_1_66' title='bbox 509 890 673 949; x_wconf 91' lang='lat' dir='ltr'>mittuntur.</span> <span class='ocrx_word' id='word_1_67' title='bbox 703 889 900 949; x_wconf 79' lang='lat' dir='ltr'>contenditur</span> <span class='ocrx_word' id='word_1_68' title='bbox 914 891 1032 964; x_wconf 90' lang='lat' dir='ltr'>proelio</span> 
     </span>
     <span class='ocr_line' id='line_1_10' title="bbox 60 973 1032 1051; baseline -0.001 -16"><span class='ocrx_word' id='word_1_69' title='bbox 60 984 97 1049; x_wconf 87' lang='lat' dir='ltr'>et,</span> <span class='ocrx_word' id='word_1_70' title='bbox 114 975 200 1051; x_wconf 91' lang='lat' dir='ltr'>quod</span> <span class='ocrx_word' id='word_1_71' title='bbox 215 976 301 1051; x_wconf 85' lang='lat' dir='ltr'>prius</span> <span class='ocrx_word' id='word_1_72' title='bbox 315 976 346 1035; x_wconf 93' lang='lat' dir='ltr'>in</span> <span class='ocrx_word' id='word_1_73' title='bbox 361 977 506 1036; x_wconf 87' lang='lat' dir='ltr'>tumulum</span> <span class='ocrx_word' id='word_1_74' title='bbox 520 973 679 1033; x_wconf 84' lang='lat' dir='ltr'>Afraniani</span> <span class='ocrx_word' id='word_1_75' title='bbox 694 980 854 1048; x_wconf 85' lang='lat' dir='ltr'>venerant,</span> <span class='ocrx_word' id='word_1_76' title='bbox 874 975 971 1035; x_wconf 89' lang='lat' dir='ltr'>nostri</span> <span class='ocrx_word' id='word_1_77' title='bbox 985 991 1032 1034; x_wconf 92' lang='lat' dir='ltr'>re·</span> 
     </span>
     <span class='ocr_line' id='line_1_11' title="bbox 61 1058 1031 1136; baseline 0 -17"><span class='ocrx_word' id='word_1_78' title='bbox 61 1061 213 1136; x_wconf 90' lang='lat' dir='ltr'>pelluntur</span> <span class='ocrx_word' id='word_1_79' title='bbox 227 1067 319 1135; x_wconf 90' lang='lat' dir='ltr'>atque</span> <span class='ocrx_word' id='word_1_80' title='bbox 333 1061 400 1120; x_wconf 90' lang='lat' dir='ltr'>aliis</span> <span class='ocrx_word' id='word_1_81' title='bbox 416 1059 588 1120; x_wconf 90' lang='lat' dir='ltr'>summissis</span> <span class='ocrx_word' id='word_1_82' title='bbox 600 1058 745 1117; x_wconf 90' lang='lat' dir='ltr'>subsidiis</span> <span class='ocrx_word' id='word_1_83' title='bbox 757 1064 843 1132; x_wconf 86' lang='lat' dir='ltr'>terga</span> <span class='ocrx_word' id='word_1_84' title='bbox 853 1066 972 1119; x_wconf 89' lang='lat' dir='ltr'>vertere</span> <span class='ocrx_word' id='word_1_85' title='bbox 984 1075 1031 1119; x_wconf 60' lang='lat' dir='ltr'>se&gt;</span> 
     </span>
     <span class='ocr_line' id='line_1_12' title="bbox 62 1144 775 1219; baseline -0.01 -14"><span class='ocrx_word' id='word_1_86' title='bbox 62 1160 123 1219; x_wconf 89' lang='lat' dir='ltr'>que</span> <span class='ocrx_word' id='word_1_87' title='bbox 138 1145 179 1204; x_wconf 89' lang='lat' dir='ltr'>ad</span> <span class='ocrx_word' id='word_1_88' title='bbox 194 1144 282 1218; x_wconf 86' lang='lat' dir='ltr'>signa</span> <span class='ocrx_word' id='word_1_89' title='bbox 295 1146 448 1219; x_wconf 90' lang='lat' dir='ltr'>legionum</span> <span class='ocrx_word' id='word_1_90' title='bbox 462 1144 775 1219; x_wconf 15' lang='lat' dir='ltr'>reciperencoguntur.</span> 
     </span>
    </p>

    <p class='ocr_par' dir='ltr' id='par_1_3' title="bbox 58 1227 1032 2489">
     <span class='ocr_line' id='line_1_13' title="bbox 142 1227 1031 1305; baseline 0.001 -16"><span class='ocrx_word' id='word_1_91' title='bbox 142 1228 247 1288; x_wconf 84' lang='lat' dir='ltr'><strong>XLIV.</strong></span> <span class='ocrx_word' id='word_1_92' title='bbox 268 1228 369 1289; x_wconf 88' lang='lat' dir='ltr'>Genus</span> <span class='ocrx_word' id='word_1_93' title='bbox 384 1236 449 1289; x_wconf 90' lang='lat' dir='ltr'>erat</span> <span class='ocrx_word' id='word_1_94' title='bbox 462 1244 583 1305; x_wconf 82' lang='lat' dir='ltr'>pugnae</span> <span class='ocrx_word' id='word_1_95' title='bbox 596 1227 720 1287; x_wconf 89' lang='lat' dir='ltr'>militum</span> <span class='ocrx_word' id='word_1_96' title='bbox 736 1227 863 1302; x_wconf 91' lang='lat' dir='ltr'>illorum,</span> <span class='ocrx_word' id='word_1_97' title='bbox 879 1234 911 1287; x_wconf 94' lang='lat' dir='ltr'>ut</span> <span class='ocrx_word' id='word_1_98' title='bbox 920 1245 1031 1304; x_wconf 86' lang='lat' dir='ltr'>magno</span> 
     </span>
     <span class='ocr_line' id='line_1_14' title="bbox 60 1312 1030 1390; baseline -0.002 -15"><span class='ocrx_word' id='word_1_99' title='bbox 60 1316 176 1390; x_wconf 92' lang='lat' dir='ltr'>impetu</span> <span class='ocrx_word' id='word_1_100' title='bbox 188 1313 286 1389; x_wconf 90' lang='lat' dir='ltr'>primo</span> <span class='ocrx_word' id='word_1_101' title='bbox 299 1320 523 1389; x_wconf 85' lang='lat' dir='ltr'>procurrerent,</span> <span class='ocrx_word' id='word_1_102' title='bbox 539 1312 685 1372; x_wconf 86' lang='lat' dir='ltr'>audacter</span> <span class='ocrx_word' id='word_1_103' title='bbox 698 1313 799 1371; x_wconf 91' lang='lat' dir='ltr'>locum</span> <span class='ocrx_word' id='word_1_104' title='bbox 815 1320 967 1388; x_wconf 76' lang='lat' dir='ltr'>caperent</span> <span class='ocrx_word' id='word_1_105' title='bbox 983 1331 1030 1375; x_wconf 93' lang='lat' dir='ltr'>or-</span> 
     </span>
     <span class='ocr_line' id='line_1_15' title="bbox 60 1397 1032 1475; baseline 0 -16"><span class='ocrx_word' id='word_1_106' title='bbox 60 1401 148 1459; x_wconf 91' lang='lat' dir='ltr'>dines</span> <span class='ocrx_word' id='word_1_107' title='bbox 170 1414 245 1460; x_wconf 91' lang='lat' dir='ltr'>suos</span> <span class='ocrx_word' id='word_1_108' title='bbox 266 1414 328 1459; x_wconf 91' lang='lat' dir='ltr'>non</span> <span class='ocrx_word' id='word_1_109' title='bbox 349 1412 536 1473; x_wconf 91' lang='lat' dir='ltr'>magnopere</span> <span class='ocrx_word' id='word_1_110' title='bbox 557 1403 729 1470; x_wconf 89' lang='lat' dir='ltr'>servarent,</span> <span class='ocrx_word' id='word_1_111' title='bbox 754 1397 815 1455; x_wconf 89' lang='lat' dir='ltr'>rari</span> <span class='ocrx_word' id='word_1_112' title='bbox 837 1397 1032 1475; x_wconf 90' lang='lat' dir='ltr'>dispersique</span> 
     </span>
     <span class='ocr_line' id='line_1_16' title="bbox 61 1482 1029 1560; baseline 0 -16"><span class='ocrx_word' id='word_1_113' title='bbox 61 1489 248 1560; x_wconf 84' lang='lat' dir='ltr'>pugnarent;</span> <span class='ocrx_word' id='word_1_114' title='bbox 270 1483 297 1543; x_wconf 90' lang='lat' dir='ltr'>si</span> <span class='ocrx_word' id='word_1_115' title='bbox 311 1491 527 1558; x_wconf 89' lang='lat' dir='ltr'>premerentur,</span> <span class='ocrx_word' id='word_1_116' title='bbox 538 1482 649 1557; x_wconf 90' lang='lat' dir='ltr'>pedem</span> <span class='ocrx_word' id='word_1_117' title='bbox 664 1482 778 1540; x_wconf 83' lang='lat' dir='ltr'>reterre</span> <span class='ocrx_word' id='word_1_118' title='bbox 800 1488 829 1541; x_wconf 91' lang='lat' dir='ltr'>et</span> <span class='ocrx_word' id='word_1_119' title='bbox 849 1483 918 1544; x_wconf 91' lang='lat' dir='ltr'>loco</span> <span class='ocrx_word' id='word_1_120' title='bbox 941 1499 1029 1544; x_wconf 87' lang='lat' dir='ltr'>exce-</span> 
     </span>
     <span class='ocr_line' id='line_1_17' title="bbox 60 1565 1030 1643; baseline 0 -15"><span class='ocrx_word' id='word_1_121' title='bbox 60 1570 134 1629; x_wconf 92' lang='lat' dir='ltr'>dere</span> <span class='ocrx_word' id='word_1_122' title='bbox 153 1584 217 1628; x_wconf 93' lang='lat' dir='ltr'>non</span> <span class='ocrx_word' id='word_1_123' title='bbox 234 1574 323 1643; x_wconf 86' lang='lat' dir='ltr'>turpe</span> <span class='ocrx_word' id='word_1_124' title='bbox 344 1568 550 1628; x_wconf 85' lang='lat' dir='ltr'>existimarent</span> <span class='ocrx_word' id='word_1_125' title='bbox 576 1581 645 1625; x_wconf 93' lang='lat' dir='ltr'>cum</span> <span class='ocrx_word' id='word_1_126' title='bbox 665 1565 819 1625; x_wconf 90' lang='lat' dir='ltr'>Lusitanis</span> <span class='ocrx_word' id='word_1_127' title='bbox 841 1568 1030 1643; x_wconf 91' lang='lat' dir='ltr'>reliquisque</span> 
     </span>
     <span class='ocr_line' id='line_1_18' title="bbox 61 1650 1030 1729; baseline -0.003 -14"><span class='ocrx_word' id='word_1_128' title='bbox 61 1652 199 1716; x_wconf 76' lang='lat' dir='ltr'>&#39;turbaris</span> <span class='ocrx_word' id='word_1_129' title='bbox 220 1668 332 1727; x_wconf 81' lang='lat' dir='ltr'>genere</span> <span class='ocrx_word' id='word_1_130' title='bbox 354 1653 487 1729; x_wconf 92' lang='lat' dir='ltr'>quodam</span> <span class='ocrx_word' id='word_1_131' title='bbox 508 1666 630 1726; x_wconf 85' lang='lat' dir='ltr'>pugnae</span> <span class='ocrx_word' id='word_1_132' title='bbox 651 1650 837 1718; x_wconf 78' lang='lat' dir='ltr'>adsuefacti3</span> <span class='ocrx_word' id='word_1_133' title='bbox 868 1653 951 1726; x_wconf 90' lang='lat' dir='ltr'>quod</span> <span class='ocrx_word' id='word_1_134' title='bbox 966 1654 1030 1712; x_wconf 89' lang='lat' dir='ltr'>iere</span> 
     </span>
     <span class='ocr_line' id='line_1_19' title="bbox 60 1734 1029 1813; baseline -0.006 -11"><span class='ocrx_word' id='word_1_135' title='bbox 60 1739 100 1812; x_wconf 79' lang='lat' dir='ltr'>it,</span> <span class='ocrx_word' id='word_1_136' title='bbox 117 1737 230 1812; x_wconf 89' lang='lat' dir='ltr'>quibus</span> <span class='ocrx_word' id='word_1_137' title='bbox 246 1738 376 1813; x_wconf 90' lang='lat' dir='ltr'>quisque</span> <span class='ocrx_word' id='word_1_138' title='bbox 391 1737 420 1796; x_wconf 91' lang='lat' dir='ltr'>in</span> <span class='ocrx_word' id='word_1_139' title='bbox 437 1737 512 1796; x_wconf 91' lang='lat' dir='ltr'>locis</span> <span class='ocrx_word' id='word_1_140' title='bbox 527 1736 613 1794; x_wconf 79' lang='lat' dir='ltr'>utiles</span> <span class='ocrx_word' id='word_1_141' title='bbox 625 1734 845 1809; x_wconf 90' lang='lat' dir='ltr'>inveteraverit,</span> <span class='ocrx_word' id='word_1_142' title='bbox 861 1742 894 1794; x_wconf 91' lang='lat' dir='ltr'>ut</span> <span class='ocrx_word' id='word_1_143' title='bbox 904 1738 1029 1796; x_wconf 81' lang='lat' dir='ltr'>inultum</span> 
     </span>
     <span class='ocr_line' id='line_1_20' title="bbox 61 1817 1028 1897; baseline 0 -15"><span class='ocrx_word' id='word_1_144' title='bbox 61 1837 166 1882; x_wconf 87' lang='lat' dir='ltr'>earum</span> <span class='ocrx_word' id='word_1_145' title='bbox 178 1821 336 1897; x_wconf 90' lang='lat' dir='ltr'>regionum</span> <span class='ocrx_word' id='word_1_146' title='bbox 352 1820 571 1881; x_wconf 88' lang='lat' dir='ltr'>consuetudine</span> <span class='ocrx_word' id='word_1_147' title='bbox 585 1824 751 1878; x_wconf 87' lang='lat' dir='ltr'>moveatur.</span> <span class='ocrx_word' id='word_1_148' title='bbox 776 1817 860 1878; x_wconf 90' lang='lat' dir='ltr'>Haec</span> <span class='ocrx_word' id='word_1_149' title='bbox 874 1827 937 1879; x_wconf 89' lang='lat' dir='ltr'>tum</span> <span class='ocrx_word' id='word_1_150' title='bbox 952 1821 1028 1882; x_wconf 86' lang='lat' dir='ltr'>ratio</span> 
     </span>
     <span class='ocr_line' id='line_1_21' title="bbox 63 1902 1028 1981; baseline 0 -16"><span class='ocrx_word' id='word_1_151' title='bbox 63 1914 186 1968; x_wconf 91' lang='lat' dir='ltr'>nostros</span> <span class='ocrx_word' id='word_1_152' title='bbox 201 1906 388 1981; x_wconf 86' lang='lat' dir='ltr'>perturbavit</span> <span class='ocrx_word' id='word_1_153' title='bbox 409 1906 545 1965; x_wconf 89' lang='lat' dir='ltr'>insuetos</span> <span class='ocrx_word' id='word_1_154' title='bbox 566 1903 656 1963; x_wconf 92' lang='lat' dir='ltr'>huius</span> <span class='ocrx_word' id='word_1_155' title='bbox 672 1902 793 1976; x_wconf 90' lang='lat' dir='ltr'>generis</span> <span class='ocrx_word' id='word_1_156' title='bbox 807 1918 944 1978; x_wconf 86' lang='lat' dir='ltr'>pugnae:</span> <span class='ocrx_word' id='word_1_157' title='bbox 973 1905 1028 1964; x_wconf 85' lang='lat' dir='ltr'>cir-</span> 
     </span>
     <span class='ocr_line' id='line_1_22' title="bbox 60 1989 1029 2065; baseline -0.002 -14"><span class='ocrx_word' id='word_1_158' title='bbox 60 1990 167 2051; x_wconf 91' lang='lat' dir='ltr'>cumiri</span> <span class='ocrx_word' id='word_1_159' title='bbox 182 1991 261 2050; x_wconf 91' lang='lat' dir='ltr'>enim</span> <span class='ocrx_word' id='word_1_160' title='bbox 276 2006 347 2050; x_wconf 90' lang='lat' dir='ltr'>sese</span> <span class='ocrx_word' id='word_1_161' title='bbox 361 1991 399 2050; x_wconf 88' lang='lat' dir='ltr'>ab</span> <span class='ocrx_word' id='word_1_162' title='bbox 414 1997 519 2065; x_wconf 89' lang='lat' dir='ltr'>aperto</span> <span class='ocrx_word' id='word_1_163' title='bbox 535 1991 629 2048; x_wconf 89' lang='lat' dir='ltr'>latere</span> <span class='ocrx_word' id='word_1_164' title='bbox 639 1989 888 2063; x_wconf 90' lang='lat' dir='ltr'>procurrentibus</span> <span class='ocrx_word' id='word_1_165' title='bbox 901 1989 1029 2064; x_wconf 89' lang='lat' dir='ltr'>singulis</span> 
     </span>
     <span class='ocr_line' id='line_1_23' title="bbox 60 2073 1028 2150; baseline -0.001 -15"><span class='ocrx_word' id='word_1_166' title='bbox 60 2075 300 2145; x_wconf 76' lang='lat' dir='ltr'>arbitrabantur3</span> <span class='ocrx_word' id='word_1_167' title='bbox 315 2074 376 2150; x_wconf 89' lang='lat' dir='ltr'>ipsi</span> <span class='ocrx_word' id='word_1_168' title='bbox 392 2083 492 2134; x_wconf 91' lang='lat' dir='ltr'>autem</span> <span class='ocrx_word' id='word_1_169' title='bbox 508 2089 581 2134; x_wconf 90' lang='lat' dir='ltr'>snos</span> <span class='ocrx_word' id='word_1_170' title='bbox 597 2073 721 2133; x_wconf 88' lang='lat' dir='ltr'>ordines</span> <span class='ocrx_word' id='word_1_171' title='bbox 736 2088 860 2133; x_wconf 88' lang='lat' dir='ltr'>servare</span> <span class='ocrx_word' id='word_1_172' title='bbox 876 2089 976 2150; x_wconf 90' lang='lat' dir='ltr'>neque</span> <span class='ocrx_word' id='word_1_173' title='bbox 990 2075 1028 2134; x_wconf 90' lang='lat' dir='ltr'>ab</span> 
     </span>
     <span class='ocr_line' id='line_1_24' title="bbox 59 2158 1029 2235; baseline -0.001 -15"><span class='ocrx_word' id='word_1_174' title='bbox 59 2160 157 2235; x_wconf 89' lang='lat' dir='ltr'>signis</span> <span class='ocrx_word' id='word_1_175' title='bbox 171 2159 330 2219; x_wconf 90' lang='lat' dir='ltr'>discedere</span> <span class='ocrx_word' id='word_1_176' title='bbox 345 2175 445 2234; x_wconf 91' lang='lat' dir='ltr'>neque</span> <span class='ocrx_word' id='word_1_177' title='bbox 457 2160 524 2219; x_wconf 91' lang='lat' dir='ltr'>sine</span> <span class='ocrx_word' id='word_1_178' title='bbox 535 2158 620 2233; x_wconf 89' lang='lat' dir='ltr'>gravi</span> <span class='ocrx_word' id='word_1_179' title='bbox 632 2172 726 2217; x_wconf 86' lang='lat' dir='ltr'>causa</span> <span class='ocrx_word' id='word_1_180' title='bbox 736 2173 805 2217; x_wconf 92' lang='lat' dir='ltr'>eum</span> <span class='ocrx_word' id='word_1_181' title='bbox 815 2159 925 2234; x_wconf 89' lang='lat' dir='ltr'>locum,</span> <span class='ocrx_word' id='word_1_182' title='bbox 939 2175 1029 2235; x_wconf 91' lang='lat' dir='ltr'>quem</span> 
     </span>
     <span class='ocr_line' id='line_1_25' title="bbox 59 2243 1028 2320; baseline -0.001 -15"><span class='ocrx_word' id='word_1_183' title='bbox 59 2251 215 2320; x_wconf 89' lang='lat' dir='ltr'>ceperant,</span> <span class='ocrx_word' id='word_1_184' title='bbox 231 2245 335 2304; x_wconf 91' lang='lat' dir='ltr'>dimitti</span> <span class='ocrx_word' id='word_1_185' title='bbox 351 2249 533 2303; x_wconf 90' lang='lat' dir='ltr'>censuerant</span> <span class='ocrx_word' id='word_1_186' title='bbox 547 2248 697 2318; x_wconf 91' lang='lat' dir='ltr'>oportere.</span> <span class='ocrx_word' id='word_1_187' title='bbox 726 2243 831 2317; x_wconf 89' lang='lat' dir='ltr'>ltaque</span> <span class='ocrx_word' id='word_1_188' title='bbox 845 2244 1028 2319; x_wconf 87' lang='lat' dir='ltr'>perturbatis</span> 
     </span>
     <span class='ocr_line' id='line_1_26' title="bbox 58 2328 1028 2404; baseline 0.001 -16"><span class='ocrx_word' id='word_1_189' title='bbox 58 2329 267 2402; x_wconf 87' lang='lat' dir='ltr'>antesignanis</span> <span class='ocrx_word' id='word_1_190' title='bbox 283 2329 378 2403; x_wconf 84' lang='lat' dir='ltr'>legio,</span> <span class='ocrx_word' id='word_1_191' title='bbox 404 2344 483 2404; x_wconf 90' lang='lat' dir='ltr'>quae</span> <span class='ocrx_word' id='word_1_192' title='bbox 504 2329 532 2387; x_wconf 91' lang='lat' dir='ltr'>in</span> <span class='ocrx_word' id='word_1_193' title='bbox 548 2343 585 2387; x_wconf 89' lang='lat' dir='ltr'>eo</span> <span class='ocrx_word' id='word_1_194' title='bbox 602 2343 698 2387; x_wconf 89' lang='lat' dir='ltr'>cornu</span> <span class='ocrx_word' id='word_1_195' title='bbox 713 2328 903 2402; x_wconf 91' lang='lat' dir='ltr'>constiterat,</span> <span class='ocrx_word' id='word_1_196' title='bbox 928 2331 1028 2389; x_wconf 84' lang='lat' dir='ltr'>locmn</span> 
     </span>
     <span class='ocr_line' id='line_1_27' title="bbox 58 2413 917 2489; baseline -0.005 -16"><span class='ocrx_word' id='word_1_197' title='bbox 58 2431 121 2475; x_wconf 91' lang='lat' dir='ltr'>non</span> <span class='ocrx_word' id='word_1_198' title='bbox 137 2413 234 2473; x_wconf 86' lang='lat' dir='ltr'>tenuit</span> <span class='ocrx_word' id='word_1_199' title='bbox 248 2419 340 2489; x_wconf 92' lang='lat' dir='ltr'>atque</span> <span class='ocrx_word' id='word_1_200' title='bbox 355 2413 384 2471; x_wconf 91' lang='lat' dir='ltr'>in</span> <span class='ocrx_word' id='word_1_201' title='bbox 399 2413 570 2489; x_wconf 86' lang='lat' dir='ltr'>proximum</span> <span class='ocrx_word' id='word_1_202' title='bbox 587 2413 693 2472; x_wconf 92' lang='lat' dir='ltr'>collem</span> <span class='ocrx_word' id='word_1_203' title='bbox 708 2427 780 2471; x_wconf 91' lang='lat' dir='ltr'>sese</span> <span class='ocrx_word' id='word_1_204' title='bbox 793 2414 917 2487; x_wconf 91' lang='lat' dir='ltr'>recepit.</span> 
     </span>
    </p>

    <p class='ocr_par' dir='ltr' id='par_1_4' title="bbox 55 2496 1031 3509">
     <span class='ocr_line' id='line_1_28' title="bbox 143 2496 1028 2572; baseline 0 -15"><span class='ocrx_word' id='word_1_205' title='bbox 143 2497 232 2557; x_wconf 86' lang='lat' dir='ltr'>XLV.</span> <span class='ocrx_word' id='word_1_206' title='bbox 249 2496 360 2557; x_wconf 89' lang='lat' dir='ltr'>Caesar</span> <span class='ocrx_word' id='word_1_207' title='bbox 375 2513 473 2572; x_wconf 91' lang='lat' dir='ltr'>paene</span> <span class='ocrx_word' id='word_1_208' title='bbox 488 2497 568 2557; x_wconf 91' lang='lat' dir='ltr'>omni</span> <span class='ocrx_word' id='word_1_209' title='bbox 584 2497 650 2556; x_wconf 90' lang='lat' dir='ltr'>acic</span> <span class='ocrx_word' id='word_1_210' title='bbox 664 2497 831 2571; x_wconf 84' lang='lat' dir='ltr'>perterrita,</span> <span class='ocrx_word' id='word_1_211' title='bbox 846 2498 930 2571; x_wconf 90' lang='lat' dir='ltr'>quod</span> <span class='ocrx_word' id='word_1_212' title='bbox 941 2514 1028 2572; x_wconf 88' lang='lat' dir='ltr'>prae·</span> 
     </span>
     <span class='ocr_line' id='line_1_29' title="bbox 57 2581 1028 2658; baseline -0.003 -13"><span class='ocrx_word' id='word_1_213' title='bbox 57 2599 103 2645; x_wconf 85' lang='lat' dir='ltr'>ter</span> <span class='ocrx_word' id='word_1_214' title='bbox 130 2582 305 2658; x_wconf 91' lang='lat' dir='ltr'>opinionem</span> <span class='ocrx_word' id='word_1_215' title='bbox 327 2583 638 2656; x_wconf 87' lang='lat' dir='ltr'>consuetudinemque</span> <span class='ocrx_word' id='word_1_216' title='bbox 658 2582 824 2655; x_wconf 86' lang='lat' dir='ltr'>occiderat,</span> <span class='ocrx_word' id='word_1_217' title='bbox 854 2581 1028 2642; x_wconf 84' lang='lat' dir='ltr'>cohortatus</span> 
     </span>
     <span class='ocr_line' id='line_1_30' title="bbox 56 2665 1028 2741; baseline -0.005 -11"><span class='ocrx_word' id='word_1_218' title='bbox 56 2684 137 2730; x_wconf 90' lang='lat' dir='ltr'>suos</span> <span class='ocrx_word' id='word_1_219' title='bbox 152 2668 302 2741; x_wconf 75' lang='lat' dir='ltr'>legionem</span> <span class='ocrx_word' id='word_1_220' title='bbox 317 2683 428 2727; x_wconf 89' lang='lat' dir='ltr'>nonam</span> <span class='ocrx_word' id='word_1_221' title='bbox 443 2666 580 2726; x_wconf 84' lang='lat' dir='ltr'>subsidio</span> <span class='ocrx_word' id='word_1_222' title='bbox 597 2665 695 2734; x_wconf 90' lang='lat' dir='ltr'>ducit;</span> <span class='ocrx_word' id='word_1_223' title='bbox 721 2665 841 2728; x_wconf 89' lang='lat' dir='ltr'>hostem</span> <span class='ocrx_word' id='word_1_224' title='bbox 862 2665 1028 2727; x_wconf 90' lang='lat' dir='ltr'>insolenter</span> 
     </span>
     <span class='ocr_line' id='line_1_31' title="bbox 56 2750 1030 2828; baseline -0.003 -14"><span class='ocrx_word' id='word_1_225' title='bbox 56 2760 152 2828; x_wconf 89' lang='lat' dir='ltr'>atque</span> <span class='ocrx_word' id='word_1_226' title='bbox 172 2752 280 2811; x_wconf 88' lang='lat' dir='ltr'>acriter</span> <span class='ocrx_word' id='word_1_227' title='bbox 300 2758 423 2812; x_wconf 91' lang='lat' dir='ltr'>nostros</span> <span class='ocrx_word' id='word_1_228' title='bbox 444 2751 654 2826; x_wconf 90' lang='lat' dir='ltr'>insequentem</span> <span class='ocrx_word' id='word_1_229' title='bbox 676 2750 836 2825; x_wconf 90' lang='lat' dir='ltr'>supprimit</span> <span class='ocrx_word' id='word_1_230' title='bbox 859 2766 1030 2826; x_wconf 89' lang='lat' dir='ltr'>rursusque</span> 
     </span>
     <span class='ocr_line' id='line_1_32' title="bbox 55 2834 1029 2912; baseline -0.007 -13"><span class='ocrx_word' id='word_1_231' title='bbox 55 2846 146 2912; x_wconf 88' lang='lat' dir='ltr'>terga</span> <span class='ocrx_word' id='word_1_232' title='bbox 165 2844 284 2896; x_wconf 91' lang='lat' dir='ltr'>vertere</span> <span class='ocrx_word' id='word_1_233' title='bbox 305 2851 402 2911; x_wconf 89' lang='lat' dir='ltr'>seque</span> <span class='ocrx_word' id='word_1_234' title='bbox 418 2837 457 2895; x_wconf 90' lang='lat' dir='ltr'>ad</span> <span class='ocrx_word' id='word_1_235' title='bbox 472 2835 618 2910; x_wconf 94' lang='lat' dir='ltr'>oppidum</span> <span class='ocrx_word' id='word_1_236' title='bbox 632 2835 761 2894; x_wconf 87' lang='lat' dir='ltr'>ilerdam</span> <span class='ocrx_word' id='word_1_237' title='bbox 776 2834 912 2909; x_wconf 90' lang='lat' dir='ltr'>recipere</span> <span class='ocrx_word' id='word_1_238' title='bbox 928 2844 958 2895; x_wconf 91' lang='lat' dir='ltr'>et</span> <span class='ocrx_word' id='word_1_239' title='bbox 971 2836 1029 2894; x_wconf 89' lang='lat' dir='ltr'>sub</span> 
     </span>
     <span class='ocr_line' id='line_1_33' title="bbox 55 2919 1028 2995; baseline -0.003 -13"><span class='ocrx_word' id='word_1_240' title='bbox 55 2938 147 2982; x_wconf 84' lang='lat' dir='ltr'>muro</span> <span class='ocrx_word' id='word_1_241' title='bbox 169 2921 338 2981; x_wconf 88' lang='lat' dir='ltr'>consistere</span> <span class='ocrx_word' id='word_1_242' title='bbox 360 2921 449 2995; x_wconf 89' lang='lat' dir='ltr'>cogit.</span> <span class='ocrx_word' id='word_1_243' title='bbox 480 2919 541 2979; x_wconf 88' lang='lat' dir='ltr'>Sed</span> <span class='ocrx_word' id='word_1_244' title='bbox 564 2934 664 2979; x_wconf 88' lang='lat' dir='ltr'>nonae</span> <span class='ocrx_word' id='word_1_245' title='bbox 685 2919 813 2993; x_wconf 88' lang='lat' dir='ltr'>legionis</span> <span class='ocrx_word' id='word_1_246' title='bbox 835 2919 943 2979; x_wconf 84' lang='lat' dir='ltr'>milites</span> <span class='ocrx_word' id='word_1_247' title='bbox 960 2921 1028 2979; x_wconf 90' lang='lat' dir='ltr'>elati</span> 
     </span>
     <span class='ocr_line' id='line_1_34' title="bbox 57 3004 1031 3080; baseline -0.004 -13"><span class='ocrx_word' id='word_1_248' title='bbox 57 3006 171 3080; x_wconf 89' lang='lat' dir='ltr'>studio,</span> <span class='ocrx_word' id='word_1_249' title='bbox 187 3006 259 3065; x_wconf 74' lang='lat' dir='ltr'>daun</span> <span class='ocrx_word' id='word_1_250' title='bbox 272 3006 387 3065; x_wconf 86' lang='lat' dir='ltr'>sarcire</span> <span class='ocrx_word' id='word_1_251' title='bbox 398 3012 557 3079; x_wconf 91' lang='lat' dir='ltr'>acceptum</span> <span class='ocrx_word' id='word_1_252' title='bbox 569 3004 779 3063; x_wconf 89' lang='lat' dir='ltr'>detrimentum</span> <span class='ocrx_word' id='word_1_253' title='bbox 790 3004 903 3077; x_wconf 88' lang='lat' dir='ltr'>volunt,</span> <span class='ocrx_word' id='word_1_254' title='bbox 919 3011 1031 3063; x_wconf 89' lang='lat' dir='ltr'>temero</span> 
     </span>
     <span class='ocr_line' id='line_1_35' title="bbox 55 3087 1024 3165; baseline -0.004 -14"><span class='ocrx_word' id='word_1_255' title='bbox 55 3090 190 3153; x_wconf 86' lang='lat' dir='ltr'>insecuti</span> <span class='ocrx_word' id='word_1_256' title='bbox 205 3090 324 3165; x_wconf 88' lang='lat' dir='ltr'>longius</span> <span class='ocrx_word' id='word_1_257' title='bbox 340 3090 501 3164; x_wconf 83' lang='lat' dir='ltr'>fugientes,</span> <span class='ocrx_word' id='word_1_258' title='bbox 517 3089 547 3146; x_wconf 93' lang='lat' dir='ltr'>in</span> <span class='ocrx_word' id='word_1_259' title='bbox 563 3090 663 3147; x_wconf 91' lang='lat' dir='ltr'>locum</span> <span class='ocrx_word' id='word_1_260' title='bbox 679 3087 815 3162; x_wconf 91' lang='lat' dir='ltr'>iniquum</span> <span class='ocrx_word' id='word_1_261' title='bbox 830 3088 1024 3162; x_wconf 87' lang='lat' dir='ltr'>progrediun·</span> 
     </span>
     <span class='ocr_line' id='line_1_36' title="bbox 55 3172 1030 3251; baseline -0.007 -12"><span class='ocrx_word' id='word_1_262' title='bbox 55 3184 108 3239; x_wconf 86' lang='lat' dir='ltr'>tur</span> <span class='ocrx_word' id='word_1_263' title='bbox 122 3185 153 3238; x_wconf 84' lang='lat' dir='ltr'>et</span> <span class='ocrx_word' id='word_1_264' title='bbox 167 3177 226 3237; x_wconf 92' lang='lat' dir='ltr'>sub</span> <span class='ocrx_word' id='word_1_265' title='bbox 246 3183 392 3251; x_wconf 89' lang='lat' dir='ltr'>montem,</span> <span class='ocrx_word' id='word_1_266' title='bbox 408 3176 437 3235; x_wconf 91' lang='lat' dir='ltr'>in</span> <span class='ocrx_word' id='word_1_267' title='bbox 454 3192 515 3250; x_wconf 92' lang='lat' dir='ltr'>quo</span> <span class='ocrx_word' id='word_1_268' title='bbox 531 3180 596 3233; x_wconf 91' lang='lat' dir='ltr'>erat</span> <span class='ocrx_word' id='word_1_269' title='bbox 611 3172 759 3248; x_wconf 91' lang='lat' dir='ltr'>oppidum</span> <span class='ocrx_word' id='word_1_270' title='bbox 775 3172 908 3247; x_wconf 92' lang='lat' dir='ltr'>positum</span> <span class='ocrx_word' id='word_1_271' title='bbox 922 3173 1030 3247; x_wconf 88' lang='lat' dir='ltr'>lierda,</span> 
     </span>
     <span class='ocr_line' id='line_1_37' title="bbox 56 3257 1031 3334; baseline -0.007 -11"><span class='ocrx_word' id='word_1_272' title='bbox 56 3264 239 3324; x_wconf 82' lang='lat' dir='ltr'>succedunt.</span> <span class='ocrx_word' id='word_1_273' title='bbox 267 3262 345 3322; x_wconf 91' lang='lat' dir='ltr'>Hinc</span> <span class='ocrx_word' id='word_1_274' title='bbox 366 3277 400 3321; x_wconf 92' lang='lat' dir='ltr'>se</span> <span class='ocrx_word' id='word_1_275' title='bbox 420 3261 558 3334; x_wconf 89' lang='lat' dir='ltr'>recipere</span> <span class='ocrx_word' id='word_1_276' title='bbox 579 3273 647 3316; x_wconf 90' lang='lat' dir='ltr'>cum</span> <span class='ocrx_word' id='word_1_277' title='bbox 661 3258 787 3331; x_wconf 91' lang='lat' dir='ltr'>vellent,</span> <span class='ocrx_word' id='word_1_278' title='bbox 812 3271 919 3316; x_wconf 88' lang='lat' dir='ltr'>rursus</span> <span class='ocrx_word' id='word_1_279' title='bbox 935 3257 977 3317; x_wconf 92' lang='lat' dir='ltr'>illi</span> <span class='ocrx_word' id='word_1_280' title='bbox 992 3274 1031 3316; x_wconf 87' lang='lat' dir='ltr'>ex</span> 
     </span>
     <span class='ocr_line' id='line_1_38' title="bbox 58 3340 1030 3419; baseline -0.006 -10"><span class='ocrx_word' id='word_1_281' title='bbox 58 3363 129 3409; x_wconf 82' lang='lat' dir='ltr'>roco</span> <span class='ocrx_word' id='word_1_282' title='bbox 155 3347 316 3413; x_wconf 83' lang='lat' dir='ltr'>superiore</span> <span class='ocrx_word' id='word_1_283' title='bbox 341 3352 463 3407; x_wconf 90' lang='lat' dir='ltr'>nostros</span> <span class='ocrx_word' id='word_1_284' title='bbox 496 3342 683 3419; x_wconf 90' lang='lat' dir='ltr'>premebant.</span> <span class='ocrx_word' id='word_1_285' title='bbox 725 3340 911 3416; x_wconf 88' lang='lat' dir='ltr'>Praeruptus</span> <span class='ocrx_word' id='word_1_286' title='bbox 943 3344 1030 3403; x_wconf 92' lang='lat' dir='ltr'>locus</span> 
     </span>
     <span class='ocr_line' id='line_1_39' title="bbox 55 3426 1031 3509; baseline -0.003 -15"><span class='ocrx_word' id='word_1_287' title='bbox 55 3436 140 3507; x_wconf 86' lang='lat' dir='ltr'>erat,</span> <span class='ocrx_word' id='word_1_288' title='bbox 168 3447 295 3509; x_wconf 83' lang='lat' dir='ltr'>utraque</span> <span class='ocrx_word' id='word_1_289' title='bbox 317 3448 357 3491; x_wconf 88' lang='lat' dir='ltr'>ex</span> <span class='ocrx_word' id='word_1_290' title='bbox 371 3438 457 3508; x_wconf 86' lang='lat' dir='ltr'>parte</span> <span class='ocrx_word' id='word_1_291' title='bbox 473 3429 606 3490; x_wconf 86' lang='lat' dir='ltr'>duectus</span> <span class='ocrx_word' id='word_1_292' title='bbox 621 3443 657 3487; x_wconf 86' lang='lat' dir='ltr'>ac</span> <span class='ocrx_word' id='word_1_293' title='bbox 672 3433 786 3489; x_wconf 90' lang='lat' dir='ltr'>tantum</span> <span class='ocrx_word' id='word_1_294' title='bbox 800 3426 830 3487; x_wconf 90' lang='lat' dir='ltr'>in</span> <span class='ocrx_word' id='word_1_295' title='bbox 844 3426 1031 3491; x_wconf 86' lang='lat' dir='ltr'>latitudinem</span> 
     </span>
    </p>
   </div>
   <div class='ocr_carea' id='block_1_3' title="bbox 0 0 1156 4192">
    <p class='ocr_par' dir='ltr' id='par_1_5' title="bbox 0 0 1156 4192">
     <span class='ocr_line' id='line_1_40' title="bbox 0 0 1156 4192; baseline 0 1"><span class='ocrx_word' id='word_1_296' title='bbox 0 0 1156 4192; x_wconf 95' lang='lat' dir='ltr'> </span> 
     </span>
    </p>
   </div>
  </div>
 </body>
</html>
