2272 4176
836 298 839 305 ι
922 295 936 305 -ι

931 338 934 343 .
960 318 981 343 ’.ι
1001 321 1013 337 '¹

63 473 126 541 134
356 472 408 537 ott
428 471 552 535 BELLO
577 470 740 534 etttlco
824 536 827 541 .

63 636 236 711 presserat,
251 629 425 693 commissis
441 645 565 691 suarum
578 629 705 691 turrium
719 629 808 690 malis
823 627 1032 716 adaequabant

63 726 93 779 et
119 724 241 793 apertos
268 717 425 778 cuniculos
451 722 596 791 praeusta
621 723 652 775 et
673 721 841 792 praeacuta
860 715 990 777 materia
1008 723 1032 779 et

62 803 131 879 pice
158 802 322 862 fervefacta
350 808 381 861 et
406 801 529 861 maximi
554 802 703 876 ponderis
729 800 816 861 saxis
841 802 1032 863 morabantur

63 888 285 961 moenibusque
301 887 551 962 appropinquare
566 885 778 961 prohibebant.

145 973 249 1033 XXlll.
265 971 343 1032 illuri
356 980 455 1030 autem
468 987 574 1032 omnes
584 971 689 1031 Gallici
703 970 759 1030 bac
772 971 837 1030 lere
847 969 949 1030 lomna
959 978 1032 1032 sunt.

62 1057 177 1117 Trabes
194 1058 328 1117 directae
342 1064 511 1131 perpetuae
526 1056 555 1114 in
572 1055 790 1129 longitudinem
804 1054 933 1131 paribus
949 1056 1032 1116 inter·

65 1144 167 1216 vallis,
190 1143 338 1201 distantes
356 1142 433 1200 inter
448 1157 482 1201 se
497 1140 586 1201 binos
602 1140 715 1216 pedes,
742 1140 771 1198 in
787 1141 856 1199 solo
872 1141 1032 1201 conlocan-

65 1235 121 1288 tur.
149 1228 216 1286 Hae
231 1226 439 1286 revinciuntur
453 1226 605 1286 introrsus
621 1232 650 1285 et
664 1226 758 1285 multo
775 1240 889 1299 aggere
904 1225 1032 1286 vestiun-

65 1320 125 1372 tur:
143 1327 179 1371 ea
194 1320 293 1371 autem
309 1327 390 1386 quae
402 1310 534 1370 diximus
546 1311 705 1370 intervalla
716 1310 886 1384 grandibus
898 1309 928 1368 in
941 1311 1032 1370 ironte

63 1398 148 1457 saxis
170 1397 375 1456 ellzuciuntur.
404 1394 460 1455 His
483 1395 651 1455 conlocatis
672 1403 703 1454 et
724 1394 946 1468 coagmentatis
962 1395 1032 1456 alius

63 1482 190 1555 insuper
206 1482 281 1541 ordo
297 1480 431 1554 additur,
457 1485 490 1539 ut
510 1479 591 1539 idem
604 1480 678 1541 illud
692 1479 886 1539 intervallum
902 1487 1032 1540 servetur

64 1581 164 1640 nequo
179 1565 256 1626 inter
271 1581 306 1625 se
322 1565 497 1638 contingant
518 1564 635 1638 trabes,
662 1564 717 1623 sed
740 1563 867 1639 paribus
890 1564 1032 1625 intermis-

65 1667 119 1711 sae
141 1651 247 1726 spatiis
270 1650 408 1724 singulae
432 1649 560 1724 singulis
576 1648 662 1708 saxis
677 1648 843 1708 interiectis
859 1657 927 1709 arte
944 1649 1032 1710 conti·

66 1743 202 1797 neantur.
233 1734 285 1795 Sic
299 1734 448 1809 deinceps
464 1750 554 1794 omne
570 1751 649 1809 opus
666 1734 851 1808 contexitur,
872 1733 946 1794 dum
960 1735 1032 1796 iusta

64 1821 141 1881 muri
157 1821 282 1880 altitudo
299 1821 467 1894 expleatur.
482 1819 549 1879 Hoc
565 1835 633 1879 cum
649 1820 678 1878 in
694 1818 831 1894 speciem
845 1819 1032 1880 varietatem-

66 1922 126 1982 que
138 1920 216 1980 opus
229 1906 366 1964 deforme
378 1911 496 1965 nonest
508 1905 631 1964 alternis
644 1905 781 1964 trabibus
794 1918 831 1962 ac
847 1905 944 1980 saxis,
961 1919 1032 1980 quae

65 1991 156 2051 rectis
172 1990 259 2049 lineis
275 2004 350 2049 suos
366 1990 489 2049 ordines
506 1994 645 2064 servant,
675 1996 738 2048 tum
763 1988 803 2048 ad
827 1988 985 2049 utilitatem
1007 1997 1032 2049 et

67 2075 276 2135 defensionem
289 2074 407 2134 urbium
419 2090 568 2135 summam
577 2075 668 2135 habet
676 2073 944 2149 opportunitatem,
957 2072 1029 2148 quod

68 2167 98 2220 el
113 2161 151 2220 ab
166 2161 308 2221 incendio
330 2161 409 2234 lapis
432 2167 462 2219 et
476 2159 514 2218 ab
531 2159 624 2219 ariete
639 2160 766 2219 materia
780 2158 934 2232 defendit,
961 2172 1029 2233 quae

68 2245 222 2320 perpetuis
238 2244 375 2304 trabibus
392 2244 488 2319 pedes
505 2244 722 2319 quadragenos
738 2245 921 2318 plerumque
932 2244 1030 2304 intror

67 2347 120 2390 sus
135 2331 272 2389 revincta
286 2344 387 2404 neque
402 2328 557 2404 perrumpi
573 2344 674 2402 neque
689 2327 815 2388 distrahi
831 2333 945 2402 polest.

148 2414 253 2473 XXIV.
276 2413 331 2472 llis
354 2420 397 2474 tol
416 2413 508 2472 rebus
524 2412 661 2487 inpedita
676 2414 906 2488 oppugnatione
920 2412 1032 2487 milites,

67 2516 136 2560 cum
152 2505 214 2558 toto
231 2505 368 2573 tempore
383 2498 496 2572 frigore
518 2504 548 2556 et
563 2498 701 2558 adsiduis
718 2497 866 2558 imbribus
880 2498 1032 2558 tardaren-

68 2592 130 2657 tur,-
148 2590 247 2643 tamen
263 2583 428 2643 continenti
443 2582 548 2642 labore
565 2583 666 2642 omnia
680 2583 757 2642 haec
772 2588 997 2657 superaverunt
1009 2586 1032 2641 el

67 2669 174 2729 dicbus
198 2685 262 2727 xxv
283 2683 425 2743 aggerem
446 2668 539 2727 latum
561 2668 658 2743 pedes
674 2684 806 2744 cccxxx,
833 2668 927 2728 allaim
941 2667 1032 2744 pedet

65 2770 148 2812 xxxx
163 2759 368 2815 extruxerunt.
396 2751 469 2812 Cum
485 2752 511 2811 is
527 2768 646 2812 murum
661 2753 794 2814 hostium
808 2768 909 2828 paene
924 2754 1032 2813 contin-

66 2846 151 2913 geret
171 2845 201 2897 et
216 2837 328 2898 Caesar
349 2837 388 2896 ad
404 2852 483 2912 opus
500 2838 721 2898 consuetudine
736 2838 902 2897 excubaret
916 2838 1032 2898 milites·

67 2939 127 2999 quc
141 2922 328 2995 hortaretur,
354 2938 393 2980 ne
410 2922 494 2997 quod
509 2921 631 2982 omnino
649 2928 768 2997 tempus
784 2923 822 2981 ab
839 2937 935 2996 opere
950 2923 1032 2982 inter-

65 3009 245 3082 mitteretur,
262 3009 353 3082 paulo
370 3017 439 3066 ante
453 3007 570 3066 tertiam
584 3007 717 3082 vigiliam
733 3014 780 3068 est
794 3007 1032 3066 animadversum

66 3096 183 3153 lamara
205 3108 362 3167 aggerem,
394 3107 484 3165 quem
505 3091 646 3152 cuniculo
673 3091 780 3152 hostes
806 3091 1032 3165 succenderant

67 3178 240 3251 codemque
259 3184 397 3250 tempore
419 3183 481 3235 toto
507 3192 594 3235 muro
621 3179 755 3236 clamore
776 3175 897 3236 sublato
921 3176 1032 3236 duabus

67 3261 164 3337 portis
180 3261 218 3320 ab
234 3268 365 3336 utroque
381 3262 475 3320 latere
491 3261 616 3320 turrium
632 3263 751 3336 eruptio
766 3262 874 3321 fiebat:
890 3260 941 3319 alii
956 3261 1032 3320 lacet

68 3355 160 3425 atque
175 3346 291 3405 aridam
303 3346 459 3404 materiem
475 3346 513 3404 de
524 3362 611 3406 muro
623 3346 653 3405 in
666 3361 809 3421 aggerem
821 3346 940 3405 eminus
952 3344 1032 3405 iacie

66 3432 148 3504 bant,
165 3431 264 3506 picem
279 3430 477 3504 reliquasque
492 3446 552 3504 reS,
569 3430 680 3505 quibus
695 3431 774 3505 ignis
790 3430 916 3491 excitari
929 3435 1032 3505 potest

68 3516 242 3590 tundebant,
259 3521 300 3589 ut,
318 3531 378 3589 quo
394 3515 523 3590 primum
537 3523 709 3575 curreretur
724 3523 776 3576 aul
790 3517 839 3577 cui
853 3515 897 3575 rei
913 3515 1032 3574 terretm

70 3599 221 3674 auxilium,
236 3601 288 3659 vix
298 3601 375 3660 ratio
387 3600 455 3659 iniri
467 3607 584 3675 posset.
600 3602 713 3659 Tamen
724 3602 808 3675 quod
820 3598 1032 3661 institutocae

69 3685 147 3744 saris
169 3700 291 3760 semper
311 3685 390 3745 duae
411 3686 548 3760 legiones
569 3701 625 3759 pro
643 3689 750 3745 castris
765 3684 960 3748 excubabant
972 3683 1032 3759 plu·

68 3782 182 3837 resque
196 3769 315 3843 partitis
328 3770 516 3846 temporibus
525 3776 611 3831 crant
624 3769 654 3829 in
663 3785 767 3847 opere,
782 3771 921 3831 celeriter
927 3769 1032 3829 lactun
