2272 4176
65 467 129 534 154
360 471 411 532 ltu
431 472 556 535 BELLO
579 472 744 534 Gntlnco

65 626 104 686 tis
129 622 291 700 praesidiis
316 641 517 702 magnacum
538 643 612 686 cura
636 634 667 685 et
686 626 844 702 diligentia
864 644 942 689 suos
961 627 1030 689 nna
1069 678 1075 699 .,

64 718 197 771 tuentur.
214 710 327 770 Cacsar
343 713 427 787 quod
441 712 547 772 hostes
563 710 699 786 equitatu
714 714 894 788 superiores
909 729 981 774 esse
992 716 1031 774 in·
1068 711 1075 779 i

66 796 227 871 tellegebat
247 803 277 855 et
296 796 471 858 interclusis
493 796 635 857 omnibus
656 797 815 858 itineribus
841 800 929 858 nulla
947 815 980 858 re
998 814 1031 859 ex

67 881 223 956 provincia
238 887 330 956 atque
345 883 430 940 Italia
445 881 598 941 sublevari
613 888 740 956 poterat,
755 888 841 942 trans
856 883 995 943 Rhenum
1006 884 1031 943 in

67 965 259 1026 Germaniam
273 965 360 1025 mittit
374 967 415 1024 ad
430 982 484 1025 eas
500 966 647 1040 civitatee,
663 982 741 1040 quas
757 968 972 1041 superioribus
986 984 1031 1027 an-

66 1051 113 1110 nis
128 1056 300 1125 pacaverat,
316 1050 496 1125 equitesque
511 1051 549 1109 ab
564 1051 612 1109 his
627 1046 757 1110 arcessit
770 1059 801 1110 et
815 1052 893 1112 levis
910 1060 1032 1113 armatu·
1071 1064 1075 1121 ’ς

65 1150 118 1195 rae
132 1135 267 1209 peditcS,
291 1135 343 1208 qui
365 1135 520 1195 intereos
541 1134 682 1210 proeliari
700 1146 896 1203 consuerant.
926 1136 1032 1199 Eorum

66 1220 213 1293 adventu,
231 1220 314 1292 quod
329 1219 429 1279 minus
443 1220 562 1279 idoneis
579 1220 667 1294 equis
683 1220 862 1295 utebantur,
877 1237 898 1280 a
910 1222 1031 1283 tribunis
1071 1260 1075 1267 -

66 1305 190 1363 militum
216 1303 407 1378 reliquisque
432 1304 585 1379 equitibus
611 1304 767 1364 Romanis
784 1313 878 1380 atque
903 1306 1031 1367 evocatis
1069 1302 1075 1375 ,’

67 1404 166 1463 equos
181 1388 273 1446 sumit
288 1388 508 1463 Germanisque
524 1388 685 1447 distribuit.
1071 1424 1074 1429 -

147 1472 250 1531 LXVI.
273 1473 407 1546 Interea,
423 1474 496 1532 dum
510 1472 586 1531 haec
601 1481 762 1548 geruntur,
778 1473 915 1535 hostium
931 1475 1032 1551 copiae
1071 1496 1075 1523 2

66 1572 106 1617 ex
118 1555 266 1615 Arvernis
282 1558 481 1633 equitesque,
509 1557 559 1632 qui
580 1557 636 1616 toti
658 1555 772 1616 Galliae
788 1565 876 1618 erant
889 1559 1031 1635 imperati,
1073 1598 1075 1606 ·

66 1640 258 1702 conveniunt.
284 1640 395 1715 Magno
410 1642 520 1701 borum
535 1648 641 1701 coacto
657 1657 783 1702 numero
800 1658 870 1702 eum
881 1644 1031 1705 Caesarin

67 1726 228 1801 Sequanos
245 1741 299 1800 per
313 1732 467 1785 extremos
482 1727 653 1799 Lingonum
667 1726 744 1785 fines
760 1727 818 1785 iter
832 1728 960 1804 faceret,
976 1745 1030 1805 quo
1073 1769 1075 1778 ·

66 1811 185 1870 facilius
201 1810 371 1869 subsidium
386 1810 563 1884 provinciae
585 1810 656 1869 lcrri
671 1818 795 1885 posset,
821 1811 946 1872 circiter
959 1812 1031 1872 milia

66 1910 215 1970 passuum
235 1911 256 1952 x
271 1894 309 1953 ab
323 1894 470 1953 Romanis
486 1894 573 1953 trinis
590 1895 699 1953 castris
714 1895 954 1969 Vercingetorix
967 1913 1031 1958 con-

66 1980 146 2040 sedit
167 1979 408 2053 convocatisque
425 1979 463 2038 ad
480 1979 640 2038 concilium
655 1980 819 2053 praelectis
836 1982 1030 2054 equitumve

66 2065 149 2124 nisse
163 2071 283 2139 tempus
298 2063 443 2122 victoriae
459 2064 654 2123 demonstrat.
669 2063 787 2136 Fugere
802 2064 832 2122 in
848 2066 1028 2138 provinciam

65 2151 221 2210 Romanos
231 2148 387 2223 Galliaque
403 2149 563 2206 excedere.
578 2148 613 2205 ld
627 2147 684 2206 sibi
700 2148 740 2205 ad
753 2155 950 2221 praesentem
965 2150 1029 2211 obli-

67 2235 197 2293 nondam
212 2233 380 2291 libcrtatem
396 2233 469 2290 satis
485 2247 572 2299 essc3
588 2232 628 2289 ad
642 2231 752 2306 reliqui
767 2235 915 2306 temporis
932 2250 1031 2310 pacem

65 2326 156 2394 atque
172 2317 265 2377 otium
280 2332 387 2390 parum
402 2316 525 2392 profici:
540 2315 705 2375 maioribus
719 2315 798 2374 enim
811 2318 929 2378 coactis
942 2319 1032 2395 copiis

65 2416 246 2461 reversuros
258 2416 359 2475 neque
370 2401 461 2460 finem
474 2399 606 2459 bellandi
616 2400 760 2460 facturos.
776 2400 911 2461 Proinde
919 2404 1034 2478 agroino

65 2486 227 2559 Impeditos
242 2485 426 2545 adoriantur.
444 2484 475 2544 Si
484 2485 601 2559 pedites
610 2485 674 2543 suis
683 2485 828 2544 auxilium
836 2487 1033 2563 lerantatque

64 2572 94 2629 In
110 2585 147 2628 eo
163 2575 327 2642 morentur,
343 2570 399 2628 lter
414 2571 516 2628 facere
531 2584 592 2628 non
608 2584 721 2643 posse;
739 2569 775 2642 si,
791 2569 824 2627 id
839 2572 924 2644 quod
940 2573 1034 2647 magis

65 2654 197 2713 {uturum
212 2654 359 2727 confidat,
385 2654 497 2713 relictis
513 2653 737 2728 impedimentis
753 2669 828 2713 suae
850 2657 943 2716 saluti
965 2672 1035 2717 con·

66 2741 174 2811 sulant,
183 2744 280 2796 ctusu
293 2754 394 2797 rerum
409 2739 653 2797 necessariarum
668 2745 697 2797 et
712 2738 858 2812 dignitate
873 2741 1035 2815 spoliatum

64 2824 108 2883 iri.
138 2823 214 2882 Nam
235 2822 274 2881 de
292 2823 444 2896 equitibus
466 2821 612 2895 hostium,
640 2823 711 2896 quin
733 2839 823 2883 nemo
844 2839 954 2885 eorum
968 2841 1037 2901 pro-

64 2908 150 2983 gredi
170 2907 263 2967 modo
286 2914 373 2965 extra
393 2922 501 2981 agmen
527 2907 653 2982 audeat,
682 2915 712 2966 ct
732 2909 818 2983 ipsos
835 2909 961 2982 quidem
976 2926 1035 2971 non

64 2993 177 3052 debere
192 2991 346 3050 dubitare:
368 2992 399 3049 id
415 3007 476 3065 quo
491 2991 607 3050 maiore
622 2992 733 3051 iaciant
748 2992 858 3067 animo,
877 2996 986 3069 copias
1002 3011 1037 3055 se

64 3092 170 3136 omnes
185 3093 242 3150 pro
258 3076 365 3135 castrIs
381 3076 552 3135 habiturum
567 3082 596 3133 ct
610 3078 717 3136 terrori
734 3077 875 3136 hostibus
891 3080 1035 3139 futurum.

64 3161 258 3221 Conclamant
273 3160 405 3234 equites:
431 3160 624 3219 sanctissimo
644 3160 839 3221 inreiurando
863 3163 1035 3224 confirmari

64 3253 216 3321 oportere,
232 3259 271 3303 ne
286 3251 365 3304 tecto
381 3245 553 3323 recipiatur,
570 3259 609 3302 ne
624 3245 663 3303 ad
677 3245 800 3317 liberos,
816 3261 856 3305 ne
870 3248 911 3305 ad
925 3264 1036 3322 paren·

62 3336 124 3405 tes,
150 3329 190 3389 ad
211 3344 339 3388 uxorem
359 3329 472 3387 aditum
492 3329 618 3402 habeat,
645 3329 694 3403 qui
712 3346 772 3388 non
788 3330 835 3389 bis
855 3345 912 3405 per
926 3348 1036 3407 agmen

62 3415 196 3474 hostium
210 3413 443 3489 perequitasset.

145 3498 261 3557 LXVII.
284 3498 416 3558 Probata
436 3513 469 3556 re
491 3504 583 3572 atquc
604 3499 744 3558 omnibus
767 3498 967 3562 iureiurando
982 3503 1034 3562 ad-

63 3583 139 3644 acIIs
164 3591 292 3658 postero
315 3583 364 3642 dic
384 3582 491 3641 intres
506 3589 610 3656 partes
626 3583 786 3645 distributo
803 3584 941 3660 equitatu
956 3586 1035 3647 duaa

63 3682 99 3728 sc
113 3666 196 3727 acies
212 3667 251 3735 ab
271 3666 394 3728 duobus
409 3666 554 3726 lateribus
571 3669 751 3743 ostendunt,
776 3685 837 3728 una
856 3669 956 3744 primo
982 3687 1035 3747 ag-

63 3751 144 3813 mine
157 3751 214 3811 iter
228 3751 376 3829 impedire
396 3751 507 3825 coepit.
538 3750 650 3826 Quare
665 3752 802 3813 nuntiata
817 3753 929 3815 Caesar
944 3772 1034 3816 suum
