2272 4176
466 175 586 240 mour
604 177 642 240 Π.
997 177 1039 244 43

143 327 252 395 XXIX.
280 329 446 408 Aduatuci,
467 333 634 410 dequibus
650 333 946 413 suprascripsimus,
969 351 1037 397 eum

62 415 207 480 omnibus
222 417 327 492 copiis
344 416 457 477 auxilio
472 417 591 478 Nerviis
608 420 754 493 venirent,
770 419 828 478 hac
843 437 946 495 pugna
961 439 1020 481 nuo

60 502 133 564 tlata
153 517 196 562 ex
217 502 329 562 itinere
344 502 467 562 domum
480 509 686 573 reverterunt;
709 505 826 563 cunctis
849 507 971 580 oppidis
987 522 1035 566 ca·

23 606 28 613 ·
58 586 223 662 stellisque
246 586 378 646 desertis
400 603 457 646 sua
472 587 573 647 omnia
586 587 616 657 in
637 604 730 647 unum
746 588 894 663 oppidum
916 591 1037 665 egregie

59 680 170 732 natura
191 671 341 731 munitum
364 672 565 731 contulerunt.
596 670 683 745 Quod
705 687 772 731 eum
789 688 829 730 ex
851 675 990 733 omnibus
1006 675 1035 732 in

59 757 192 817 circuitu
208 755 347 831 partibus
369 755 533 816 altissimas
547 772 641 830 rupes
658 758 887 831 despectusque
903 757 1036 831 haberet,

58 857 121 901 una
141 857 183 900 ex
206 846 295 915 parte
316 840 426 898 leniter
446 840 574 899 adclivis
596 841 696 900 aditus
717 841 747 897 in
770 841 959 901 latitudinem
975 858 1034 902 non

58 926 195 1000 amplius
210 925 414 984 ducentorum
428 925 542 999 pedum
562 923 806 999 relinquebatur;
830 942 921 999 quem
935 927 1037 985 locum

21 1066 25 1071 .
59 1009 177 1082 duplici
200 1008 352 1067 altissimo
368 1024 454 1067 muro
470 1007 656 1067 munierant:
687 1014 749 1066 tum
764 1011 865 1082 magni
887 1009 1036 1082 ponderis

59 1109 138 1152 saxa
149 1099 183 1152 et
193 1100 378 1167 praeacutas
390 1093 492 1151 trabes
504 1093 535 1151 in
548 1109 634 1152 muro
648 1092 859 1151 conlocabunt.
876 1094 938 1167 lpsi
950 1103 1037 1156 erant

59 1176 237 1236 exCimbris
252 1175 462 1251 Teutonisque
476 1177 627 1250 prognati,
645 1176 696 1249 qui
713 1191 780 1234 cum
795 1177 852 1235 iter
866 1178 895 1235 in
911 1177 1034 1251 provin-

59 1261 136 1320 ciam
159 1267 298 1321 nostram
321 1267 414 1334 alque
435 1260 549 1319 ltaliam
570 1261 713 1333 lacerent,
741 1260 778 1319 iis
800 1261 1034 1339 impedimentis,

59 1361 140 1419 quae
155 1360 264 1403 secum
281 1359 374 1418 agere
391 1360 426 1402 ac
441 1350 564 1418 portare
579 1360 639 1402 non
655 1350 810 1419 poterant,
833 1346 907 1404 citra
922 1345 1034 1406 llumen

61 1429 201 1488 Rhenum
223 1428 376 1501 depositis
399 1429 568 1487 custodiam
584 1443 623 1486 ex
638 1428 702 1488 suis
718 1442 754 1486 ac
775 1428 962 1502 praesidium
978 1446 1035 1489 sex

60 1513 141 1571 utilia
162 1511 321 1571 hominum
343 1528 404 1570 una
425 1512 620 1587 reliquerunt.
654 1512 692 1570 Hi
707 1516 779 1586 post
800 1528 905 1571 eorum
921 1514 1035 1573 obitum

62 1597 172 1657 multos
187 1612 287 1656 annos
300 1595 463 1655 afinitimis
480 1595 632 1669 exagitati,
650 1611 718 1654 cum
730 1595 804 1654 alias
819 1596 929 1655 bellum
943 1597 1030 1657 inler-

63 1688 135 1753 rent,
151 1680 230 1739 alias
246 1681 373 1739 inlatum
385 1680 591 1754 defenderent,
608 1694 763 1739 consensu
780 1695 884 1739 eorum
901 1681 1032 1740 omnium

64 1779 138 1837 pace
155 1764 237 1823 lacta
251 1763 334 1822 hunc
350 1763 408 1822 sibi
424 1762 575 1823 domicilio
592 1765 692 1822 locum
709 1763 896 1836 delegerunt.

143 1848 236 1907 XXX.
258 1847 306 1906 Ae
317 1848 416 1924 primo
432 1847 565 1906 adventu
580 1847 733 1908 exercitus
747 1846 842 1905 nostri
855 1847 978 1906 crebras
994 1862 1031 1907 ex

65 1932 178 2007 oppido
200 1931 404 1991 exclusiones
426 1930 578 1990 faciebant
598 1932 798 2005 parvulisque
818 1931 943 2003 procliis
966 1947 1031 1991 eum

65 2016 174 2076 noshis
190 2016 432 2084 contendebant3
455 2021 565 2088 postea
582 2016 661 2074 vallo
678 2015 790 2089 pedum
801 2030 846 2071 xu
861 2013 891 2071 in
908 2016 1032 2077 circuitu

65 2117 104 2157 xv
113 2100 227 2159 milium
243 2100 422 2174 crebrisque
438 2100 571 2158 castellis
594 2099 813 2158 circummuniti
829 2099 944 2172 oppido
963 2116 1032 2159 sese

66 2184 268 2244 continebant.
291 2184 349 2243 Ubi
362 2183 459 2241 vineis
475 2184 551 2242 aclis
567 2199 679 2257 aggere
695 2189 833 2243 extructo
846 2185 950 2243 turrim
961 2201 1032 2259 pro-

64 2271 109 2328 cul
130 2268 276 2328 constitui
296 2267 452 2341 viderunt,
474 2267 603 2341 primum
624 2268 756 2325 inridere
778 2283 817 2325 ex
831 2283 917 2327 muro
940 2277 1031 2344 atque

64 2352 244 2427 increpitare
257 2352 396 2425 vocibus,
413 2352 496 2427 quod
511 2358 594 2410 tanta
609 2351 791 2409 machinatio
808 2351 846 2410 ab
863 2359 944 2412 tanto
961 2370 1031 2426 spa·

62 2438 101 2497 tio
114 2436 341 2496 institueretur:
364 2437 548 2510 quibusnam
563 2435 704 2494 manibus
721 2439 774 2493 aut
788 2435 899 2510 quibus
915 2437 1030 2495 viribus

28 2562 32 2567 -
63 2521 242 2597 praesertim
257 2519 396 2579 homines
411 2522 546 2578 tantulae
561 2524 696 2578 staturae
709 2550 752 2560 —
768 2535 835 2577 nam
852 2520 1031 2595 plerumque

63 2605 235 2666 hominibus
259 2604 351 2664 Gallis
378 2620 453 2678 prae
480 2603 687 2677 magnitudine
715 2618 879 2676 corporuun
906 2621 1029 2664 suorum

63 2690 193 2749 brevitas
210 2694 317 2748 nostra
338 2688 524 2762 contemptui
540 2695 587 2747 est
607 2719 649 2729 -
668 2687 742 2745 tanti
759 2687 860 2746 oneris
876 2689 980 2746 turrim
1001 2690 1029 2748 in

63 2789 144 2834 muro
162 2788 234 2832 sese
250 2774 413 2832 conlocare
428 2771 639 2831 confiderent?

29 2862 32 2867 '
141 2857 248 2917 XXXI.
270 2856 328 2916 Ubi
343 2871 417 2916 vero
433 2855 548 2915 moveri
564 2863 594 2915 et
609 2855 857 2931 adpropinquare
871 2857 1030 2916 moenibus

63 2941 208 3014 viderunt,
226 2956 307 3000 nova
321 2946 414 3015 atque
428 2940 571 2999 inusitata
583 2941 687 3013 specie
703 2941 843 3000 commoti
860 2942 975 3014 legatos
991 2957 1024 2999 aa

66 3024 276 3094 Caesaremde
290 3039 369 3099 pace
383 3025 545 3098 miserunt,
568 3024 619 3098 qui
636 3023 769 3083 adhunc
785 3024 908 3083 modum
923 3025 1030 3084 locuti:

66 3126 118 3171 uon
140 3110 319 3171 existimare
333 3109 489 3168 Romanos
505 3109 573 3179 sine
594 3123 655 3182 ope
670 3109 773 3167 divina
790 3108 900 3165 bellum
914 3122 1031 3188 gerere,

66 3196 111 3270 qui
123 3202 227 3256 tantae
248 3192 417 3252 altitudinis
438 3192 678 3252 machinationes
696 3197 778 3250 tanta
793 3189 945 3249 celeritate
959 3208 1029 3265 pro-

65 3292 179 3340 movere
200 3285 349 3354 possent,
372 3292 407 3336 se
421 3293 538 3351 suaque
561 3277 662 3336 omnia
682 3290 787 3333 corum
804 3275 946 3347 potestati
961 3292 1026 3349 per-

34 3360 37 3365 ’
66 3364 172 3424 mittere
184 3364 340 3423 dixerunt.
369 3361 468 3420 Unum
479 3368 584 3435 petere
600 3377 636 3419 ac
652 3358 826 3432 deprocari:
843 3358 869 3416 si
884 3359 961 3418 lorte
972 3375 1029 3434 pro
1051 3401 1056 3415 .

67 3462 117 3508 tua
129 3446 291 3509 clementia
307 3460 344 3504 ac
358 3445 602 3522 mansuetudine,
625 3459 717 3521 quam
732 3443 794 3522 ipsi
809 3443 847 3504 ab
862 3442 930 3503 aliis
945 3441 1030 3503 audi·
1045 3477 1050 3485 -
