2272 4176
129 521 187 580 111
396 534 581 578 enumerares
604 536 644 575 nn
663 534 844 577 urrsuunan

126 696 189 747 tur:
220 686 279 747 iam
300 682 364 752 illa,
396 700 472 760 quae
493 683 627 742 socordia
648 689 746 742 vostra
766 679 900 743 conlecta
925 688 1009 750 sunt,
1039 680 1102 743 dita·

126 770 242 832 beatur.
741 788 745 795 ·

76 871 108 923 22
210 851 330 922 Quare
354 851 393 909 ita
423 866 545 910 censeo:
576 849 714 927 quoniam
739 848 777 908 M.
800 848 930 927 Lepidus
949 849 1103 911 exercitum

125 939 238 1016 privato
267 931 387 996 consilio
414 940 550 1010 paratum
578 950 646 994 cum
672 934 817 1009 pessumis
845 939 875 992 et
900 931 1039 992 hostibus
1066 932 1103 991 rei

126 1020 261 1099 publicae
277 1024 379 1079 contra
393 1015 480 1076 huius
495 1016 605 1077 ordinis
617 1017 820 1076 auctoritatem
837 1016 874 1076 ad
889 1015 999 1077 urbem
1021 1015 1122 1083 ducite

125 1106 169 1164 uti
196 1103 306 1180 Appius
328 1100 464 1161 Claudius
485 1101 616 1161 interrex
645 1117 712 1160 eum
733 1099 766 1170 Q.
790 1098 892 1159 Catulo
912 1117 970 1176 pru
992 1097 1104 1159 consule

127 1195 156 1247 et
169 1188 274 1249 ceteris
287 1184 393 1264 quibus
404 1185 550 1260 inperium
570 1189 614 1243 est
635 1183 703 1243 mhi
723 1182 870 1260 praesidio
889 1184 958 1251 sint,
977 1199 1104 1263 operam·

127 1289 184 1349 que
206 1271 276 1331 dent
296 1286 334 1329 ne
356 1267 426 1346 quid
446 1284 495 1328 res
510 1266 627 1347 publica
642 1266 810 1327 detrimenti
831 1268 938 1344 capiat.

194 1456 294 1516 Oratio
317 1455 351 1513 G.
366 1453 473 1537 ¹Cottae
491 1455 619 1513 consults
640 1453 683 1510 ad
705 1455 848 1526 poputum
868 1450 1050 1510 Romanum.
1113 1452 1130 1493 ¹⁸

92 1620 106 1671 1
212 1605 346 1676 Quirites,
369 1603 459 1664 multa
479 1604 551 1664 mihi
563 1603 693 1680 pericula
708 1604 788 1664 domi
806 1602 1003 1683 militiaeque,
1024 1600 1108 1662 multa

127 1691 250 1752 advorsa
265 1687 358 1757 luere,
374 1704 500 1765 quorum
514 1686 569 1747 alia
584 1685 714 1756 toleravi,
728 1688 836 1765 partim
852 1686 974 1767 reppuli
991 1687 1107 1748 deorum

128 1773 240 1836 auxiliis
263 1779 291 1832 et
305 1773 411 1833 virtute
431 1789 511 1832 mea:
533 1774 564 1831 in
583 1772 648 1848 quis
662 1770 798 1832 omnibus
811 1788 977 1852 numquam
1000 1772 1107 1830 animus

128 1858 245 1934 negotio
263 1854 362 1925 deluit,
390 1873 488 1934 neque
507 1855 633 1916 decretis
653 1854 752 1916 labos:
780 1855 875 1917 malae
906 1855 1131 1932 secundaequeu

94 1949 111 1999 2
128 1959 177 2002 res
199 1958 284 2018 opes,
311 1956 371 1999 non
390 1939 541 2015 ingenium
561 1938 634 1998 mihi
654 1938 815 1999 mutabant.
832 1939 870 2000 At
888 1947 997 2001 senua
1018 1941 1048 1999 iu
1068 1936 1106 1996 his

128 2025 253 2086 miseriis
274 2030 378 2083 cuncta
399 2041 447 2083 me
469 2040 535 2082 cum
558 2021 675 2083 fortuna
697 2024 864 2084 deseruere.
885 2024 1048 2085 Praeterea
1068 2039 1106 2080 se

128 2118 245 2176 nectus,
278 2125 332 2185 per
361 2123 393 2166 se
419 2107 530 2182 gravis,
554 2123 657 2167 curam
684 2106 828 2186 duplicat,
852 2109 901 2168 cui
923 2109 1035 2168 misero
1052 2111 1108 2166 aeta

94 2197 111 2249 3
128 2195 186 2252 iam
203 2198 297 2252 aetate
317 2208 354 2250 ne
370 2198 496 2250 mortem
507 2191 626 2267 quidem
638 2190 792 2251 honestam
806 2208 930 2268 sperare
943 2191 1023 2252 licet.
1042 2190 1108 2251 Nam

129 2278 153 2336 si
174 2275 305 2352 paricida
322 2275 411 2333 vostri
428 2291 493 2334 sum
508 2281 536 2334 et
552 2275 597 2334 bis
612 2276 726 2352 genitus
738 2274 787 2335 hic
805 2274 877 2334 deos
893 2277 1012 2352 penatis
1034 2288 1130 2333 mensa

128 2361 310 2436 patriamque
329 2364 357 2418 et
381 2374 529 2419 summum
550 2360 696 2435 inperium
723 2358 787 2419 vilia
811 2359 925 2427 habeo,
956 2360 1023 2437 quis
1045 2356 1108 2417 mihi

129 2444 192 2502 vivo
221 2443 369 2501 cruciatus
398 2443 466 2502 satis
491 2450 536 2502 est
562 2450 613 2503 aut
638 2460 713 2521 quae
738 2459 835 2518 poena
867 2443 1010 2503 mortuui
1046 2441 1108 2519 quin

130 2527 226 2586 omnia
248 2532 411 2586 memorata
434 2526 511 2604 apud
535 2527 644 2588 interos
666 2525 808 2603 subplicia
828 2525 943 2586 scelere
961 2543 1029 2586 meo
1050 2524 1106 2583 rici.

95 2616 113 2667 4
130 2610 154 2670 Α
172 2611 267 2687 prima
296 2607 492 2670 adnleseentia
520 2611 550 2669 in
578 2628 630 2670 ore
649 2616 747 2670 vostro
765 2611 898 2687 privatus
920 2617 950 2669 et
972 2612 1003 2670 in
1023 2608 1106 2684 magi·

130 2693 269 2754 stratibus
291 2693 352 2769 egi:
381 2694 430 2770 qui
451 2692 567 2769 lingua,
598 2695 649 2772 qui
671 2692 790 2754 consilio
811 2711 895 2762 meo,
918 2695 969 2771 qui
991 2692 1129 2771 pecunias

130 2777 263 2846 voluere,
292 2777 339 2837 usi
360 2784 442 2837 sunt:
469 2795 566 2856 neque
593 2795 648 2854 ego
670 2777 804 2838 callidam
825 2777 997 2837 facundiam
1019 2792 1108 2854 neque

129 2862 278 2936 ingenium
292 2860 329 2920 ad
339 2859 415 2920 male
429 2860 596 2922 faciundum
618 2863 752 2922 exercui:
771 2861 966 2922 avidissumus
987 2863 1108 2938 privatae

133 2945 243 3021 gratiae
262 2961 414 3004 maxumas
434 2946 597 3006 inimicitias
619 2964 675 3024 pro
697 2963 731 3005 re
754 2944 873 3023 publica
894 2947 1028 3023 suscepi:
1052 2945 1108 3021 quis

130 3029 223 3087 victus
246 3046 313 3088 cum
334 3026 381 3088 illa
405 3028 491 3088 simul
513 3047 580 3089 cum
602 3046 692 3106 egens
713 3028 825 3090 alienae
844 3031 908 3107 opis
930 3027 1019 3106 plura
1040 3026 1108 3087 mala

133 3119 333 3189 expectarem,
363 3129 428 3182 v0S,
452 3112 588 3183 Quirites,
612 3130 716 3174 rursus
737 3112 810 3173 mihi
830 3114 959 3190 patriam
986 3114 1131 3189 deusqueu

98 3202 115 3254 t
131 3197 244 3274 penatis
263 3214 331 3257 eum
347 3198 458 3272 ingenti
477 3196 615 3274 dignitate
636 3197 763 3258 dedistis.
782 3197 842 3258 Pru
854 3195 965 3275 quibus
976 3196 1109 3257 benificiis

131 3282 178 3340 vix
196 3282 265 3341 satis
284 3286 386 3356 gratus
406 3280 515 3349 videar,
538 3284 562 3342 si
579 3280 700 3358 singulis
722 3283 858 3352 animam,
884 3299 976 3359 quam
990 3296 1108 3358 nequeo.

131 3365 337 3425 concesserim.
355 3364 429 3425 Nam
444 3365 500 3425 vita
517 3372 545 3426 et
564 3383 645 3425 mors
665 3367 729 3425 iura
748 3371 872 3426 naturae
894 3373 980 3425 sunt:
1004 3372 1037 3425 ut
1054 3364 1110 3422 siue

131 3447 276 3510 dedecore
290 3466 357 3509 cum
370 3449 479 3509 civibus
491 3450 568 3510 fama
585 3456 614 3511 et
623 3449 748 3510 fortunis
764 3451 879 3528 integer
892 3466 973 3525 agas,
995 3448 1024 3509 id
1039 3448 1109 3508 dom

132 3533 217 3593 datur
239 3540 327 3611 atque
350 3534 500 3611 accipitur.
1117 3546 1133 3587 a

98 3634 116 3684 u
217 3616 358 3677 Consules
379 3635 434 3677 nos
460 3615 584 3688 lecistis,
607 3618 747 3688 Quirites,
783 3617 863 3677 domi
883 3613 1015 3695 bellique
1036 3620 1110 3693 inpe-

135 3701 284 3761 ditissuma
295 3719 329 3762 re
345 3700 471 3779 publiea.
486 3700 619 3780 Namque
632 3704 816 3779 inperatores
832 3699 995 3778 Hispaniae
1009 3703 1110 3779 stipen-

132 3784 214 3848 dium
242 3784 365 3859 milites,
387 3803 471 3850 arma
487 3785 669 3847 trumentum
689 3791 832 3862 poscunt:
862 3791 893 3846 et
911 3785 944 3846 id
966 3803 1016 3848 res
1030 3785 1107 3862 cogit.
