2272 4176
484 139 600 200 LIBER
614 140 649 200 Π.
980 139 1042 205 241

70 298 224 361 adventus
235 295 381 355 Caesaris
393 302 579 370 expectatur.
600 293 720 354 Nullum
731 310 771 354 cx
781 311 877 367 muro,
899 295 1043 357 nullumn

69 380 185 445 noeais
206 380 333 441 nubium
353 380 461 440 telum:
489 387 522 439 ut
541 393 576 436 re
597 379 736 439 coniecta
758 395 864 439 omnes
889 396 992 439 curam
1015 388 1044 441 et

71 466 258 541 diligentiam
274 465 436 524 remittunt.
460 463 572 523 Caesar
589 463 669 522 enim
685 479 742 537 per
758 464 872 525 litteras
891 463 1041 526 Trebonio

71 564 259 625 magnopere
273 549 481 620 mandaverat,
504 563 544 605 ne
559 562 616 621 per
633 547 694 607 vim
714 547 860 623 oppidum
874 550 1040 623 expugnari

71 643 234 712 pateretur,
258 647 298 691 ne
318 633 442 707 gravius
461 632 590 707 permoti
608 631 717 691 milites
737 639 766 691 et
778 632 957 693 delectionis
971 634 1041 694 odio

71 728 100 780 et
116 717 344 793 contemptione
363 717 412 775 sui
428 725 458 777 et
473 716 587 776 diutino
606 716 712 775 labore
731 731 836 776 omncs
851 716 987 793 puberes
997 718 1041 777 in-

71 803 261 870 terficerent;
286 801 367 876 quod
381 816 416 860 se
428 801 563 860 facturos
576 799 775 874 minabantur,
805 815 959 876 aegreque
970 809 1041 862 tunc

72 896 139 949 sunt
154 886 275 956 retenti,
299 885 370 959 quin
384 885 532 959 oppidum
542 885 751 959 irrumperent,
768 885 962 960 graviterque
975 901 1040 945 eam

72 989 132 1031 rem
152 973 303 1042 aderunt,
328 969 411 1044 quod
430 970 552 1029 stetisse
571 983 627 1043 per
643 968 835 1041 Trebonium,
860 986 921 1045 quo
939 971 1038 1031 minus

74 1056 185 1131 oppido
197 1055 376 1129 potirentur,
399 1053 568 1113 videbatur.

148 1140 231 1200 XIV.
275 1138 316 1198 At
332 1137 438 1197 hostes
457 1137 523 1197 sine
535 1137 597 1196 fide
607 1144 728 1212 tempus
741 1143 832 1212 atque
845 1139 1038 1199 occasionem

73 1224 184 1284 iraudis
214 1237 251 1281 ac
275 1222 338 1281 doli
361 1230 510 1296 quaerunt
531 1222 758 1297 interiectisque
781 1222 897 1296 aliquot
918 1223 1036 1297 diebus,

72 1309 179 1369 nostris
202 1305 417 1380 languentibus
436 1314 527 1380 atque
552 1306 651 1367 animo
668 1306 807 1366 remissis
827 1306 927 1366 subito
949 1310 1036 1368 meri-

72 1394 156 1453 diano
173 1399 330 1466 tempore,
354 1405 422 1449 cum
439 1390 516 1449 alius
536 1391 748 1460 discessisset,
771 1390 849 1451 alius
866 1406 905 1449 ex
922 1392 1036 1453 diutino

71 1478 171 1537 labore
179 1477 213 1535 in
225 1475 303 1550 ipsis
317 1475 461 1549 operibus
475 1474 567 1549 quieti
579 1490 613 1534 se
624 1474 768 1546 dedisset,
792 1491 875 1534 arma
886 1491 960 1537 vero
974 1493 1035 1537 om-

71 1563 116 1621 nia
125 1560 267 1636 reposita
279 1566 477 1633 contectaque
489 1566 600 1629 essent,
614 1559 710 1633 portis
723 1559 853 1625 sesoras
866 1570 1034 1635 erumpunt,

71 1645 205 1706 seeundo
225 1650 501 1718 magnoquevento
513 1643 614 1715 ignem
626 1642 772 1718 operibus
785 1644 925 1704 inierunt.
947 1645 1035 1705 Hunc

70 1732 111 1791 sic
122 1729 241 1790 distulit
251 1736 370 1798 ventus,
395 1728 436 1786 uti
448 1743 509 1786 uno
522 1736 659 1801 tempore
671 1742 773 1801 agger,
787 1727 889 1803 plutei,
903 1731 1033 1804 testudo,

70 1815 166 1885 turris
178 1819 332 1873 tormenta
341 1811 492 1870 flammam
504 1813 699 1885 conciperent
711 1818 740 1870 et
748 1811 834 1886 prius
845 1811 922 1871 haec
936 1816 1034 1875 omnia

69 1904 328 1968 consumerentur,
353 1911 444 1970 quom
456 1895 713 1970 quemadmodum
725 1895 889 1956 accidisset
900 1898 1032 1959 animad-

69 1984 141 2043 verti
152 1988 273 2057 posset.
295 1980 396 2039 Nostri
406 1980 565 2053 repentina
576 1980 697 2039 fortuna
707 1979 836 2054 permoti
846 1996 937 2054 arma,
956 2000 1034 2057 quae

68 2074 214 2142 possunt,
238 2064 402 2138 arripiunt,
432 2064 480 2122 alii
499 2079 538 2122 ex
557 2064 664 2123 castris
689 2079 760 2123 sese
778 2064 909 2125 incitant.
941 2066 987 2127 Fit
1003 2069 1032 2127 in

67 2151 162 2210 bostis
182 2151 315 2223 impetus
338 2164 458 2219 eorum,
488 2148 544 2206 sed
566 2165 652 2208 muro
676 2148 792 2222 sagittis
815 2152 1033 2226 tormentisque

67 2236 218 2309 fugientes
236 2233 382 2308 persequi
401 2230 608 2307 prohibentur.
635 2233 681 2291 llli
700 2233 757 2292 sub
775 2250 893 2293 murum
911 2237 1032 2295 screci-

65 2322 150 2394 piunt
166 2318 274 2392 ibique
291 2318 462 2375 musculum
473 2317 640 2392 turrimque
650 2317 814 2376 latericiam
825 2318 919 2377 libere
931 2320 1032 2380 ineen-

65 2405 147 2462 dunt.
175 2402 223 2461 Ita
241 2402 402 2460 multorum
419 2401 568 2459 mensirun
580 2402 666 2460 labor
677 2400 810 2461 hostium
821 2403 951 2476 perfidia
963 2406 1032 2464 etri

66 2486 255 2561 tempestatis
279 2493 390 2558 puncto
408 2486 554 2558 temporis
573 2486 691 2544 interiit.
723 2487 956 2560 Temptavemnt
973 2487 1032 2549 hoc

63 2572 142 2630 idem
149 2569 363 2630 Massilienses
375 2576 500 2642 postero
513 2569 571 2627 dic.
593 2569 729 2628 Eandem
739 2570 817 2629 nacti
825 2576 1032 2645 tempestatem

64 2656 178 2715 maiore
202 2669 271 2713 eum
292 2652 405 2711 fiducia
426 2653 465 2711 ad
483 2655 606 2711 alteram
622 2655 726 2712 turrim
744 2668 947 2729 aggeremque
965 2672 1032 2717 eru-

64 2741 166 2815 ptione
184 2745 398 2813 pugnaverunt
415 2738 601 2811 multumque
619 2738 902 2811 ignemintulerunt.
926 2739 989 2800 Sed
1000 2749 1032 2802 ut

64 2822 235 2898 superioris
265 2822 411 2894 temporis
441 2822 663 2880 contentionem
685 2822 781 2882 nostri
803 2838 923 2883 omnem
942 2827 1031 2884 romi-

64 2915 174 2979 serant,
198 2908 239 2966 ita
257 2906 387 2979 proximi
399 2906 459 2964 diei
472 2921 547 2965 casu
560 2906 703 2966 admoniti
715 2905 815 2966 omnia
827 2907 866 2966 ad
879 2908 1031 2969 defensio-

64 3008 130 3052 nem
148 2999 344 3067 paraverant.
366 2990 472 3064 Itaque
483 2990 583 3048 multis
595 2990 760 3051 interfectis
771 2990 908 3066 reliquos
921 2993 1031 3054 iniecta

64 3092 94 3137 re
103 3078 135 3136 in
148 3075 300 3150 oppidum
311 3077 496 3148 repulerunt.

143 3161 211 3220 XV.
256 3159 424 3218 Trebonius
443 3175 481 3217 ea
499 3173 578 3232 quae
595 3167 667 3219 sunt
684 3160 902 3220 amissamulto
915 3162 1031 3224 maiore

64 3246 188 3306 militum
205 3243 307 3303 studio
326 3243 536 3302 administrare
553 3249 582 3302 et
597 3243 725 3302 reficere
736 3243 871 3304 instituit.
893 3244 1029 3308 Namubr

64 3338 162 3391 tantos
181 3344 258 3388 suos
276 3327 398 3387 labores
415 3334 444 3387 et
462 3336 626 3402 apparatus
638 3328 716 3386 male
728 3327 1029 3392 cecidisseviderunt

64 3413 250 3487 indutiisque
268 3427 325 3487 per
343 3413 445 3472 scelus
463 3412 583 3471 violabo
603 3428 689 3472 suam
699 3411 839 3473 virtutem
848 3413 950 3475 irrisui
962 3417 1028 3480 lore

105 3514 132 3557 c.
153 3511 251 3555 morus
273 3512 401 3554 causan.
792 3500 828 3557 tt
