2272 4176
62 118 126 180 ‘224
379 119 429 178 DE
451 119 576 178 BELLO
600 118 712 178 clvlLl

61 292 100 336 ne
116 275 273 333 defessum
294 274 412 346 proelio
436 274 557 334 obiciat.
585 276 873 342 Rursusconanres
894 271 1026 348 progredi
1069 270 1095 330 el

63 360 233 433 insequitur
248 365 278 416 et
291 366 437 419 moratur.
453 359 498 417 Illi
513 359 690 419 necessario
703 358 850 417 maturius
863 374 956 433 quarn
966 374 1026 418 con·
1080 373 1095 413 ;·.

64 448 224 508 stituerant
239 450 340 503 castra
356 451 480 518 ponunt.
513 443 663 504 Suberant
681 443 763 501 enim
777 448 897 502 montes
913 447 1029 518 atquea

63 530 183 592 milibus
205 544 354 604 passuum
376 529 511 604 quinque
532 529 639 588 itinera
654 527 791 587 diflicilia
804 533 897 603 atque
911 534 1031 602 angusta
1087 578 1094 584 .

65 614 266 689 excipiebant.
296 613 360 671 Hos
376 620 495 672 montes
511 614 621 674 intrare
637 611 809 687 cupiebant,
825 617 860 672 ut
872 612 1031 687 equitatum
1091 632 1095 637 ·

65 700 234 774 effugerent
256 697 394 756 Caesaris
416 698 643 773 praesidiisque
664 697 694 755 ln
715 696 867 770 angustiis
883 696 1031 757 collocatis

65 784 232 846 exercitum
243 783 349 841 itinere
360 782 565 858 prohiberent,
581 782 641 857 ipsi
653 781 719 840 sine
730 781 919 856 periculose
933 781 1031 842 timore

64 870 209 930 Hiberum
230 867 337 941 coplas
358 868 563 927 traducerent.
603 867 692 940 Quod
710 865 766 924 luit
786 864 846 924 illis
868 866 1031 927 conandum
1076 908 1080 913 -

66 960 158 1029 atque
173 952 253 1011 omni
268 952 386 1011 ratione
402 952 614 1030 efficiendum
630 951 686 1011 sed
700 949 793 1010 totius
806 948 868 1009 diei
880 965 983 1026 pugna
994 958 1031 1009 at·

67 1053 127 1114 que
141 1037 256 1095 itineris
272 1036 377 1096 labore
393 1035 509 1095 defessi
523 1052 588 1095 rem
603 1036 633 1094 in
646 1043 805 1110 posterum
819 1034 903 1094 diem
917 1035 1030 1095 distrrlo-

66 1128 144 1182 runt.
176 1120 289 1180 Caesar
305 1136 431 1195 quoque
446 1120 476 1178 in
491 1121 633 1196 proximo
650 1120 727 1180 colle
743 1123 846 1178 castra
861 1119 957 1194 ponit
1072 1144 1075 1149 ·

148 1205 251 1264 LXVI.
273 1204 375 1263 Media
391 1205 509 1264 circiter
524 1212 614 1265 nocte
628 1205 675 1279 lis,
691 1203 743 1280 qui
756 1203 935 1279 adaquandi
949 1219 1032 1265 causa

67 1290 186 1365 longius
202 1305 220 1348 a
235 1289 342 1348 castris
360 1296 591 1365 processerant,
607 1289 645 1349 ab
661 1287 813 1365 equitibus
827 1288 992 1364 correptis,
1004 1288 1032 1347 lil
1086 1282 1089 1287 ’

67 1375 103 1434 ab
119 1374 167 1434 his
181 1375 292 1433 certior
308 1373 434 1448 Caesar,
462 1375 557 1434 duces
579 1373 825 1434 adversariorum
846 1373 968 1435 silentio
988 1388 1032 1435 eo·

67 1460 134 1533 pias
156 1459 264 1519 castris
287 1459 429 1518 educere.
459 1457 525 1531 Quo
548 1458 669 1533 cognito
691 1458 812 1533 signrun
827 1458 895 1517 dari
917 1458 1033 1518 iubetel
1093 1460 1095 1471 '

67 1559 143 1603 vasa
155 1543 275 1603 militari
295 1558 380 1603 more
396 1543 590 1602 conclamari.
620 1542 664 1601 llli
681 1542 824 1601 exaudito
841 1544 975 1603 clamore
986 1556 1033 1602 ve
1091 1558 1094 1565 ·

68 1627 123 1703 riti,
139 1644 178 1687 ue
190 1634 282 1688 noctu
293 1627 428 1703 impediti
440 1628 497 1687 sub
511 1642 604 1687 onere
617 1626 783 1700 confligere
794 1634 979 1700 cogerentur
988 1632 1032 1686 aut
1091 1622 1095 1633 '

67 1728 106 1771 ne
121 1713 159 1772 ab
173 1713 311 1788 equitatu
327 1712 467 1772 Caesaris
482 1712 513 1770 in
529 1712 678 1787 angustiis
693 1717 878 1785 tenerentur,
895 1712 954 1772 iter
967 1726 1031 1785 sup·

69 1798 201 1871 primunt
221 1797 390 1872 copiasque
411 1797 441 1856 in
457 1797 567 1857 castris
583 1796 746 1857 continent.
774 1793 905 1857 Postero
922 1796 973 1856 die
985 1794 1021 1855 Pe

69 1881 161 1941 treius
184 1898 252 1941 cum
273 1882 381 1956 paucis
403 1881 556 1957 equitibus
578 1883 698 1942 occulte
712 1879 752 1939 ad
766 1881 962 1954 exploranda
974 1882 1034 1941 loca
1091 1906 1095 1913 ·

68 1965 282 2040 proficiscitur.
311 1965 377 2024 Hoc
392 1965 473 2024 idem
488 1965 522 2024 fit
537 1977 576 2024 ex
598 1965 706 2026 castris
729 1964 880 2025 Caesaris.
917 1964 1033 2024 Mittitur
1091 1982 1095 2005 ··

67 2049 98 2112 L.
114 2049 258 2108 Decidius
276 2048 358 2109 Saxa
373 2065 441 2108 cum
457 2051 580 2124 paucis,
608 2051 659 2125 qui
680 2048 740 2110 loci
760 2056 900 2108 naturam
923 2049 1033 2125 perspi·
1092 2050 1095 2059 '

68 2133 136 2193 ciat.
171 2134 307 2208 Uterque
329 2133 409 2192 idem
431 2133 496 2192 suis
516 2135 682 2196 renuntiat:
712 2133 847 2209 quinque
868 2134 953 2194 milia
971 2149 1033 2210 pas-
1084 2174 1095 2219 Ἠ

68 2233 157 2277 suum
172 2218 311 2292 proxima
326 2218 514 2277 intercedere
529 2217 644 2278 itineris
661 2219 857 2292 campestris,
872 2218 947 2278 inde
961 2217 1034 2278 exei-

68 2316 142 2376 pere
162 2303 232 2360 loca
253 2317 365 2376 aspera
385 2308 416 2361 et
435 2308 615 2372 montuosa;
643 2303 695 2379 qui
710 2304 794 2377 prior
809 2302 866 2362 has
883 2304 1036 2378 angustias
1089 2312 1095 2369 “,

68 2386 274 2461 occupaverit,
290 2387 328 2445 ab
345 2386 404 2446 hoc
418 2385 538 2446 hostem
554 2387 708 2462 prohiberi
724 2386 796 2446 nihil
811 2402 884 2446 esse
898 2388 1019 2463 negotii.

151 2470 1037 2546 LXVII.DisputaturinconsilioabPetreloatqueAlranio

69 2562 98 2614 et
118 2561 239 2630 tempus
261 2554 460 2630 protectionis
477 2558 642 2631 quaeritur.
671 2556 812 2632 Plerique
827 2556 997 2617 censebant
1009 2563 1040 2616 ut

68 2648 161 2701 noctu
175 2641 230 2700 iter
244 2642 394 2699 lacerent:
410 2656 507 2715 posse
521 2642 607 2716 prius
623 2641 662 2701 ad
674 2641 830 2716 angustias
841 2640 941 2700 veniri
954 2656 1039 2717 quam

69 2725 239 2784 sentiretur.
278 2724 354 2797 Alii,
380 2726 465 2799 quod
479 2726 579 2800 pridie
600 2732 693 2786 noctu
715 2726 939 2786 conclamatum
960 2732 1041 2786 esset

68 2810 97 2870 in
114 2808 254 2869 Caesaris
270 2808 394 2884 castris,
420 2811 587 2884 argumenti
610 2811 771 2871 sumebant
784 2811 853 2870 loco
869 2827 932 2871 non
948 2826 1041 2885 posse

69 2896 146 2952 alam
162 2893 247 2952 exiri.
277 2891 484 2954 circumfundi
505 2903 597 2955 noctu
611 2896 778 2971 equitatum
793 2893 936 2954 Caesaris
952 2903 1041 2970 atque

70 2978 172 3038 omnia
192 2980 260 3038 loca
280 2982 373 3053 atque
388 2977 496 3039 itinera
511 2980 673 3050 obsidere;
699 2988 911 3054 nocturnaque
926 2980 1041 3054 proelia

70 3077 141 3122 esse
156 3063 289 3136 vitanda,
306 3062 390 3137 quod
404 3065 584 3138 perterritus
600 3065 687 3124 miles
702 3065 732 3124 in
749 3064 829 3124 civili
844 3063 1040 3125 dissensione

69 3146 169 3206 dmori
190 3147 287 3222 magis
311 3163 403 3223 quam
422 3148 562 3223 religioni
584 3150 747 3210 consulere
769 3148 975 3210 consueverit
1002 3150 1043 3208 At

69 3229 168 3290 lucem
188 3233 313 3291 multum
333 3248 390 3308 per
409 3248 444 3293 se
464 3234 615 3309 pudorem
631 3233 764 3295 omnium
779 3233 893 3309 oculis,
916 3234 1040 3313 multum

69 3312 159 3372 etiam
179 3315 370 3378 tribunorum
393 3317 520 3379 militum
546 3325 576 3379 et
601 3318 811 3379 centurionum
836 3317 1041 3394 praesentiam

70 3395 207 3468 adferre3
224 3400 335 3475 quibus
350 3401 444 3465 rebus
460 3403 596 3463 coerceri
611 3403 721 3464 milites
736 3410 767 3464 et
780 3403 810 3464 in
826 3403 930 3465 allicio
947 3400 1036 3465 conti·
