2302 4192
42 342 51 381 'a

42 390 55 557 'i

42 600 48 669 l

498 141 613 202 LIBER
635 144 658 201 l.
1026 141 1062 206 ll

127 307 184 369 mo,
194 296 350 374 principem
365 294 478 356 Galliac
492 294 679 371 provinciae,
701 294 877 355 lamlliarem
893 310 991 370 suum,
1014 298 1063 358 cui

126 392 244 442 summam
257 381 392 443 omnium
401 396 503 441 rerum
517 376 761 453 iidem'habebat,
777 394 845 438 cum
860 394 896 439 eo
913 382 1057 457 colloqui-

126 469 177 535 tur,
196 466 272 528 simul
288 464 529 538 commonefacit,
555 478 634 539 quae
649 464 719 538 ipso
735 470 899 537 praesente
913 466 942 523 in
959 464 1060 525 conci-

125 544 159 604 lio
171 546 305 612 Gallorum
319 550 359 609 de
373 548 558 622 Dumnorige
574 548 635 607 sint
649 548 745 621 dicta,
768 554 798 606 et
812 548 959 623 ostendit,
982 566 1062 624 quac

123 635 259 703 separatim
280 634 413 709 quisque
434 633 473 691 de
494 648 532 692 co
553 632 637 706 apud
659 646 693 691 se
715 631 841 700 dixerim
872 633 948 706 petit
967 641 1061 710 atque

123 711 247 792 hortatur,
268 725 302 778 ut
323 718 390 776 sine
412 717 477 775 eius
499 715 671 776 offensione
692 715 783 774 animi
803 717 853 774 vel
874 715 942 790 ipse
963 717 1002 776 dc
1023 734 1059 777 eo

123 810 196 860 caina
208 803 324 877 cognita
339 807 452 860 statuat
463 802 513 859 vel
530 800 680 860 civitatem
695 806 829 859 statuere
844 800 955 860 iubeat.

185 885 240 946 XX.
269 886 437 947 Divitiacus
451 884 553 944 multis
569 900 638 944 cum
652 884 786 944 lacrimis
802 884 964 944 Caesarem
979 900 1058 946 cona

121 964 207 1038 plexus
221 971 385 1031 obsecrare
400 969 516 1043 coepit,
535 984 574 1027 ne
589 968 663 1044 quid
677 967 801 1042 gravius
816 970 846 1027 in
862 970 985 1028 tratrem
999 976 1058 1029 sta-

118 1054 208 1114 tueret:
223 1054 307 1114 Scire
323 1056 360 1113 se‘
369 1053 420 1113 illa
433 1068 504 1112 esse
514 1067 597 1127 vera,
613 1067 670 1112 nec
687 1067 871 1128 quemquam
885 1069 924 1112 ex
940 1068 976 1112 eo
989 1055 1059 1128 plus

116 1150 189 1208 quam
202 1155 234 1198 se
249 1138 365 1199 doloris
382 1152 501 1211 capere,
517 1144 682 1211 propterea
694 1137 786 1211 quod,
801 1153 870 1196 cum
884 1138 952 1211 ipse
963 1138 1059 1211 gratia

113 1218 253 1292 plurimum
275 1222 358 1282 domi
385 1226 477 1296 atque
497 1220 527 1279 in
548 1221 667 1296 reliqua
689 1220 798 1294 Gallia,
835 1221 884 1279 ille
904 1221 1057 1281 minimum

109 1313 219 1380 propter
240 1306 478 1366 adulescentiam
492 1314 614 1380 posset,
636 1320 742 1381 perse
757 1307 921 1377 crevissem
946 1307 1056 1382 quibus

106 1390 205 1463 opibus
220 1406 256 1449 ac
271 1390 374 1449 nervis
389 1405 451 1449 non
465 1391 565 1449 solum
579 1390 619 1449 ad
634 1389 828 1450 minuendam
843 1390 979 1465 gratiam,
1001 1394 1056 1451 sed

100 1488 192 1547 paene
206 1475 244 1533 ad
258 1473 426 1547 perniciem
441 1489 528 1533 suam
541 1480 692 1543 uteretum
709 1489 780 1534 sesa
795 1480 894 1533 tamen
910 1482 940 1534 et
954 1491 1057 1535 amore

99 1559 226 1617 fraterno
241 1563 272 1616 et
285 1556 509 1626 existimatione
521 1558 605 1632 vulgi
621 1558 815 1619 commoveri.
838 1558 967 1631 Quodsi
983 1560 1057 1633 quid

95 1642 121 1700 ei
141 1657 161 1700 a
181 1641 311 1700 Caesare
330 1640 454 1716 gravius
481 1642 660 1716 accidisset,
688 1643 845 1716 cumipse
866 1657 935 1704 cum
956 1644 1056 1702 locum

92 1724 240 1785 amicitiae
254 1725 339 1799 apud
350 1740 420 1785 eum
434 1732 558 1800 teneret,
574 1726 725 1786 neminem
740 1727 980 1786 existimaturum
995 1744 1054 1789 non

92 1825 151 1871 sua
163 1810 321 1869 voluntate
337 1810 465 1879 iactum3
488 1825 550 1884 qua
563 1826 603 1869 ex
617 1825 651 1868 re
666 1812 806 1885 futurum,
822 1811 864 1868 uti
879 1811 971 1871 totins
988 1812 1053 1870 Gal-

91 1895 151 1954 liac
165 1893 256 1952 animi
278 1908 347 1952 asc
367 1898 584 1953 averterentur.
615 1892 699 1954 Haec
715 1909 783 1953 cum
798 1893 942 1968 pluribus
952 1895 1054 1954 verbis

93 1977 170 2039 dens
191 1993 210 2036 a
230 1976 361 2036 Caesare
381 1983 511 2052 peteret,
540 1977 652 2037 Caesar
672 1978 738 2036 eius
761 1978 896 2036 dextram
919 1979 1054 2052 prandia

89 2062 269 2122 consolatus
282 2066 381 2136 rogat,
396 2059 489 2120 tinem
503 2061 611 2121 orandi
625 2060 732 2131 iaciat;
754 2063 826 2121 tanti
842 2063 906 2122 eius
922 2064 1006 2136 aliud
1020 2079 1054 2124 se

87 2145 218 2221 gratiam
231 2161 304 2205 esse
319 2146 459 2221 ostendit,
475 2146 518 2207 uti
532 2154 562 2207 ct
574 2145 761 2221 reipublicae
775 2146 914 2207 iniuriam
926 2156 955 2206 et
967 2164 1054 2208 suum

87 2230 227 2289 dolorem
244 2230 311 2290 eius
325 2229 474 2290 voluntati
490 2246 526 2290 ac
542 2231 686 2305 precibus
703 2231 865 2291 condonet.
894 2233 1052 2292 Dumnori-

85 2330 160 2389 gem
173 2313 213 2371 ad
228 2321 376 2388 sevocat,
398 2315 521 2372 tratrem
535 2313 674 2383 adhibet;
698 2329 777 2388 quae
790 2315 821 2373 in
837 2330 874 2375 eo
889 2316 1051 2390 reprehen-
1066 2334 1069 2338 ·

86 2399 142 2456 dat
157 2397 305 2471 ostendit,
322 2413 401 2473 quae
415 2397 483 2472 ipse
498 2397 666 2471 intellegat,
683 2413 762 2471 quae
777 2399 883 2458 civitas
901 2408 1052 2475 queratur,

86 2480 250 2556 proponit;
270 2487 390 2554 monet,
411 2482 493 2540 utin
514 2481 665 2555 reliquum
685 2488 807 2555 tempus
829 2498 936 2543 omnes
953 2485 1052 2558 suspi-

86 2566 195 2626 ciones
211 2564 300 2633 vitet;
321 2565 485 2640 praeterita
498 2581 534 2625 se
548 2564 695 2624 Divitiaco
712 2566 796 2624 fratri
818 2567 994 2625 condonare
1010 2567 1052 2625 di-

85 2650 138 2709 cit.
162 2647 338 2722 Dumnorigi
353 2649 499 2709 custodes
514 2648 610 2723 ponit,
625 2656 666 2722 ut,
683 2665 762 2723 quae
777 2656 855 2723 agat,
873 2649 1053 2724 quibuscum

85 2739 239 2807 loquatur,
259 2732 338 2791 scire
352 2734 461 2807 possit.

170 2818 246 2877 XXI.
286 2817 403 2878 Eodem
424 2818 473 2879 dic
495 2818 533 2877 ab
555 2818 801 2893 exploratoribus
823 2820 934 2882 certior
956 2823 1054 2880 lactus

80 2882 196 2962 hostes
220 2902 278 2961 sub
301 2910 403 2962 monte
425 2902 609 2962 consedisse
629 2902 710 2961 milia
731 2896 880 2976 passuum
903 2905 940 2962 ab
957 2905 1055 2977 ipsius

84 2986 197 3046 caseis
213 2992 298 3059 octo,
321 2987 422 3061 qualis
443 2993 527 3045 esset
541 2993 651 3045 natura
663 2988 776 3047 montis
792 2996 821 3046 et
837 2988 935 3061 qualis
951 2988 981 3045 in
998 2989 1054 3046 cir-

84 3071 169 3132 cuitu
185 3084 346 3145 ascensus,
363 3070 415 3145 qui
431 3075 654 3144 cognoscerent
664 3070 753 3130 misit.
777 3070 993 3131 Renuntiatum
1009 3081 1055 3131 est

84 3156 208 3215 laeilem
223 3169 303 3213 esse.
333 3157 378 3214 De
391 3154 481 3213 tertia
493 3154 597 3228 vigilia
609 3155 642 3214 Τ.
657 3154 833 3228 Labienum,
849 3156 982 3227 legatum
996 3173 1054 3231 pro

84 3247 239 3315 praetore,
262 3254 331 3298 eum
346 3239 465 3298 duabus
481 3238 653 3313 legionibus
669 3246 699 3298 et
712 3239 750 3298 iis
766 3238 914 3310 ducibus,
931 3240 983 3314 qui
998 3240 1055 3300 iter

83 3328 311 3399 cognoverant,
338 3339 489 3384 summum
509 3322 613 3397 iugum
633 3323 744 3382 montis
766 3324 934 3384 ascendere
955 3325 1055 3388 iubet.

83 3406 161 3485 quc
182 3407 232 3467 sui
253 3408 373 3468 consilii
388 3409 427 3468 sit
442 3407 583 3468 ostendit.
613 3408 685 3482 lpse
700 3406 738 3466 de
761 3416 869 3483 quarta
885 3409 986 3483 vigilia
1001 3424 1052 3468 eo-
