2302 4192
233 132 279 173 nr
295 131 400 174 annno
423 130 623 173 rvsvnrnruo
647 130 673 171 c.
687 121 730 176 46.
754 122 797 175 47.
820 123 861 176 48.
1001 114 1042 176 67

53 279 215 359 praelectis
232 278 397 339 cohortium
413 277 629 355 dispertiverat,
652 288 686 339 ut
700 296 768 340 cum
783 280 824 338 eis
842 282 979 357 permixti
994 299 1041 341 ve·

53 366 132 431 lites,
150 380 336 441 quocumque
354 359 532 421 adcederent
554 363 699 440 equitatus
720 363 864 432 hostium,
887 365 1041 442 propulsa·

54 453 133 508 rent.
166 446 241 507 Nam
255 447 286 505 in
300 444 442 522 Iugurtha
459 450 558 504 tantus
580 444 664 506 dolus
683 452 823 525 tantaque
842 449 946 524 peritia
960 447 1066 508 loco-8

57 548 127 591 rum
146 536 175 590 et
188 528 306 588 militiae
322 533 393 597 erat,
409 533 443 587 ut
457 526 564 588 absens
577 546 615 588 an
628 546 785 608 praesens,
807 547 912 607 pacem
927 548 964 590 an
979 531 1040 591 bel·

30 614 121 674 olum
146 628 266 691 gerens,
288 611 476 690 pernitiosior
498 613 618 672 essetin
639 614 752 674 incerto
770 613 941 674 haberetur.

142 696 213 756 Erat
226 694 298 755 haut
311 694 399 770 longe
419 693 456 753 ab
474 712 509 754 eo
523 696 640 765 itinere,
664 715 722 775 quo
739 695 872 758 Metellus
888 698 1039 775 pergebat,
1051 694 1092 753 47

55 780 199 859 oppidum
215 778 423 847 Numidarum,
445 779 563 838 nomine
576 777 687 849 Vacca,
711 781 808 841 iorum
829 799 930 842 rerum
953 799 1040 842 vena·

53 865 129 924 lium
139 864 227 923 totius
238 863 322 939 regni
332 879 468 922 maxume
483 860 670 931 celebratum,
679 863 730 924 ubi
742 873 772 924 et
781 864 910 925 incolere
924 872 952 925 ct
963 882 1041 925 mer·

55 948 120 1007 cari
138 951 349 1006 consueverant
363 942 454 1005 ltalici
470 947 587 1020 generis
597 945 682 1006 multi
696 948 844 1008 mortales.
860 948 925 1009 Huc
939 947 1068 1008 consult

16 1028 143 1090 rosimul
163 1027 323 1107 temptandi
344 1030 436 1104 gratia
458 1029 483 1086 si
503 1034 689 1105 paterentur,
719 1038 748 1091 et
772 1033 807 1091 ob
829 1034 1041 1109 oportunitates

55 1114 116 1173 loci
129 1111 307 1190 praesidium
321 1113 464 1189 inposuit:
489 1118 641 1190 praeterea
657 1115 800 1193 inperauit
815 1115 997 1176 frumentum
1013 1123 1042 1176 et

54 1195 113 1256 alia
135 1213 210 1273 quae
231 1193 309 1254 beMo
324 1197 391 1255 usui
405 1194 503 1255 forent
518 1203 708 1274 conportare,
730 1205 826 1267 ratus,
849 1198 878 1258 id
897 1199 975 1278 quod
992 1217 1041 1258 res

55 1277 205 1346 monebat,
223 1277 415 1357 frequentiam
431 1281 646 1355 negotiatorum
662 1287 690 1340 et
705 1289 913 1345 conmeatuum
928 1283 1041 1342 iuvatu-

56 1378 123 1422 ram
146 1363 305 1422 exercitum
327 1364 432 1422 etiam
455 1365 563 1439 paratis
577 1363 667 1424 rebus
683 1367 866 1426 munimento
888 1366 961 1426 iore.

17 1462 46 1503 rs
144 1445 222 1505 luter
249 1444 323 1505 haec
349 1446 466 1523 negotia
488 1444 629 1523 Iugurtha
649 1449 801 1526 inpensius
821 1448 910 1508 modo
929 1448 1067 1527 legatostt

56 1528 198 1607 subplicis
219 1529 350 1598 mittere,
373 1546 475 1607 pacem
498 1546 600 1598 orare,
620 1537 739 1609 praeter
760 1548 844 1591 suam
864 1530 1040 1593 liberorum-

57 1613 223 1692 quesitam
245 1612 341 1672 omnia
355 1611 470 1672 MeteMo
493 1612 610 1673 dedere.
647 1613 728 1685 Quos
747 1616 833 1682 item,
855 1616 898 1675 uti
915 1616 1066 1692 priorest

57 1695 162 1756 consul
176 1694 298 1756 inlectos
315 1694 351 1755 ad
365 1696 560 1774 proditionem
576 1696 696 1757 domum
712 1697 889 1766 dimittebat,
909 1700 974 1773 regi
989 1716 1041 1776 pa·

59 1795 125 1839 cem
147 1796 234 1857 quarn
258 1778 424 1858 postulabat
447 1797 543 1858 neque
565 1779 696 1842 abnuere
718 1799 815 1860 neque
837 1781 985 1860 polliceri,
1012 1787 1041 1842 et

18 1864 135 1923 roiuter
157 1879 206 1923 eas
224 1880 322 1922 moras
343 1862 486 1942 promissa
505 1862 670 1939 legatorum
692 1871 857 1944 expectare.
900 1863 1091 1942 Iugurthadss

56 1945 110 2007 uhi
128 1943 235 2006 Metelli
265 1946 341 2006 dicta
371 1964 437 2006 oum
458 1946 542 2006 sactis
564 1949 717 2025 conposuit
738 1966 773 2008 ac
794 1966 826 2008 se
848 1949 908 2009 suis
929 1947 1040 2008 artibus

56 2031 195 2106 temptari
210 2030 339 2090 animum
358 2030 491 2099 advortit,
511 2031 618 2109 quippe
634 2033 679 2091 cui
698 2031 796 2092 verbis
814 2049 872 2110 pax
886 2031 1039 2092 nuntiaba-

56 2122 121 2182 tur,
144 2118 275 2173 ceterum
297 2131 330 2173 re
350 2112 460 2173 bellum
482 2130 688 2191 asperrumum
712 2122 789 2185 erat,
812 2115 886 2176 urbs
904 2133 1039 2175 maxuma

56 2194 190 2264 alienata,
203 2211 273 2272 ager
288 2195 421 2257 hostibus
436 2199 577 2272 cognitus,
595 2198 683 2257 animi
694 2198 881 2276 popularium
895 2199 1038 2276 temptati,

22 2285 177 2341 ncoactus
190 2297 291 2340 rerum
312 2280 525 2341 necessitudine
548 2282 647 2341 statuit
670 2283 759 2341 armis
780 2288 904 2343 certare.
947 2281 1066 2360 Igituru

56 2361 208 2441 explorato
229 2362 356 2424 hostium
377 2365 495 2433 itinere,
522 2366 552 2424 in
573 2382 655 2442 spem
677 2367 815 2426 victoriae
837 2366 979 2427 adductus
1000 2383 1035 2425 en

56 2447 254 2524 oportunitate
268 2446 334 2515 loci,
351 2464 438 2526 quam
448 2464 600 2508 maxumas
615 2454 712 2525 potest
726 2451 824 2527 copias
839 2451 969 2509 omnium
984 2465 1034 2524 ge·

55 2546 164 2590 nerum
192 2535 275 2608 parat
302 2548 337 2590 ac
364 2547 418 2609 per
440 2533 571 2592 tramites
593 2530 724 2591 occultos
746 2534 906 2592 exereitum
930 2529 1036 2593 Metelli

55 2614 211 2674 antevenit.

20 2712 45 2757 ro
142 2694 212 2756 urat
226 2699 255 2757 in
273 2717 307 2758 ea
321 2705 404 2775 parte
416 2697 576 2767 Numidiae,
591 2716 676 2776 quam
692 2697 840 2758 Adherbal
855 2700 885 2757 in
899 2699 1065 2759 divisionet

54 2780 242 2859 possederat,
270 2781 379 2841 llumcn
407 2784 504 2842 oriens
526 2801 542 2841 a
561 2781 696 2850 meridie,
725 2784 843 2841 nomine
866 2781 995 2851 Muthul,
1022 2801 1038 2841 a

54 2881 117 2941 quo
138 2862 241 2923 aberat
256 2882 341 2924 mons
356 2864 450 2943 terme
465 2865 544 2925 milia
559 2862 728 2944 [passuum]
742 2864 841 2941 viginti
853 2870 949 2925 tractu
963 2867 1036 2943 pari,

55 2952 155 3007 vastus
176 2946 213 3007 ab
234 2956 339 3008 natura
355 2955 384 3008 et
401 2948 530 3009 humano
546 2948 640 3008 cultu:
663 2953 707 3009 set
726 2966 761 3007 ex
784 2965 819 3007 eo
836 2948 934 3008 medio
956 2950 1038 3026 quasi

54 3028 139 3091 collis
158 3030 321 3101 oriebatur,
345 3034 374 3091 in
391 3033 555 3093 inmensum
569 3032 755 3110 pertingens,
777 3033 896 3091 vestitus
912 3030 1038 3091 oleastro

10 3130 43 3175 su
55 3132 93 3175 ac
112 3116 246 3175 murtetis
260 3113 380 3193 aliisque
401 3116 560 3192 generibus
580 3114 736 3184 arborum,
760 3132 834 3194 quae
850 3115 932 3175 humi
955 3115 1037 3175 arido

54 3203 147 3277 atque
165 3196 310 3259 harenoso
331 3199 499 3276 gignuntur.
541 3199 635 3260 Media
650 3204 747 3259 autem
767 3197 901 3275 planities
924 3197 1065 3260 desertae

55 3282 199 3360 paenuria
214 3299 306 3360 aquae
326 3289 444 3361 praeter
458 3282 570 3344 llumini
593 3283 757 3361 propinqua
776 3281 854 3341 locat
878 3300 911 3343 ea
927 3285 1037 3343 consita

53 3362 185 3425 arbustis
198 3381 306 3443 pecore
322 3372 408 3445 atque
429 3365 588 3427 cultoribus
603 3364 874 3444 frequentabantur.

857 3465 902 3520 *ab*
