2302 4192
144 384 185 447 66
437 384 487 443 DE
509 384 633 444 BELLO
657 385 821 444 Gallico

145 537 203 597 sibi
219 537 259 595 ad
275 535 418 598 auxilium
434 553 583 612 spemque
597 537 707 610 reliqui
722 537 868 620 temporis
883 538 960 598 satis
973 538 1113 623 laturum¹

143 621 269 680 Tantum
285 636 356 680 esse
371 638 481 681 nomen
498 629 588 695 atque
600 620 774 694 opinionem
787 621 852 681 eius
864 623 1107 685 exereitusArio
1134 651 1151 698 q

144 704 223 763 visto
240 706 329 777 pulso
345 712 374 763 ct
389 705 448 763 hoc
470 705 638 765 novissimo
655 705 772 777 proelio
789 707 869 765 lacto
886 705 977 765 etiam
993 707 1035 766 ad
1049 708 1107 769 ulti·

144 804 210 846 mas
227 788 446 847 Germanorum
461 788 615 861 nationes,
641 789 683 847 uti
706 789 851 861 opinione
866 794 896 847 et
910 790 1045 849 amicitia
1059 806 1107 864 po
1150 786 1151 853 ἶ

144 871 207 945 puli
223 870 352 930 Romani
367 873 420 931 tuti
436 887 508 931 csse
523 871 653 945 possint.
691 872 819 931 Navium
834 886 976 945 magnam
993 875 1106 948 copiam
1129 942 1134 947 ,
1150 883 1151 889 ’

144 955 183 1013 ad
198 956 466 1027 transportandum
482 955 647 1015 exercitum
662 956 893 1029 pollicebantur.
977 979 990 994 f

222 1038 314 1096 XVll.
350 1038 463 1098 Caesar
488 1038 535 1097 lris
563 1040 602 1097 de
622 1039 739 1113 causis,
766 1054 844 1113 quas
866 1040 1107 1115 commemoravi,

143 1120 282 1180 Rhenum
297 1122 425 1180 transire
440 1122 633 1189 decreveram
649 1122 706 1181 sed
720 1122 848 1183 nauibus
863 1122 996 1182 transire
1012 1138 1108 1199 neque

145 1207 217 1265 satis
243 1211 337 1263 tutum
366 1220 437 1264 esse
459 1205 658 1265 arbitrabatur
678 1220 780 1280 neque
800 1221 875 1265 suae
889 1221 992 1280 neque
1007 1204 1107 1283 papirii

147 1286 271 1349 Romani
286 1288 438 1361 dignitatis
454 1304 525 1349 esse
541 1289 701 1348 statuebat.
717 1289 831 1363 ltaque,
846 1288 904 1348 etsi
920 1306 1042 1350 summa
1054 1290 1107 1350 dii·

144 1373 261 1431 ficultas
274 1372 404 1431 laciendi
418 1373 519 1446 pontis
532 1372 761 1447 proponebatur
774 1378 898 1446 propter
913 1372 1106 1446 latitudinem,

143 1455 334 1527 rapiditatem
349 1456 598 1530 altitudinemque
613 1454 761 1529 fluminis,
787 1463 888 1515 tamen
910 1455 942 1514 id
964 1456 1024 1515 sibi
1039 1473 1106 1517 con·

144 1538 328 1596 tendendum
344 1547 394 1597 aut
414 1540 499 1599 aliter
515 1557 575 1599 non
590 1539 810 1599 traducendum
824 1538 993 1599 exercitum
1007 1538 1105 1600 existi-

145 1621 253 1680 mabat.
293 1622 452 1681 Rationem
469 1624 570 1696 pontis
586 1623 664 1682 hanc
678 1622 813 1682 instituit.
847 1622 942 1695 Tigna
956 1622 1107 1683 binases·
1138 1662 1141 1667 ·

144 1704 318 1777 quipedalia
339 1707 463 1778 paulum
485 1706 522 1766 ab
544 1708 604 1766 imo
625 1712 790 1779 praeacuta
804 1705 943 1765 dimensa
958 1706 999 1765 ad
1013 1706 1107 1767 allitu-

143 1787 243 1846 dinem
265 1786 398 1848 fluminis
419 1788 576 1849 intervallo
592 1791 705 1864 pedmn
720 1790 848 1849 duorum
862 1789 940 1849 inter
956 1804 992 1849 se
1005 1788 1108 1863 iunge-

143 1871 202 1929 bat.
232 1870 315 1928 Haec
338 1887 408 1933 carm
427 1871 701 1933 machinationibus
717 1872 845 1932 inmissa
859 1872 889 1930 in
904 1871 1019 1931 flumen
1036 1872 1107 1932 delr-

143 1960 229 2014 xcrat
249 1953 428 2028 fistucisque
449 1955 608 2031 adegerat,
637 1972 700 2015 non
722 1955 858 2015 sublicae
878 1954 971 2015 modo
994 1955 1108 2015 directe

143 2037 180 2095 ad
196 2038 461 2111 perpendiculum,
478 2039 534 2098 sed
549 2055 646 2113 prone
661 2054 697 2098 ae
713 2039 867 2112 fastigato,
891 2044 925 2098 ut
940 2039 1107 2099 secundum

142 2128 278 2180 naturam
293 2120 424 2180 fluminis
440 2123 689 2195 procumberent,
714 2122 761 2180 his
783 2123 852 2181 item
874 2123 1028 2184 contraria
1049 2123 1106 2182 dno

142 2205 181 2262 ad
202 2204 333 2262 eundem
354 2206 477 2264 modum
498 2204 599 2266 iuncta
618 2207 776 2266 intervallo
798 2205 910 2279 pedum
937 2206 1106 2280 quadrage·

141 2303 212 2345 num
228 2287 265 2345 ab
281 2286 423 2347 inleriore
439 2298 525 2362 parte
541 2296 648 2349 contra
662 2289 722 2347 vim
743 2295 835 2363 atque
850 2289 996 2361 impetum
1010 2287 1107 2349 durni-

141 2370 188 2428 nis
205 2385 355 2429 conversa
370 2373 529 2432 statuebat.
568 2374 652 2433 Haec
673 2380 803 2447 utraque
818 2373 944 2446 insuper
960 2370 1107 2447 bipedali-

140 2455 198 2513 bus
213 2453 348 2513 trabibus
363 2456 508 2530 inmissiS,
525 2466 670 2530 quantum
685 2471 791 2515 eorum
805 2457 955 2529 tignorum
970 2455 1107 2516 iunctura

140 2536 285 2611 distabat,
302 2537 380 2598 binis
395 2539 546 2613 utrimque
561 2540 662 2600 fibulis
679 2539 715 2597 ab
732 2546 867 2598 extrema
881 2544 967 2612 parte
983 2538 1107 2598 distine-

141 2620 265 2688 bantur;
293 2622 403 2694 quibus
420 2622 564 2682 disclusis
581 2631 672 2698 atque
687 2623 717 2680 in
733 2622 914 2682 contrariam
927 2628 1048 2697 partem
1061 2636 1106 2679 re·

139 2704 247 2763 vinctis
263 2710 344 2763 tanta
358 2713 422 2764 erat
437 2706 539 2781 operis
556 2707 707 2767 firmitudo
723 2714 814 2780 atque
829 2721 866 2765 ea
877 2720 979 2765 rerum
990 2713 1107 2779 natura,

139 2794 185 2860 ut,
213 2804 274 2862 quo
295 2788 392 2848 maior
407 2789 453 2848 vis
469 2805 568 2862 aquae
583 2806 619 2849 se
632 2791 834 2863 incitavisset,
858 2788 918 2849 hoc
933 2788 1028 2848 artius
1044 2788 1107 2847 inli-

139 2875 210 2943 gata
229 2879 412 2931 tcnerentnr.
447 2873 530 2931 Haec
552 2874 667 2933 directa
687 2872 813 2932 materia
832 2873 943 2932 iniecta
963 2877 1105 2932 contexe·

139 2954 247 3012 bantur
263 2971 298 3014 ac
314 2955 460 3030 longuriis
477 2956 673 3032 cratibusque
687 2957 976 3024 consternebantur;
1002 2971 1041 3014 ac
1062 2954 1106 3014 ni·

139 3036 200 3096 hilo
227 3039 328 3098 secius
355 3039 491 3098 sublicae
516 3047 545 3098 et
571 3041 610 3099 ad
634 3041 808 3102 inferiorem
830 3047 946 3115 partem
972 3037 1106 3099 fluminis

139 3120 263 3194 oblique
289 3122 470 3195 agebantm·,
498 3138 576 3196 quae
601 3141 656 3198 pro
683 3125 776 3184 ariete
801 3124 957 3184 subiectae
983 3128 1012 3182 et
1038 3137 1107 3181 cnm

139 3204 220 3266 omni
236 3220 330 3279 opere
346 3205 524 3266 coniunctae
540 3207 599 3266 vim
618 3208 751 3268 fluminis
767 3209 957 3282 exciperent,
984 3211 1014 3265 el
1028 3204 1107 3265 allae

139 3289 208 3347 item
224 3305 320 3363 supra
333 3297 456 3363 pontem
471 3290 617 3351 mediocri
629 3292 737 3366 spatio,
752 3299 793 3366 ut,
810 3292 836 3350 si
852 3291 993 3351 arborum
1006 3289 1106 3350 trunci

139 3372 204 3430 sive
219 3389 313 3433 naves
331 3373 480 3432 deiciendi
495 3375 598 3447 operis
613 3383 718 3436 essent
732 3391 751 3434 a
764 3375 903 3435 barbaris
918 3375 1043 3447 missae,
1058 3372 1105 3431 his

139 3454 353 3518 defensoribus
379 3473 483 3516 earum
506 3473 608 3518 rerum
632 3459 679 3519 vis
704 3459 902 3534 minueretur,
934 3473 993 3516 neu
1021 3454 1104 3531 ponti

139 3548 292 3598 nocerent.
988 3557 992 3564 ·

137 3694 159 3711 ..
219 3621 323 3685 XVlll.
336 3623 449 3687 Diebus
457 3623 572 3701 decem,
582 3625 824 3703 quibusmateria
836 3634 945 3707 coepta
955 3635 1022 3691 eru
1032 3640 1104 3689 con·
1127 3654 1139 3665 ·
