2272 4176
173 39 219 67 ’μ’μ’

10 39 189 131 W,
220 64 224 71 -

45 110 70 134 ἐ,
100 110 104 115 .

439 156 552 218 LIBER
569 156 607 214 V.
971 154 1013 221 99

10 382 12 389 ¹
36 310 178 375 uitionem
200 326 241 373 ex
256 310 399 373 omnibus
414 311 552 386 partibus
569 310 723 371 coniciunt
738 311 1010 389 praeconibusque

39 396 255 459 circummissis
271 396 460 472 pronuntiari
475 396 587 470 iubent,
603 412 658 456 seu
676 397 744 471 quis
761 397 865 457 Gallus
880 412 937 457 seu
950 399 1011 459 Ro-

10 503 19 556 ;
40 498 142 543 uanus
157 482 235 543 velit
248 489 320 543 ante
335 481 441 543 horam
455 481 574 541 tertiam
589 481 628 542 ad
645 500 680 546 se
695 482 833 556 transire,
850 480 917 541 sine
932 482 1011 558 peri·

12 557 21 637 ’ς
42 570 102 629 culo
116 568 231 637 licere3
259 573 332 642 post
351 566 383 626 id
396 573 518 642 tempus
533 582 594 626 non
610 566 676 626 tore
690 572 889 642 potestatem:
915 582 952 627 ae
967 567 1012 627 sic

10 686 21 703 ·
42 660 159 714 nostros
181 658 448 727 contempserunt,
475 657 509 712 ut
529 652 693 712 obstructis
715 669 746 713 m
762 652 898 728 speciem
914 652 1011 727 portis

15 738 164 813 :singulis
188 737 350 799 ordinibus
373 736 539 812 cespitum,
567 738 652 813 quod
673 752 710 796 ea
730 754 790 798 non
807 753 904 812 posse
918 737 1010 797 intro-

10 839 12 845 ·
43 838 180 899 nnnpere
193 821 392 897 videbantur,
408 822 458 882 alii
472 823 584 881 vallum
598 838 690 883 manu
704 823 862 897 scindere,
884 822 934 882 alii
949 823 1011 883 tos-

10 922 18 969 .’
43 924 88 969 sas
107 910 268 984 complere
295 907 473 982 inciperent.
513 909 587 967 Tum
610 909 723 968 Caesar
748 906 888 969 omnibus
913 907 1011 983 portis

44 993 197 1069 eruptione
212 994 294 1054 lacta
308 992 506 1069 equitatuque
521 994 634 1054 emisso
648 993 785 1052 celeriter
800 992 905 1052 hostes
920 992 951 1052 in
966 994 979 1052 l
999 1023 1011 1033 -

15 1078 18 1083 '
45 1092 103 1154 gam
117 1079 185 1153 dat,
210 1078 257 1139 sic
270 1078 314 1138 uti
328 1077 450 1138 ommno
467 1078 621 1152 pugnandi
638 1092 733 1137 causa
744 1078 900 1138 resisteret
911 1092 1010 1149 nemo,

17 1240 20 1245 Ι
46 1179 242 1239 magnumque
267 1178 307 1223 ex
331 1162 376 1223 eis
401 1178 558 1223 numerum
586 1162 697 1223 occidit
721 1169 812 1239 atque
833 1178 939 1223 omnes
964 1178 1004 1224 ar-

10 1258 29 1294 ¹'-
46 1248 91 1309 nis
104 1249 200 1309 exuit

17 1362 23 1423 3
114 1334 178 1394 Lll.
200 1332 338 1408 Longius
352 1331 501 1408 prosequi
515 1332 639 1408 veritus,
657 1333 740 1407 quod
756 1334 852 1393 silvae
867 1334 1009 1408 paludes·

45 1434 96 1496 que
114 1418 348 1479 intercedebant
360 1433 468 1494 ‘neque
489 1417 578 1477 etiam
598 1418 727 1493 parvulo
750 1419 930 1480 detrimento
945 1419 1009 1481 illo·

46 1518 101 1565 mm
121 1506 226 1565 locum
246 1503 378 1579 relinqui
398 1503 537 1577 videbat,
564 1503 704 1563 omnibus
727 1503 792 1564 suis
807 1503 1009 1565 incolumibus

44 1589 132 1665 copiis
155 1589 267 1651 eodem
288 1588 339 1648 dic
354 1588 393 1649 ad
408 1589 584 1648 Ciceronem
599 1589 748 1663 pervenit.
778 1588 934 1651 Institutas
948 1595 1010 1650 tur-

43 1690 94 1751 res,
107 1674 282 1735 testudines
293 1673 538 1747 munitionesque
550 1672 682 1734 hostium
693 1674 874 1744 admiratum
889 1676 1010 1749 legione

43 1760 186 1835 producta
198 1760 359 1833 cognoscit
371 1775 431 1819 non
446 1757 594 1817 decimum
607 1774 760 1834 quemque
775 1774 846 1819 esse
859 1759 1008 1835 reliquum

42 1844 156 1909 militem
168 1844 236 1905 sine
249 1845 391 1903 vulnere:
406 1842 500 1904 exlris
515 1844 655 1904 omnibus
665 1843 886 1919 iudicatrebus,
897 1853 1008 1919 quanto

43 1944 102 1989 curn
114 1929 254 2004 periculo
268 1936 297 1988 et
311 1934 424 2003 quanta
439 1943 507 1988 cum
517 1928 628 1988 virtute
638 1944 688 1988 ros
702 1928 763 1988 sint
773 1929 1008 1990 administratae.

44 2014 211 2076 Ciceronem
222 2029 277 2090 pro
290 2013 356 2074 cius
368 2013 474 2073 merito
487 2015 698 2089 legionemque
711 2015 889 2084 conlaudat;
906 2021 1009 2075 contu-

45 2100 137 2161 riones
154 2099 330 2174 singillatim
345 2099 547 2173 tribunosque
561 2099 686 2158 militurn
703 2101 852 2174 appellat,
879 2116 1008 2176 quorum

44 2184 189 2261 egregiam
211 2183 309 2245 luisse
328 2185 469 2245 virtutem
490 2184 663 2244 testimonio
680 2185 833 2244 Ciceronis
856 2200 1008 2260 cognove-

44 2278 90 2329 rat.
117 2271 165 2330 De
187 2285 263 2329 casu
278 2269 381 2329 Sabini
404 2276 433 2328 et
448 2270 552 2329 Cottae
568 2270 680 2329 certitas
696 2285 735 2328 ex
751 2268 879 2344 captivis
895 2286 1008 2346 cogno-

47 2355 98 2414 scit
128 2355 259 2415 Postero
282 2354 331 2413 die
353 2355 493 2414 contione
515 2354 700 2414 habitarem
722 2362 840 2428 gestam
855 2358 1008 2432 proponit,

10 2434 13 2473 ²
48 2440 142 2500 nilitcs
159 2441 337 2500 consolatur
353 2446 382 2498 et
397 2439 569 2499 confirmat:
592 2440 673 2514 quod
691 2440 902 2500 detrimentum
918 2443 1009 2516 culpa

10 2531 13 2540 ·
47 2528 71 2581 ct
80 2524 245 2584 temeritate
261 2523 349 2597 legati
365 2523 404 2582 sit
418 2532 591 2604 acceptum,
615 2525 673 2583 hoc
689 2525 835 2598 aequiore
850 2526 949 2588 animo
966 2526 1008 2584 le-

10 2602 13 2644 ³
48 2610 162 2669 modum
175 2610 276 2680 docet,
293 2609 376 2683 quod
388 2609 535 2668 beneficio
549 2610 675 2668 deorum
688 2609 898 2669 immortalium
909 2617 939 2670 et
949 2611 1007 2670 vir·
1023 2662 1026 2667 .

51 2696 95 2753 tute
115 2710 223 2754 eornm
247 2693 369 2767 expiato
392 2692 583 2753 incommodo
609 2709 709 2768 neqnc
731 2693 871 2755 hostibus
893 2695 1008 2756 diutina

10 2772 13 2813 ³
51 2776 155 2840 notatio
171 2793 275 2852 neque
291 2778 368 2852 ipsis
385 2780 503 2852 longior
519 2780 607 2838 dolor
622 2780 819 2854 relinquatur.

10 2856 13 2897 ⁵
30 2882 33 2887 ·
113 2862 188 2923 Llll.
213 2863 333 2923 Interim
349 2863 386 2922 ad
402 2858 565 2922 Labienum
582 2881 637 2938 per
650 2865 762 2924 Remos
778 2864 946 2925 incredibili
959 2879 1007 2924 ce-

10 2940 12 2969 *
51 2950 147 3008 tanate
164 2950 204 3007 de
218 2947 348 3007 victoria
363 2948 502 3007 Caesaris
519 2950 597 3007 lania
613 2950 778 3023 perfertur,
803 2956 851 3024 ut,
879 2965 946 3008 cum
968 2949 1007 3008 ab

10 3028 165 3117 '3hibcrnis
193 3032 350 3092 Ciceronis
379 3032 461 3091 milia
486 3049 634 3107 passuum
666 3032 790 3093 abesset
816 3035 935 3094 circiter
958 3049 1005 3108 ux,

10 3134 30 3181 ¹.
50 3130 130 3194 coque
152 3125 224 3194 post
244 3117 352 3177 horam
373 3133 484 3177 nonam
500 3119 558 3177 diei
577 3118 688 3177 Caesar
702 3119 910 3192 pervenisset,
936 3123 1007 3177 anta

26 3204 158 3264 ¹ltaliam
184 3211 310 3264 noctem
336 3203 372 3261 ad
402 3211 506 3277 portas
533 3210 703 3263 castrorum
725 3204 838 3261 clamor
860 3210 1006 3279 oreretur,

10 3300 26 3339 ¹.
49 3302 94 3361 qno
108 3292 240 3350 clamore
256 3287 439 3363 signilicatio
456 3288 601 3348 victoriae
615 3288 837 3362 gratulatioque
852 3289 891 3348 ab
902 3288 1005 3349 Remis

47 3368 159 3436 bitere
175 3375 274 3436 fieret.
298 3374 363 3433 Hac
379 3373 459 3432 lania
474 3375 513 3433 ad
527 3375 675 3433 Treveros
691 3374 809 3447 perlata
822 3372 1006 3434 Indutioma-

47 3468 101 3537 rus,
120 3462 169 3539 qni
190 3465 324 3537 postero
345 3458 396 3519 die
411 3466 511 3520 castra
524 3459 650 3523 Labieni
666 3473 852 3539 oppugnare
865 3460 1013 3524 decreue-

770 3552 813 3616 Ὶῐ
