<?xml version="1.0" encoding="UTF-8"?>
<!DOCTYPE html PUBLIC "-//W3C//DTD XHTML 1.0 Transitional//EN"
    "http://www.w3.org/TR/xhtml1/DTD/xhtml1-transitional.dtd">
<html xmlns="http://www.w3.org/1999/xhtml" xml:lang="en" lang="en">
 <head>
  <title>
</title>
<meta http-equiv="Content-Type" content="text/html;charset=utf-8" />
  <meta name='ocr-system' content='tesseract 3.04.00' />
  <meta name='ocr-capabilities' content='ocr_page ocr_carea ocr_par ocr_line ocrx_word'/>
</head>
<body>
  <div class='ocr_page' id='page_1' title='image "./commentarii00caesgoog_0065.png"; bbox 0 0 2272 4176; ppageno 0'>
   <div class='ocr_carea' id='block_1_1' title="bbox 63 502 734 573">
    <p class='ocr_par' dir='ltr' id='par_1_1' title="bbox 63 502 734 573">
     <span class='ocr_line' id='line_1_1' title="bbox 63 502 734 573; baseline -0.016 0"><span class='ocrx_word' id='word_1_1' title='bbox 63 510 103 573; x_wconf 78' lang='lat'><strong>52</strong></span> <span class='ocrx_word' id='word_1_2' title='bbox 352 507 401 567; x_wconf 85' lang='lat' dir='ltr'><strong>DE</strong></span> <span class='ocrx_word' id='word_1_3' title='bbox 423 505 547 566; x_wconf 82' lang='lat' dir='ltr'>BELLO</span> <span class='ocrx_word' id='word_1_4' title='bbox 571 502 734 565; x_wconf 82' lang='lat' dir='ltr'><strong>GALLICO</strong></span> 
     </span>
    </p>
   </div>
   <div class='ocr_carea' id='block_1_2' title="bbox 54 656 1037 3837">
    <p class='ocr_par' dir='ltr' id='par_1_2' title="bbox 54 656 1034 2730">
     <span class='ocr_line' id='line_1_2' title="bbox 63 656 1033 736; baseline 0.002 -15"><span class='ocrx_word' id='word_1_5' title='bbox 63 660 287 736; x_wconf 72' lang='lat' dir='ltr'>expectandam</span> <span class='ocrx_word' id='word_1_6' title='bbox 305 661 445 720; x_wconf 81' lang='lat' dir='ltr'>classem.</span> <span class='ocrx_word' id='word_1_7' title='bbox 475 658 558 732; x_wconf 85' lang='lat' dir='ltr'><strong>Quae</strong></span> <span class='ocrx_word' id='word_1_8' title='bbox 572 657 624 716; x_wconf 92' lang='lat' dir='ltr'><strong>ubi</strong></span> <span class='ocrx_word' id='word_1_9' title='bbox 640 657 784 718; x_wconf 90' lang='lat' dir='ltr'><strong>convenit</strong></span> <span class='ocrx_word' id='word_1_10' title='bbox 797 672 835 718; x_wconf 91' lang='lat' dir='ltr'><strong>ac</strong></span> <span class='ocrx_word' id='word_1_11' title='bbox 850 656 983 733; x_wconf 90' lang='lat' dir='ltr'><strong>primum</strong></span> <span class='ocrx_word' id='word_1_12' title='bbox 996 662 1033 723; x_wconf 88' lang='lat' dir='ltr'><strong>ab</strong></span> 
     </span>
     <span class='ocr_line' id='line_1_3' title="bbox 62 743 1033 819; baseline -0.001 -13"><span class='ocrx_word' id='word_1_13' title='bbox 62 747 202 806; x_wconf 84' lang='lat' dir='ltr'><strong>hostibus</strong></span> <span class='ocrx_word' id='word_1_14' title='bbox 213 745 282 805; x_wconf 90' lang='lat' dir='ltr'><strong>visa</strong></span> <span class='ocrx_word' id='word_1_15' title='bbox 297 751 353 819; x_wconf 89' lang='lat' dir='ltr'><strong>est,</strong></span> <span class='ocrx_word' id='word_1_16' title='bbox 370 743 488 803; x_wconf 78' lang='lat' dir='ltr'><strong>circiter</strong></span> <span class='ocrx_word' id='word_1_17' title='bbox 500 757 575 800; x_wconf 87' lang='lat' dir='ltr'>ccxx</span> <span class='ocrx_word' id='word_1_18' title='bbox 588 756 684 800; x_wconf 89' lang='lat' dir='ltr'><strong>naves</strong></span> <span class='ocrx_word' id='word_1_19' title='bbox 700 756 807 802; x_wconf 90' lang='lat' dir='ltr'><strong>eorum</strong></span> <span class='ocrx_word' id='word_1_20' title='bbox 821 743 1033 816; x_wconf 82' lang='lat' dir='ltr'><strong>paratissimae</strong></span> 
     </span>
     <span class='ocr_line' id='line_1_4' title="bbox 63 825 1033 906; baseline -0.002 -16"><span class='ocrx_word' id='word_1_21' title='bbox 63 838 155 906; x_wconf 86' lang='lat' dir='ltr'><strong>atque</strong></span> <span class='ocrx_word' id='word_1_22' title='bbox 178 831 259 890; x_wconf 93' lang='lat' dir='ltr'><strong>omni</strong></span> <span class='ocrx_word' id='word_1_23' title='bbox 280 842 393 903; x_wconf 80' lang='lat' dir='ltr'><strong>genere</strong></span> <span class='ocrx_word' id='word_1_24' title='bbox 413 841 564 885; x_wconf 90' lang='lat' dir='ltr'><strong>armorum</strong></span> <span class='ocrx_word' id='word_1_25' title='bbox 587 825 801 886; x_wconf 88' lang='lat' dir='ltr'><strong>ornatissimae</strong></span> <span class='ocrx_word' id='word_1_26' title='bbox 815 827 976 901; x_wconf 81' lang='lat' dir='ltr'><strong>protectae</strong></span> <span class='ocrx_word' id='word_1_27' title='bbox 997 844 1033 889; x_wconf 84' lang='lat' dir='ltr'><strong>ex</strong></span> 
     </span>
     <span class='ocr_line' id='line_1_5' title="bbox 64 909 1033 989; baseline -0.002 -14"><span class='ocrx_word' id='word_1_28' title='bbox 64 923 155 989; x_wconf 87' lang='lat' dir='ltr'><strong>porta</strong></span> <span class='ocrx_word' id='word_1_29' title='bbox 175 914 289 974; x_wconf 91' lang='lat' dir='ltr'><strong>nostris</strong></span> <span class='ocrx_word' id='word_1_30' title='bbox 311 913 460 970; x_wconf 89' lang='lat' dir='ltr'><strong>adversae</strong></span> <span class='ocrx_word' id='word_1_31' title='bbox 474 909 694 979; x_wconf 85' lang='lat' dir='ltr'><strong>constiterunt;</strong></span> <span class='ocrx_word' id='word_1_32' title='bbox 717 925 819 985; x_wconf 90' lang='lat' dir='ltr'><strong>neque</strong></span> <span class='ocrx_word' id='word_1_33' title='bbox 840 909 918 971; x_wconf 86' lang='lat' dir='ltr'><strong>satis</strong></span> <span class='ocrx_word' id='word_1_34' title='bbox 932 913 1033 987; x_wconf 89' lang='lat' dir='ltr'><strong>Bruto,</strong></span> 
     </span>
     <span class='ocr_line' id='line_1_6' title="bbox 64 992 1032 1075; baseline -0.002 -16"><span class='ocrx_word' id='word_1_35' title='bbox 64 1000 115 1075; x_wconf 92' lang='lat' dir='ltr'><strong>qui</strong></span> <span class='ocrx_word' id='word_1_36' title='bbox 139 999 228 1058; x_wconf 82' lang='lat' dir='ltr'><strong>classi</strong></span> <span class='ocrx_word' id='word_1_37' title='bbox 251 1001 406 1072; x_wconf 80' lang='lat' dir='ltr'><strong>praeerat,</strong></span> <span class='ocrx_word' id='word_1_38' title='bbox 427 993 476 1051; x_wconf 89' lang='lat' dir='ltr'><strong>vel</strong></span> <span class='ocrx_word' id='word_1_39' title='bbox 498 992 627 1051; x_wconf 92' lang='lat' dir='ltr'><strong>tribunis</strong></span> <span class='ocrx_word' id='word_1_40' title='bbox 642 993 769 1053; x_wconf 90' lang='lat' dir='ltr'><strong>militum</strong></span> <span class='ocrx_word' id='word_1_41' title='bbox 791 995 1032 1057; x_wconf 88' lang='lat' dir='ltr'><strong>centurionibus·</strong></span> 
     </span>
     <span class='ocr_line' id='line_1_7' title="bbox 54 1078 1034 1159; baseline 0 -16"><span class='ocrx_word' id='word_1_42' title='bbox 54 1099 140 1159; x_wconf 72' lang='lat' dir='ltr'><strong>oue,</strong></span> <span class='ocrx_word' id='word_1_43' title='bbox 163 1082 273 1156; x_wconf 89' lang='lat' dir='ltr'><strong>quibus</strong></span> <span class='ocrx_word' id='word_1_44' title='bbox 289 1079 429 1152; x_wconf 80' lang='lat' dir='ltr'><strong>singulae</strong></span> <span class='ocrx_word' id='word_1_45' title='bbox 443 1092 539 1135; x_wconf 88' lang='lat' dir='ltr'><strong>naves</strong></span> <span class='ocrx_word' id='word_1_46' title='bbox 556 1084 643 1135; x_wconf 90' lang='lat' dir='ltr'><strong>erant</strong></span> <span class='ocrx_word' id='word_1_47' title='bbox 657 1078 844 1151; x_wconf 77' lang='lat' dir='ltr'><strong>adtributae,</strong></span> <span class='ocrx_word' id='word_1_48' title='bbox 874 1080 1034 1143; x_wconf 81' lang='lat' dir='ltr'><strong>constabat</strong></span> 
     </span>
     <span class='ocr_line' id='line_1_8' title="bbox 65 1160 1032 1242; baseline 0.002 -17"><span class='ocrx_word' id='word_1_49' title='bbox 65 1168 138 1242; x_wconf 88' lang='lat' dir='ltr'><strong>quid</strong></span> <span class='ocrx_word' id='word_1_50' title='bbox 153 1171 278 1239; x_wconf 85' lang='lat' dir='ltr'><strong>agerent</strong></span> <span class='ocrx_word' id='word_1_51' title='bbox 292 1170 344 1222; x_wconf 90' lang='lat' dir='ltr'><strong>aut</strong></span> <span class='ocrx_word' id='word_1_52' title='bbox 359 1177 450 1236; x_wconf 90' lang='lat' dir='ltr'><strong>quam</strong></span> <span class='ocrx_word' id='word_1_53' title='bbox 464 1160 611 1219; x_wconf 90' lang='lat' dir='ltr'><strong>rationem</strong></span> <span class='ocrx_word' id='word_1_54' title='bbox 626 1176 750 1235; x_wconf 88' lang='lat' dir='ltr'><strong>pugnae</strong></span> <span class='ocrx_word' id='word_1_55' title='bbox 765 1162 953 1226; x_wconf 84' lang='lat' dir='ltr'><strong>insisterent.</strong></span> <span class='ocrx_word' id='word_1_56' title='bbox 974 1166 1032 1233; x_wconf 80' lang='lat' dir='ltr'><strong>Ro</strong></span> 
     </span>
     <span class='ocr_line' id='line_1_9' title="bbox 64 1247 1032 1319; baseline 0.001 -10"><span class='ocrx_word' id='word_1_57' title='bbox 64 1260 127 1310; x_wconf 90' lang='lat' dir='ltr'><strong>stro</strong></span> <span class='ocrx_word' id='word_1_58' title='bbox 143 1249 221 1308; x_wconf 91' lang='lat' dir='ltr'><strong>enim</strong></span> <span class='ocrx_word' id='word_1_59' title='bbox 237 1247 340 1307; x_wconf 90' lang='lat' dir='ltr'><strong>noceri</strong></span> <span class='ocrx_word' id='word_1_60' title='bbox 355 1262 416 1306; x_wconf 93' lang='lat' dir='ltr'><strong>non</strong></span> <span class='ocrx_word' id='word_1_61' title='bbox 432 1260 528 1319; x_wconf 87' lang='lat' dir='ltr'><strong>posse</strong></span> <span class='ocrx_word' id='word_1_62' title='bbox 544 1251 768 1318; x_wconf 87' lang='lat' dir='ltr'><strong>cognoverant;</strong></span> <span class='ocrx_word' id='word_1_63' title='bbox 783 1247 920 1307; x_wconf 88' lang='lat' dir='ltr'><strong>turribus</strong></span> <span class='ocrx_word' id='word_1_64' title='bbox 936 1256 1032 1309; x_wconf 89' lang='lat' dir='ltr'><strong>autem</strong></span> 
     </span>
     <span class='ocr_line' id='line_1_10' title="bbox 64 1329 1032 1403; baseline 0 -10"><span class='ocrx_word' id='word_1_65' title='bbox 64 1333 202 1393; x_wconf 87' lang='lat' dir='ltr'><strong>excitatis</strong></span> <span class='ocrx_word' id='word_1_66' title='bbox 214 1338 312 1389; x_wconf 89' lang='lat' dir='ltr'><strong>tamen</strong></span> <span class='ocrx_word' id='word_1_67' title='bbox 326 1331 382 1390; x_wconf 90' lang='lat' dir='ltr'><strong>has</strong></span> <span class='ocrx_word' id='word_1_68' title='bbox 397 1329 523 1389; x_wconf 91' lang='lat' dir='ltr'><strong>altitudo</strong></span> <span class='ocrx_word' id='word_1_69' title='bbox 538 1329 686 1403; x_wconf 85' lang='lat' dir='ltr'><strong>puppium</strong></span> <span class='ocrx_word' id='word_1_70' title='bbox 701 1343 741 1387; x_wconf 89' lang='lat' dir='ltr'><strong>ex</strong></span> <span class='ocrx_word' id='word_1_71' title='bbox 750 1329 892 1391; x_wconf 88' lang='lat' dir='ltr'><strong>barbaris</strong></span> <span class='ocrx_word' id='word_1_72' title='bbox 905 1333 1032 1393; x_wconf 88' lang='lat' dir='ltr'><strong>navibus</strong></span> 
     </span>
     <span class='ocr_line' id='line_1_11' title="bbox 64 1412 1033 1491; baseline 0 -14"><span class='ocrx_word' id='word_1_73' title='bbox 64 1416 238 1491; x_wconf 89' lang='lat' dir='ltr'><strong>superabat,</strong></span> <span class='ocrx_word' id='word_1_74' title='bbox 253 1421 287 1473; x_wconf 92' lang='lat' dir='ltr'><strong>ut</strong></span> <span class='ocrx_word' id='word_1_75' title='bbox 301 1430 401 1489; x_wconf 89' lang='lat' dir='ltr'><strong>neque</strong></span> <span class='ocrx_word' id='word_1_76' title='bbox 416 1428 455 1471; x_wconf 91' lang='lat' dir='ltr'><strong>ex</strong></span> <span class='ocrx_word' id='word_1_77' title='bbox 470 1412 613 1472; x_wconf 87' lang='lat' dir='ltr'><strong>interiore</strong></span> <span class='ocrx_word' id='word_1_78' title='bbox 627 1415 696 1473; x_wconf 92' lang='lat' dir='ltr'><strong>loco</strong></span> <span class='ocrx_word' id='word_1_79' title='bbox 709 1412 783 1472; x_wconf 90' lang='lat' dir='ltr'><strong>satis</strong></span> <span class='ocrx_word' id='word_1_80' title='bbox 799 1418 963 1477; x_wconf 88' lang='lat' dir='ltr'><strong>commode</strong></span> <span class='ocrx_word' id='word_1_81' title='bbox 976 1420 1033 1477; x_wconf 85' lang='lat' dir='ltr'><strong>tela</strong></span> 
     </span>
     <span class='ocr_line' id='line_1_12' title="bbox 64 1497 1034 1574; baseline 0.002 -14"><span class='ocrx_word' id='word_1_82' title='bbox 64 1500 142 1561; x_wconf 86' lang='lat' dir='ltr'><strong>adici</strong></span> <span class='ocrx_word' id='word_1_83' title='bbox 156 1505 287 1574; x_wconf 87' lang='lat' dir='ltr'><strong>possent</strong></span> <span class='ocrx_word' id='word_1_84' title='bbox 301 1504 332 1556; x_wconf 91' lang='lat' dir='ltr'><strong>et</strong></span> <span class='ocrx_word' id='word_1_85' title='bbox 346 1499 441 1557; x_wconf 91' lang='lat' dir='ltr'><strong>missa</strong></span> <span class='ocrx_word' id='word_1_86' title='bbox 455 1497 494 1555; x_wconf 91' lang='lat' dir='ltr'><strong>ab</strong></span> <span class='ocrx_word' id='word_1_87' title='bbox 511 1497 603 1555; x_wconf 90' lang='lat' dir='ltr'><strong>Gallis</strong></span> <span class='ocrx_word' id='word_1_88' title='bbox 619 1497 744 1570; x_wconf 89' lang='lat' dir='ltr'><strong>gravius</strong></span> <span class='ocrx_word' id='word_1_89' title='bbox 760 1498 946 1560; x_wconf 83' lang='lat' dir='ltr'><strong>acciderent.</strong></span> <span class='ocrx_word' id='word_1_90' title='bbox 968 1502 1034 1562; x_wconf 86' lang='lat' dir='ltr'><strong>Una</strong></span> 
     </span>
     <span class='ocr_line' id='line_1_13' title="bbox 64 1582 1031 1660; baseline 0.001 -16"><span class='ocrx_word' id='word_1_91' title='bbox 64 1592 129 1645; x_wconf 90' lang='lat' dir='ltr'><strong>erat</strong></span> <span class='ocrx_word' id='word_1_92' title='bbox 148 1598 259 1658; x_wconf 89' lang='lat' dir='ltr'><strong>magno</strong></span> <span class='ocrx_word' id='word_1_93' title='bbox 280 1582 351 1642; x_wconf 90' lang='lat' dir='ltr'><strong>usui</strong></span> <span class='ocrx_word' id='word_1_94' title='bbox 372 1597 423 1640; x_wconf 90' lang='lat' dir='ltr'><strong>res</strong></span> <span class='ocrx_word' id='word_1_95' title='bbox 444 1587 661 1655; x_wconf 81' lang='lat' dir='ltr'><strong>praeparatae</strong></span> <span class='ocrx_word' id='word_1_96' title='bbox 681 1582 811 1656; x_wconf 91' lang='lat' dir='ltr'><strong>nostris,</strong></span> <span class='ocrx_word' id='word_1_97' title='bbox 834 1583 932 1645; x_wconf 87' lang='lat' dir='ltr'><strong>ialccs</strong></span> <span class='ocrx_word' id='word_1_98' title='bbox 945 1600 1031 1660; x_wconf 77' lang='lat' dir='ltr'><strong>prae</strong></span> 
     </span>
     <span class='ocr_line' id='line_1_14' title="bbox 64 1665 1033 1740; baseline 0 -13"><span class='ocrx_word' id='word_1_99' title='bbox 64 1674 172 1728; x_wconf 88' lang='lat' dir='ltr'><strong>acutae</strong></span> <span class='ocrx_word' id='word_1_100' title='bbox 186 1667 320 1727; x_wconf 84' lang='lat' dir='ltr'><strong>insertae</strong></span> <span class='ocrx_word' id='word_1_101' title='bbox 334 1665 519 1738; x_wconf 89' lang='lat' dir='ltr'><strong>adfixaeque</strong></span> <span class='ocrx_word' id='word_1_102' title='bbox 534 1665 691 1740; x_wconf 87' lang='lat' dir='ltr'><strong>longuriis,</strong></span> <span class='ocrx_word' id='word_1_103' title='bbox 714 1681 775 1724; x_wconf 94' lang='lat' dir='ltr'><strong>non</strong></span> <span class='ocrx_word' id='word_1_104' title='bbox 791 1665 925 1727; x_wconf 87' lang='lat' dir='ltr'><strong>absimili</strong></span> <span class='ocrx_word' id='word_1_105' title='bbox 939 1670 1033 1729; x_wconf 84' lang='lat' dir='ltr'><strong>sonna</strong></span> 
     </span>
     <span class='ocr_line' id='line_1_15' title="bbox 64 1748 1032 1824; baseline 0.002 -13"><span class='ocrx_word' id='word_1_106' title='bbox 64 1752 221 1811; x_wconf 86' lang='lat' dir='ltr'><strong>muralium</strong></span> <span class='ocrx_word' id='word_1_107' title='bbox 233 1750 363 1811; x_wconf 82' lang='lat' dir='ltr'><strong>falcium.</strong></span> <span class='ocrx_word' id='word_1_108' title='bbox 385 1749 441 1807; x_wconf 93' lang='lat' dir='ltr'><strong>His</strong></span> <span class='ocrx_word' id='word_1_109' title='bbox 453 1764 522 1807; x_wconf 90' lang='lat' dir='ltr'><strong>cum</strong></span> <span class='ocrx_word' id='word_1_110' title='bbox 535 1750 633 1822; x_wconf 78' lang='lat' dir='ltr'><strong>lance,</strong></span> <span class='ocrx_word' id='word_1_111' title='bbox 649 1748 700 1824; x_wconf 91' lang='lat' dir='ltr'><strong>qui</strong></span> <span class='ocrx_word' id='word_1_112' title='bbox 715 1755 874 1810; x_wconf 86' lang='lat' dir='ltr'><strong>antemnas</strong></span> <span class='ocrx_word' id='word_1_113' title='bbox 886 1753 928 1812; x_wconf 90' lang='lat' dir='ltr'><strong>ad</strong></span> <span class='ocrx_word' id='word_1_114' title='bbox 938 1754 1032 1813; x_wconf 87' lang='lat' dir='ltr'><strong>malos</strong></span> 
     </span>
     <span class='ocr_line' id='line_1_16' title="bbox 65 1832 1032 1909; baseline 0.002 -14"><span class='ocrx_word' id='word_1_115' title='bbox 65 1837 266 1909; x_wconf 90' lang='lat' dir='ltr'><strong>destinabant,</strong></span> <span class='ocrx_word' id='word_1_116' title='bbox 283 1832 487 1908; x_wconf 88' lang='lat' dir='ltr'><strong>conprehensi</strong></span> <span class='ocrx_word' id='word_1_117' title='bbox 499 1833 684 1906; x_wconf 88' lang='lat' dir='ltr'><strong>adductique</strong></span> <span class='ocrx_word' id='word_1_118' title='bbox 696 1840 791 1906; x_wconf 90' lang='lat' dir='ltr'><strong>erant,</strong></span> <span class='ocrx_word' id='word_1_119' title='bbox 805 1835 931 1909; x_wconf 88' lang='lat' dir='ltr'><strong>navigio</strong></span> <span class='ocrx_word' id='word_1_120' title='bbox 943 1838 1032 1897; x_wconf 89' lang='lat' dir='ltr'><strong>remis</strong></span> 
     </span>
     <span class='ocr_line' id='line_1_17' title="bbox 64 1917 1032 2017; baseline 0.001 -39"><span class='ocrx_word' id='word_1_121' title='bbox 64 1919 190 1980; x_wconf 85' lang='lat' dir='ltr'><strong>incitatd</strong></span> <span class='ocrx_word' id='word_1_122' title='bbox 209 1918 511 2017; x_wconf 86' lang='lat' dir='ltr'><strong>praerumpebantur.</strong></span> <span class='ocrx_word' id='word_1_123' title='bbox 551 1917 667 1990; x_wconf 82' lang='lat' dir='ltr'><strong>Quibus</strong></span> <span class='ocrx_word' id='word_1_124' title='bbox 695 1918 844 1977; x_wconf 89' lang='lat' dir='ltr'><strong>abscissis</strong></span> <span class='ocrx_word' id='word_1_125' title='bbox 873 1927 1032 1981; x_wconf 81' lang='lat' dir='ltr'><strong>antemnae</strong></span> 
     </span>
     <span class='ocr_line' id='line_1_18' title="bbox 65 2001 1032 2075; baseline 0.003 -14"><span class='ocrx_word' id='word_1_126' title='bbox 65 2004 241 2064; x_wconf 91' lang='lat' dir='ltr'><strong>necessario</strong></span> <span class='ocrx_word' id='word_1_127' title='bbox 258 2002 474 2075; x_wconf 89' lang='lat' dir='ltr'><strong>concidebant,</strong></span> <span class='ocrx_word' id='word_1_128' title='bbox 495 2007 543 2075; x_wconf 90' lang='lat' dir='ltr'><strong>ut,</strong></span> <span class='ocrx_word' id='word_1_129' title='bbox 566 2016 633 2060; x_wconf 90' lang='lat' dir='ltr'><strong>eum</strong></span> <span class='ocrx_word' id='word_1_130' title='bbox 649 2001 747 2060; x_wconf 92' lang='lat' dir='ltr'><strong>omnis</strong></span> <span class='ocrx_word' id='word_1_131' title='bbox 764 2001 888 2061; x_wconf 84' lang='lat' dir='ltr'><strong>Gallicis</strong></span> <span class='ocrx_word' id='word_1_132' title='bbox 903 2005 1032 2064; x_wconf 89' lang='lat' dir='ltr'><strong>navibus</strong></span> 
     </span>
     <span class='ocr_line' id='line_1_19' title="bbox 65 2047 1032 2181; baseline 0.004 -36"><span class='ocrx_word' id='word_1_133' title='bbox 65 2104 139 2161; x_wconf 89' lang='lat' dir='ltr'><strong>spes</strong></span> <span class='ocrx_word' id='word_1_134' title='bbox 152 2106 181 2146; x_wconf 84' lang='lat' dir='ltr'><strong>tn</strong></span> <span class='ocrx_word' id='word_1_135' title='bbox 189 2089 265 2148; x_wconf 81' lang='lat' dir='ltr'><strong>velis</strong></span> <span class='ocrx_word' id='word_1_136' title='bbox 279 2047 731 2181; x_wconf 58' lang='lat' dir='ltr'><strong>armamentisqueconsisteret,</strong></span> <span class='ocrx_word' id='word_1_137' title='bbox 745 2084 792 2144; x_wconf 93' lang='lat' dir='ltr'><strong>his</strong></span> <span class='ocrx_word' id='word_1_138' title='bbox 806 2087 922 2161; x_wconf 87' lang='lat' dir='ltr'><strong>creptis</strong></span> <span class='ocrx_word' id='word_1_139' title='bbox 935 2090 1032 2149; x_wconf 84' lang='lat' dir='ltr'><strong>omnis</strong></span> 
     </span>
     <span class='ocr_line' id='line_1_20' title="bbox 64 2168 1030 2244; baseline 0.001 -14"><span class='ocrx_word' id='word_1_140' title='bbox 64 2187 140 2230; x_wconf 89' lang='lat' dir='ltr'><strong>usas</strong></span> <span class='ocrx_word' id='word_1_141' title='bbox 153 2173 274 2232; x_wconf 91' lang='lat' dir='ltr'><strong>navium</strong></span> <span class='ocrx_word' id='word_1_142' title='bbox 289 2188 351 2231; x_wconf 93' lang='lat' dir='ltr'><strong>uno</strong></span> <span class='ocrx_word' id='word_1_143' title='bbox 362 2176 500 2244; x_wconf 88' lang='lat' dir='ltr'><strong>ctmpore</strong></span> <span class='ocrx_word' id='word_1_144' title='bbox 511 2168 688 2243; x_wconf 88' lang='lat' dir='ltr'><strong>eriperetur.</strong></span> <span class='ocrx_word' id='word_1_145' title='bbox 710 2168 873 2243; x_wconf 89' lang='lat' dir='ltr'><strong>Reliquum</strong></span> <span class='ocrx_word' id='word_1_146' title='bbox 887 2179 955 2233; x_wconf 89' lang='lat' dir='ltr'><strong>erat</strong></span> <span class='ocrx_word' id='word_1_147' title='bbox 968 2188 1030 2232; x_wconf 91' lang='lat' dir='ltr'><strong>ccr-</strong></span> 
     </span>
     <span class='ocr_line' id='line_1_21' title="bbox 64 2252 1029 2331; baseline 0.004 -19"><span class='ocrx_word' id='word_1_148' title='bbox 64 2262 163 2313; x_wconf 88' lang='lat' dir='ltr'><strong>tamen</strong></span> <span class='ocrx_word' id='word_1_149' title='bbox 178 2256 311 2329; x_wconf 88' lang='lat' dir='ltr'><strong>positum</strong></span> <span class='ocrx_word' id='word_1_150' title='bbox 322 2255 352 2311; x_wconf 93' lang='lat' dir='ltr'><strong>in</strong></span> <span class='ocrx_word' id='word_1_151' title='bbox 363 2255 482 2326; x_wconf 87' lang='lat' dir='ltr'><strong>virtute,</strong></span> <span class='ocrx_word' id='word_1_152' title='bbox 498 2268 559 2326; x_wconf 87' lang='lat' dir='ltr'><strong>qua</strong></span> <span class='ocrx_word' id='word_1_153' title='bbox 570 2252 665 2312; x_wconf 87' lang='lat' dir='ltr'><strong>nostri</strong></span> <span class='ocrx_word' id='word_1_154' title='bbox 680 2252 753 2312; x_wconf 90' lang='lat' dir='ltr'><strong>milit</strong></span> <span class='ocrx_word' id='word_1_155' title='bbox 741 2259 787 2312; x_wconf 88' lang='lat' dir='ltr'><strong>tes</strong></span> <span class='ocrx_word' id='word_1_156' title='bbox 801 2252 890 2312; x_wconf 80' lang='lat' dir='ltr'><strong>facile</strong></span> <span class='ocrx_word' id='word_1_157' title='bbox 905 2272 1029 2331; x_wconf 84' lang='lat' dir='ltr'><strong>supera·</strong></span> 
     </span>
     <span class='ocr_line' id='line_1_22' title="bbox 65 2332 1032 2415; baseline 0.003 -19"><span class='ocrx_word' id='word_1_158' title='bbox 65 2338 145 2410; x_wconf 85' lang='lat' dir='ltr'><strong>bant,</strong></span> <span class='ocrx_word' id='word_1_159' title='bbox 161 2346 253 2412; x_wconf 89' lang='lat' dir='ltr'><strong>atque</strong></span> <span class='ocrx_word' id='word_1_160' title='bbox 268 2351 305 2396; x_wconf 94' lang='lat' dir='ltr'><strong>eo</strong></span> <span class='ocrx_word' id='word_1_161' title='bbox 322 2337 433 2409; x_wconf 89' lang='lat' dir='ltr'><strong>magis,</strong></span> <span class='ocrx_word' id='word_1_162' title='bbox 456 2332 539 2409; x_wconf 88' lang='lat' dir='ltr'><strong>quod</strong></span> <span class='ocrx_word' id='word_1_163' title='bbox 553 2336 582 2393; x_wconf 95' lang='lat' dir='ltr'><strong>in</strong></span> <span class='ocrx_word' id='word_1_164' title='bbox 600 2343 769 2410; x_wconf 90' lang='lat' dir='ltr'><strong>conspectu</strong></span> <span class='ocrx_word' id='word_1_165' title='bbox 784 2335 926 2399; x_wconf 84' lang='lat' dir='ltr'><strong>Caesaris</strong></span> <span class='ocrx_word' id='word_1_166' title='bbox 941 2348 1032 2415; x_wconf 87' lang='lat' dir='ltr'><strong>atque</strong></span> 
     </span>
     <span class='ocr_line' id='line_1_23' title="bbox 64 2418 1031 2494; baseline 0.002 -13"><span class='ocrx_word' id='word_1_167' title='bbox 64 2423 162 2481; x_wconf 91' lang='lat' dir='ltr'><strong>omnis</strong></span> <span class='ocrx_word' id='word_1_168' title='bbox 184 2421 336 2479; x_wconf 87' lang='lat' dir='ltr'><strong>exercitus</strong></span> <span class='ocrx_word' id='word_1_169' title='bbox 358 2432 407 2476; x_wconf 91' lang='lat' dir='ltr'><strong>res</strong></span> <span class='ocrx_word' id='word_1_170' title='bbox 429 2418 604 2493; x_wconf 89' lang='lat' dir='ltr'><strong>gerebatur,</strong></span> <span class='ocrx_word' id='word_1_171' title='bbox 626 2427 660 2478; x_wconf 93' lang='lat' dir='ltr'><strong>ut</strong></span> <span class='ocrx_word' id='word_1_172' title='bbox 681 2421 794 2479; x_wconf 93' lang='lat' dir='ltr'><strong>nullum</strong></span> <span class='ocrx_word' id='word_1_173' title='bbox 810 2422 902 2494; x_wconf 89' lang='lat' dir='ltr'><strong>paulo</strong></span> <span class='ocrx_word' id='word_1_174' title='bbox 926 2424 1031 2485; x_wconf 85' lang='lat' dir='ltr'><strong>lortius</strong></span> 
     </span>
     <span class='ocr_line' id='line_1_24' title="bbox 65 2503 1030 2582; baseline 0.006 -20"><span class='ocrx_word' id='word_1_175' title='bbox 65 2506 176 2563; x_wconf 85' lang='lat' dir='ltr'><strong>lactum</strong></span> <span class='ocrx_word' id='word_1_176' title='bbox 197 2505 290 2562; x_wconf 91' lang='lat' dir='ltr'><strong>latere</strong></span> <span class='ocrx_word' id='word_1_177' title='bbox 312 2507 435 2576; x_wconf 87' lang='lat' dir='ltr'><strong>posset;</strong></span> <span class='ocrx_word' id='word_1_178' title='bbox 459 2503 666 2561; x_wconf 78' lang='lat' dir='ltr'><strong>omnes&#39;enim</strong></span> <span class='ocrx_word' id='word_1_179' title='bbox 683 2505 776 2563; x_wconf 90' lang='lat' dir='ltr'><strong>colles</strong></span> <span class='ocrx_word' id='word_1_180' title='bbox 799 2519 835 2563; x_wconf 90' lang='lat' dir='ltr'><strong>ac</strong></span> <span class='ocrx_word' id='word_1_181' title='bbox 850 2505 920 2566; x_wconf 90' lang='lat' dir='ltr'><strong>loca</strong></span> <span class='ocrx_word' id='word_1_182' title='bbox 941 2522 1030 2582; x_wconf 75' lang='lat' dir='ltr'><strong>supe</strong></span> 
     </span>
     <span class='ocr_line' id='line_1_25' title="bbox 65 2585 1032 2663; baseline 0.006 -18"><span class='ocrx_word' id='word_1_183' title='bbox 65 2588 153 2660; x_wconf 90' lang='lat' dir='ltr'><strong>riora,</strong></span> <span class='ocrx_word' id='word_1_184' title='bbox 168 2588 251 2645; x_wconf 89' lang='lat' dir='ltr'><strong>unde</strong></span> <span class='ocrx_word' id='word_1_185' title='bbox 266 2592 331 2644; x_wconf 89' lang='lat' dir='ltr'><strong>erat</strong></span> <span class='ocrx_word' id='word_1_186' title='bbox 345 2585 538 2658; x_wconf 87' lang='lat' dir='ltr'><strong>propinquus</strong></span> <span class='ocrx_word' id='word_1_187' title='bbox 554 2586 722 2660; x_wconf 90' lang='lat' dir='ltr'><strong>despectus</strong></span> <span class='ocrx_word' id='word_1_188' title='bbox 738 2587 768 2645; x_wconf 93' lang='lat' dir='ltr'><strong>in</strong></span> <span class='ocrx_word' id='word_1_189' title='bbox 783 2602 876 2663; x_wconf 89' lang='lat' dir='ltr'><strong>mare,</strong></span> <span class='ocrx_word' id='word_1_190' title='bbox 892 2591 932 2650; x_wconf 87' lang='lat' dir='ltr'><strong>ab</strong></span> <span class='ocrx_word' id='word_1_191' title='bbox 947 2606 1032 2651; x_wconf 87' lang='lat' dir='ltr'><strong>exer-</strong></span> 
     </span>
     <span class='ocr_line' id='line_1_26' title="bbox 65 2671 333 2730; baseline -0.011 0"><span class='ocrx_word' id='word_1_192' title='bbox 65 2672 125 2730; x_wconf 89' lang='lat' dir='ltr'><strong>citu</strong></span> <span class='ocrx_word' id='word_1_193' title='bbox 144 2671 333 2729; x_wconf 91' lang='lat' dir='ltr'><strong>tenebantur.</strong></span> 
     </span>
    </p>

    <p class='ocr_par' dir='ltr' id='par_1_3' title="bbox 63 2751 1037 3837">
     <span class='ocr_line' id='line_1_27' title="bbox 146 2751 1033 2834; baseline 0.008 -20"><span class='ocrx_word' id='word_1_194' title='bbox 146 2755 211 2814; x_wconf 90' lang='lat' dir='ltr'><strong>XV.</strong></span> <span class='ocrx_word' id='word_1_195' title='bbox 239 2753 397 2825; x_wconf 87' lang='lat' dir='ltr'><strong>Disiectis,</strong></span> <span class='ocrx_word' id='word_1_196' title='bbox 420 2757 453 2811; x_wconf 90' lang='lat' dir='ltr'><strong>ut</strong></span> <span class='ocrx_word' id='word_1_197' title='bbox 468 2751 616 2828; x_wconf 85' lang='lat' dir='ltr'><strong>diximus,</strong></span> <span class='ocrx_word' id='word_1_198' title='bbox 641 2754 789 2816; x_wconf 89' lang='lat' dir='ltr'><strong>antemnis</strong></span> <span class='ocrx_word' id='word_1_199' title='bbox 804 2770 873 2814; x_wconf 91' lang='lat' dir='ltr'><strong>cum</strong></span> <span class='ocrx_word' id='word_1_200' title='bbox 894 2758 1033 2834; x_wconf 90' lang='lat' dir='ltr'><strong>singulas</strong></span> 
     </span>
     <span class='ocr_line' id='line_1_28' title="bbox 65 2836 1035 2912; baseline 0.009 -15"><span class='ocrx_word' id='word_1_201' title='bbox 65 2838 153 2898; x_wconf 90' lang='lat' dir='ltr'><strong>binae</strong></span> <span class='ocrx_word' id='word_1_202' title='bbox 169 2853 204 2896; x_wconf 93' lang='lat' dir='ltr'><strong>ac</strong></span> <span class='ocrx_word' id='word_1_203' title='bbox 218 2842 324 2896; x_wconf 88' lang='lat' dir='ltr'><strong>ternae</strong></span> <span class='ocrx_word' id='word_1_204' title='bbox 338 2852 435 2896; x_wconf 93' lang='lat' dir='ltr'><strong>naves</strong></span> <span class='ocrx_word' id='word_1_205' title='bbox 450 2836 722 2912; x_wconf 86' lang='lat' dir='ltr'><strong>circumsteterant,</strong></span> <span class='ocrx_word' id='word_1_206' title='bbox 744 2838 854 2899; x_wconf 89' lang='lat' dir='ltr'><strong>milites</strong></span> <span class='ocrx_word' id='word_1_207' title='bbox 870 2857 992 2904; x_wconf 88' lang='lat' dir='ltr'><strong>summa</strong></span> <span class='ocrx_word' id='word_1_208' title='bbox 1005 2844 1035 2907; x_wconf 89' lang='lat' dir='ltr'><strong>vi</strong></span> 
     </span>
     <span class='ocr_line' id='line_1_29' title="bbox 65 2921 1034 3002; baseline 0.005 -20"><span class='ocrx_word' id='word_1_209' title='bbox 65 2923 281 2982; x_wconf 87' lang='lat' dir='ltr'><strong>transcendere</strong></span> <span class='ocrx_word' id='word_1_210' title='bbox 293 2921 322 2979; x_wconf 93' lang='lat' dir='ltr'><strong>in</strong></span> <span class='ocrx_word' id='word_1_211' title='bbox 338 2921 470 2980; x_wconf 91' lang='lat' dir='ltr'><strong>hostium</strong></span> <span class='ocrx_word' id='word_1_212' title='bbox 485 2937 581 2982; x_wconf 89' lang='lat' dir='ltr'><strong>naves</strong></span> <span class='ocrx_word' id='word_1_213' title='bbox 594 2923 826 2983; x_wconf 89' lang='lat' dir='ltr'><strong>contendebant.</strong></span> <span class='ocrx_word' id='word_1_214' title='bbox 849 2922 939 2998; x_wconf 77' lang='lat' dir='ltr'><strong>Quod</strong></span> <span class='ocrx_word' id='word_1_215' title='bbox 949 2935 1034 3002; x_wconf 90' lang='lat' dir='ltr'><strong>post·</strong></span> 
     </span>
     <span class='ocr_line' id='line_1_30' title="bbox 65 3005 1034 3087; baseline 0.006 -21"><span class='ocrx_word' id='word_1_216' title='bbox 65 3023 156 3081; x_wconf 91' lang='lat' dir='ltr'><strong>quam</strong></span> <span class='ocrx_word' id='word_1_217' title='bbox 176 3005 297 3064; x_wconf 91' lang='lat' dir='ltr'><strong>barbari</strong></span> <span class='ocrx_word' id='word_1_218' title='bbox 311 3005 376 3064; x_wconf 89' lang='lat' dir='ltr'><strong>fieri</strong></span> <span class='ocrx_word' id='word_1_219' title='bbox 391 3006 683 3082; x_wconf 84' lang='lat' dir='ltr'><strong>animadverterunt,</strong></span> <span class='ocrx_word' id='word_1_220' title='bbox 706 3008 890 3082; x_wconf 91' lang='lat' dir='ltr'><strong>expugnatis</strong></span> <span class='ocrx_word' id='word_1_221' title='bbox 906 3014 1034 3087; x_wconf 91' lang='lat' dir='ltr'><strong>conplu-</strong></span> 
     </span>
     <span class='ocr_line' id='line_1_31' title="bbox 63 3089 1034 3165; baseline 0.008 -16"><span class='ocrx_word' id='word_1_222' title='bbox 63 3091 148 3150; x_wconf 91' lang='lat' dir='ltr'><strong>ribus</strong></span> <span class='ocrx_word' id='word_1_223' title='bbox 170 3089 317 3162; x_wconf 82' lang='lat' dir='ltr'><strong>navibus,</strong></span> <span class='ocrx_word' id='word_1_224' title='bbox 338 3104 406 3148; x_wconf 88' lang='lat' dir='ltr'><strong>eum</strong></span> <span class='ocrx_word' id='word_1_225' title='bbox 429 3089 456 3147; x_wconf 92' lang='lat' dir='ltr'><strong>ei</strong></span> <span class='ocrx_word' id='word_1_226' title='bbox 471 3091 516 3148; x_wconf 88' lang='lat' dir='ltr'><strong>rei</strong></span> <span class='ocrx_word' id='word_1_227' title='bbox 537 3093 651 3150; x_wconf 90' lang='lat' dir='ltr'><strong>nullum</strong></span> <span class='ocrx_word' id='word_1_228' title='bbox 672 3092 858 3165; x_wconf 89' lang='lat' dir='ltr'><strong>reperiretur</strong></span> <span class='ocrx_word' id='word_1_229' title='bbox 878 3095 1034 3165; x_wconf 87' lang='lat' dir='ltr'><strong>auxilium,</strong></span> 
     </span>
     <span class='ocr_line' id='line_1_32' title="bbox 64 3174 1034 3249; baseline 0.005 -15"><span class='ocrx_word' id='word_1_230' title='bbox 64 3177 137 3249; x_wconf 88' lang='lat' dir='ltr'><strong>luga</strong></span> <span class='ocrx_word' id='word_1_231' title='bbox 157 3174 285 3232; x_wconf 92' lang='lat' dir='ltr'><strong>salutem</strong></span> <span class='ocrx_word' id='word_1_232' title='bbox 302 3181 406 3247; x_wconf 89' lang='lat' dir='ltr'><strong>petere</strong></span> <span class='ocrx_word' id='word_1_233' title='bbox 428 3174 657 3233; x_wconf 88' lang='lat' dir='ltr'><strong>contenderunt.</strong></span> <span class='ocrx_word' id='word_1_234' title='bbox 685 3177 732 3233; x_wconf 87' lang='lat' dir='ltr'><strong>Ac</strong></span> <span class='ocrx_word' id='word_1_235' title='bbox 753 3177 813 3235; x_wconf 91' lang='lat' dir='ltr'><strong>iam</strong></span> <span class='ocrx_word' id='word_1_236' title='bbox 828 3180 990 3239; x_wconf 89' lang='lat' dir='ltr'><strong>conversis</strong></span> <span class='ocrx_word' id='word_1_237' title='bbox 1005 3180 1034 3239; x_wconf 95' lang='lat' dir='ltr'><strong>in</strong></span> 
     </span>
     <span class='ocr_line' id='line_1_33' title="bbox 65 3258 1034 3334; baseline 0.006 -16"><span class='ocrx_word' id='word_1_238' title='bbox 65 3264 268 3334; x_wconf 84' lang='lat' dir='ltr'><strong>campartem</strong></span> <span class='ocrx_word' id='word_1_239' title='bbox 290 3258 436 3332; x_wconf 86' lang='lat' dir='ltr'><strong>navibus,</strong></span> <span class='ocrx_word' id='word_1_240' title='bbox 458 3275 519 3334; x_wconf 82' lang='lat' dir='ltr'><strong>quo</strong></span> <span class='ocrx_word' id='word_1_241' title='bbox 540 3263 650 3316; x_wconf 91' lang='lat' dir='ltr'><strong>ventus</strong></span> <span class='ocrx_word' id='word_1_242' title='bbox 673 3259 803 3332; x_wconf 85' lang='lat' dir='ltr'><strong>terebat,</strong></span> <span class='ocrx_word' id='word_1_243' title='bbox 825 3266 911 3319; x_wconf 89' lang='lat' dir='ltr'><strong>tanta</strong></span> <span class='ocrx_word' id='word_1_244' title='bbox 932 3263 1034 3325; x_wconf 91' lang='lat' dir='ltr'><strong>subito</strong></span> 
     </span>
     <span class='ocr_line' id='line_1_34' title="bbox 64 3340 1037 3416; baseline 0.006 -14"><span class='ocrx_word' id='word_1_245' title='bbox 64 3345 193 3403; x_wconf 87' lang='lat' dir='ltr'><strong>malacia</strong></span> <span class='ocrx_word' id='word_1_246' title='bbox 213 3357 249 3401; x_wconf 93' lang='lat' dir='ltr'><strong>ac</strong></span> <span class='ocrx_word' id='word_1_247' title='bbox 269 3343 471 3416; x_wconf 86' lang='lat' dir='ltr'><strong>tranquillitas</strong></span> <span class='ocrx_word' id='word_1_248' title='bbox 493 3340 621 3414; x_wconf 88' lang='lat' dir='ltr'><strong>exstitit,</strong></span> <span class='ocrx_word' id='word_1_249' title='bbox 643 3348 676 3400; x_wconf 93' lang='lat' dir='ltr'><strong>ut</strong></span> <span class='ocrx_word' id='word_1_250' title='bbox 697 3357 731 3399; x_wconf 91' lang='lat' dir='ltr'><strong>se</strong></span> <span class='ocrx_word' id='word_1_251' title='bbox 754 3358 792 3401; x_wconf 89' lang='lat' dir='ltr'><strong>ex</strong></span> <span class='ocrx_word' id='word_1_252' title='bbox 808 3344 877 3404; x_wconf 91' lang='lat' dir='ltr'><strong>loco</strong></span> <span class='ocrx_word' id='word_1_253' title='bbox 901 3361 1037 3409; x_wconf 86' lang='lat' dir='ltr'><strong>commo·</strong></span> 
     </span>
     <span class='ocr_line' id='line_1_35' title="bbox 64 3425 1035 3501; baseline 0.005 -15"><span class='ocrx_word' id='word_1_254' title='bbox 64 3444 137 3487; x_wconf 90' lang='lat' dir='ltr'><strong>vere</strong></span> <span class='ocrx_word' id='word_1_255' title='bbox 158 3442 218 3487; x_wconf 94' lang='lat' dir='ltr'><strong>non</strong></span> <span class='ocrx_word' id='word_1_256' title='bbox 240 3433 377 3501; x_wconf 90' lang='lat' dir='ltr'><strong>possent.</strong></span> <span class='ocrx_word' id='word_1_257' title='bbox 408 3427 491 3501; x_wconf 79' lang='lat' dir='ltr'><strong>Quae</strong></span> <span class='ocrx_word' id='word_1_258' title='bbox 513 3425 634 3500; x_wconf 87' lang='lat' dir='ltr'><strong>quidem</strong></span> <span class='ocrx_word' id='word_1_259' title='bbox 655 3440 706 3482; x_wconf 90' lang='lat' dir='ltr'><strong>res</strong></span> <span class='ocrx_word' id='word_1_260' title='bbox 722 3426 761 3484; x_wconf 92' lang='lat' dir='ltr'><strong>ad</strong></span> <span class='ocrx_word' id='word_1_261' title='bbox 784 3429 940 3499; x_wconf 89' lang='lat' dir='ltr'><strong>negotium</strong></span> <span class='ocrx_word' id='word_1_262' title='bbox 963 3447 1035 3491; x_wconf 92' lang='lat' dir='ltr'><strong>con·</strong></span> 
     </span>
     <span class='ocr_line' id='line_1_36' title="bbox 64 3511 1035 3585; baseline 0.007 -15"><span class='ocrx_word' id='word_1_263' title='bbox 64 3511 228 3572; x_wconf 87' lang='lat' dir='ltr'><strong>ficiendum</strong></span> <span class='ocrx_word' id='word_1_264' title='bbox 248 3511 378 3571; x_wconf 90' lang='lat' dir='ltr'><strong>maxime</strong></span> <span class='ocrx_word' id='word_1_265' title='bbox 400 3512 456 3571; x_wconf 88' lang='lat' dir='ltr'><strong>luit</strong></span> <span class='ocrx_word' id='word_1_266' title='bbox 475 3515 664 3585; x_wconf 85' lang='lat' dir='ltr'><strong>opportuna:</strong></span> <span class='ocrx_word' id='word_1_267' title='bbox 688 3524 757 3566; x_wconf 89' lang='lat' dir='ltr'><strong>nam</strong></span> <span class='ocrx_word' id='word_1_268' title='bbox 779 3511 917 3584; x_wconf 87' lang='lat' dir='ltr'><strong>singulas</strong></span> <span class='ocrx_word' id='word_1_269' title='bbox 939 3514 1035 3577; x_wconf 86' lang='lat' dir='ltr'><strong>nostrl</strong></span> 
     </span>
     <span class='ocr_line' id='line_1_37' title="bbox 65 3596 1034 3671; baseline 0.005 -17"><span class='ocrx_word' id='word_1_270' title='bbox 65 3596 232 3656; x_wconf 88' lang='lat' dir='ltr'><strong>consectati</strong></span> <span class='ocrx_word' id='word_1_271' title='bbox 260 3601 527 3671; x_wconf 87' lang='lat' dir='ltr'><strong>expugnaverunt,</strong></span> <span class='ocrx_word' id='word_1_272' title='bbox 554 3599 588 3653; x_wconf 87' lang='lat' dir='ltr'><strong>ut</strong></span> <span class='ocrx_word' id='word_1_273' title='bbox 613 3606 788 3666; x_wconf 86' lang='lat' dir='ltr'><strong>perpaucae</strong></span> <span class='ocrx_word' id='word_1_274' title='bbox 810 3610 848 3653; x_wconf 89' lang='lat' dir='ltr'><strong>ex</strong></span> <span class='ocrx_word' id='word_1_275' title='bbox 877 3599 959 3658; x_wconf 90' lang='lat' dir='ltr'><strong>omni</strong></span> <span class='ocrx_word' id='word_1_276' title='bbox 981 3616 1034 3659; x_wconf 89' lang='lat' dir='ltr'><strong>nu·</strong></span> 
     </span>
     <span class='ocr_line' id='line_1_38' title="bbox 64 3678 1036 3752; baseline 0.005 -14"><span class='ocrx_word' id='word_1_277' title='bbox 64 3694 147 3738; x_wconf 91' lang='lat' dir='ltr'><strong>mero</strong></span> <span class='ocrx_word' id='word_1_278' title='bbox 171 3679 268 3738; x_wconf 90' lang='lat' dir='ltr'><strong>noctis</strong></span> <span class='ocrx_word' id='word_1_279' title='bbox 289 3681 462 3741; x_wconf 88' lang='lat' dir='ltr'><strong>interventu</strong></span> <span class='ocrx_word' id='word_1_280' title='bbox 481 3679 520 3738; x_wconf 91' lang='lat' dir='ltr'><strong>ad</strong></span> <span class='ocrx_word' id='word_1_281' title='bbox 541 3684 650 3736; x_wconf 89' lang='lat' dir='ltr'><strong>terram</strong></span> <span class='ocrx_word' id='word_1_282' title='bbox 672 3678 883 3752; x_wconf 89' lang='lat' dir='ltr'><strong>pervenerint,</strong></span> <span class='ocrx_word' id='word_1_283' title='bbox 907 3696 976 3739; x_wconf 91' lang='lat' dir='ltr'><strong>cum</strong></span> <span class='ocrx_word' id='word_1_284' title='bbox 998 3683 1036 3743; x_wconf 85' lang='lat' dir='ltr'><strong>ab</strong></span> 
     </span>
     <span class='ocr_line' id='line_1_39' title="bbox 66 3762 980 3837; baseline 0.001 -13"><span class='ocrx_word' id='word_1_285' title='bbox 66 3762 141 3824; x_wconf 84' lang='lat' dir='ltr'><strong>bora</strong></span> <span class='ocrx_word' id='word_1_286' title='bbox 155 3763 218 3820; x_wconf 87' lang='lat' dir='ltr'><strong>iere</strong></span> <span class='ocrx_word' id='word_1_287' title='bbox 235 3770 343 3835; x_wconf 86' lang='lat' dir='ltr'><strong>quarta</strong></span> <span class='ocrx_word' id='word_1_288' title='bbox 358 3778 460 3837; x_wconf 84' lang='lat' dir='ltr'><strong>usque</strong></span> <span class='ocrx_word' id='word_1_289' title='bbox 475 3770 512 3826; x_wconf 89' lang='lat' dir='ltr'><strong>ad</strong></span> <span class='ocrx_word' id='word_1_290' title='bbox 529 3768 603 3825; x_wconf 87' lang='lat' dir='ltr'><strong>solis</strong></span> <span class='ocrx_word' id='word_1_291' title='bbox 619 3773 764 3819; x_wconf 72' lang='lat' dir='ltr'><strong>occasum</strong></span> <span class='ocrx_word' id='word_1_292' title='bbox 780 3772 980 3835; x_wconf 79' lang='lat' dir='ltr'><strong>pugnaretur.</strong></span> 
     </span>
    </p>
   </div>
   <div class='ocr_carea' id='block_1_3' title="bbox 0 0 1141 4176">
    <p class='ocr_par' dir='ltr' id='par_1_4' title="bbox 0 0 1141 4176">
     <span class='ocr_line' id='line_1_40' title="bbox 0 0 1141 4176; baseline 0 0"><span class='ocrx_word' id='word_1_293' title='bbox 0 0 1141 4176; x_wconf 95' lang='lat' dir='ltr'><strong> </strong></span> 
     </span>
    </p>
   </div>
  </div>
 </body>
</html>
