2272 4176
126 445 187 506 232
432 444 483 505 DE
504 443 630 505 BELLO
653 442 769 505 GIVILI

125 618 191 663 sum
207 600 411 662 continentur:
437 598 508 657 inde
527 598 648 672 utrique
668 599 698 657 in
720 604 822 659 castra
835 597 1009 661 discedunt.
1036 598 1093 661 Po

124 696 207 747 staro
222 688 271 745 die
284 684 466 745 munitiones
482 683 632 743 institutas
642 683 755 743 Caesar
767 690 857 758 parat
869 684 1041 760 perficere;
1054 684 1094 744 illi

124 774 235 833 vadum
250 769 383 831 lluminis
391 768 506 829 Sicoris
520 774 676 843 temptare,
691 768 718 827 si
732 771 862 829 bansire
874 777 1014 844 possent.
1030 769 1093 843 Qua

123 873 156 915 re
177 856 389 916 animadversa
410 854 521 913 Caesar
542 853 709 913 Germanos
730 853 806 913 levis
821 860 994 915 armaturae
1008 854 1092 929 equi-

123 949 247 1016 tumque
262 946 379 1015 partem
393 938 506 999 flumen
521 937 618 997 traicit
633 938 821 1015 crebrasque
841 939 873 999 in
892 938 968 1014 ripIs
991 946 1091 999 custo-

124 1026 190 1087 dias
205 1025 349 1100 disponit.

204 1110 361 1169 LXXXIV.
382 1108 516 1167 Tandem
532 1108 671 1168 omnibus
686 1108 780 1169 rebus
796 1108 935 1184 obsessi,
952 1116 1090 1183 quartum

122 1197 182 1256 iam
196 1195 276 1255 diem
291 1194 356 1254 sine
372 1192 485 1268 pabulo
499 1194 623 1252 retentis
638 1193 794 1268 iumentis,
807 1209 915 1269 aquae,
932 1194 1090 1268 lignorum,

122 1279 262 1341 frumenti
276 1278 393 1353 inepta,
420 1279 616 1352 conloquium
631 1284 738 1353 petunt
752 1285 782 1337 el
795 1278 841 1351 id,
858 1278 885 1337 si
900 1278 968 1337 fieri
982 1278 1090 1352 possit,

80 1358 84 1367 '
123 1372 239 1425 semoto
261 1379 280 1422 a
298 1362 439 1421 militibus
461 1362 539 1422 loco.
573 1363 632 1423 Ubi
653 1362 685 1421 id
705 1378 724 1421 a
745 1362 876 1421 Caesare
896 1370 1039 1437 negatum
1053 1370 1090 1433 et,

122 1452 223 1525 palam
238 1447 264 1507 si
280 1446 413 1521 colloqui
428 1449 556 1522 vellent,
582 1462 765 1507 concessum
782 1453 843 1522 est,
870 1447 959 1507 datur
972 1447 1089 1507 obsidis

121 1536 189 1594 loco
206 1532 326 1593 Caesari
342 1531 421 1590 lilius
435 1532 562 1591 Alranii.
589 1533 718 1591 Venitur
731 1532 762 1590 in
777 1546 847 1591 curn
861 1532 979 1606 locum,
1002 1547 1088 1607 quern

122 1618 233 1678 Caesar
247 1616 367 1690 delegit.
395 1616 546 1676 Audiente
557 1622 688 1693 utroque
702 1617 839 1675 exercitu
852 1616 989 1691 loquitur
1003 1618 1087 1680 Aira-

122 1703 205 1761 nius=
233 1701 299 1761 Non
325 1715 396 1759 csse
421 1707 473 1760 aul
496 1702 573 1776 ipsis
599 1709 651 1761 aut
670 1701 813 1760 militibus
835 1701 1088 1775 succensendum,

122 1787 205 1862 quod
219 1786 310 1845 fidem
332 1801 404 1859 erga
424 1786 637 1860 imperatorem
652 1803 741 1845 suurn
756 1785 809 1845 Cn.
823 1785 1004 1860 Pompeium
1020 1802 1087 1845 eon-

121 1886 245 1932 servare
266 1871 425 1930 voluerint.
455 1869 517 1930 Scd
539 1871 612 1930 satis
628 1870 687 1929 iam
703 1871 815 1930 fecisse
831 1870 934 1930 olficio
951 1870 1087 1945 satisque

120 1955 260 2031 supplicii
273 1956 389 2014 tulisse.
404 1954 574 2030 Perpessos
587 1956 720 2016 omnium
731 1971 833 2015 rerum
845 1955 998 2028 inopiam3
1013 1971 1087 2014 nunc

119 2056 192 2101 vero
207 2055 305 2114 paene
318 2047 350 2098 ut
364 2040 444 2098 seras
459 2040 703 2101 circummunitos
717 2040 872 2114 prohiberi
885 2056 975 2114 aqua,
988 2039 1086 2114 prohi-

119 2126 183 2185 beri
195 2127 343 2198 ingressu,
359 2139 460 2199 neque
475 2139 604 2200 corpore
620 2125 756 2185 dolorem
771 2140 872 2199 neque
887 2125 988 2183 animo
1005 2125 1085 2198 igno·

119 2210 240 2269 miniam
255 2211 334 2268 terre
348 2224 453 2284 posse.
483 2210 590 2285 ltaque
604 2225 639 2269 se
653 2211 750 2269 victos
767 2209 919 2269 confiteri:
944 2224 1034 2268 orare
1047 2215 1086 2267 at·

120 2311 180 2370 quo
195 2294 366 2368 obsecrare,
382 2295 408 2353 si
426 2293 477 2368 qui
491 2296 578 2354 locus
594 2295 822 2354 misericordiae
837 2293 1037 2367 relinquatur,
1051 2306 1087 2350 ne

120 2379 158 2437 ad
172 2378 308 2438 ultimum
330 2380 512 2453 supplicium
529 2379 672 2454 progredi
688 2394 818 2438 necesse
832 2378 974 2437 habeant.
1007 2378 1087 2437 Haec

121 2479 211 2538 quam
227 2470 328 2536 potest
343 2464 563 2523 demississime
578 2471 608 2523 et
623 2464 846 2524 subiectissime
862 2463 999 2536 exponit.

201 2547 344 2607 LXXXV.
359 2549 408 2607 Ad
424 2565 461 2608 ea
477 2549 589 2609 Caesar
603 2549 776 2623 respondit:
791 2548 869 2607 Nulli
885 2547 1020 2607 omnium
1034 2545 1086 2604 has

119 2632 212 2708 partis
227 2634 276 2691 vel
289 2633 496 2707 querimoniae
507 2636 553 2692 vel
568 2633 770 2694 miserationis
782 2634 882 2692 minus
895 2631 1086 2691 convenisse.

117 2717 264 2792 Reliquos
280 2718 358 2776 enim
373 2720 470 2778 omnis
488 2718 620 2777 officium
635 2734 723 2778 suum
739 2717 943 2793 praestitisse:
970 2732 1023 2791 se,
1039 2715 1087 2790 qui

120 2802 208 2861 etiam
231 2802 310 2861 bona
330 2804 511 2863 condicione
532 2810 561 2861 et
580 2805 649 2864 loco
672 2810 701 2863 et
715 2809 853 2877 tempore
868 2817 969 2878 aequo
985 2799 1087 2861 conili-

118 2901 189 2960 gere
198 2888 334 2960 noluerit,
350 2895 479 2962 utquam
490 2887 840 2962 integerrimaessentnd
851 2900 960 2961 pacem
973 2886 1088 2953 omnim

119 2973 282 3030 exercitum
300 2989 404 3045 suum,
421 2973 472 3046 qui
488 2973 596 3031 iniuria
612 2974 700 3031 etiam
715 2979 843 3047 accepta
857 2973 985 3046 suisque
1001 2971 1087 3029 inter-

118 3056 212 3129 sectis
230 3073 308 3130 quos
321 3056 349 3114 in
362 3073 419 3115 sua
431 3063 582 3131 potestate
594 3057 733 3116 habuerit
758 3057 947 3116 conservarit
962 3063 992 3115 et
1005 3061 1088 3114 texe-

117 3139 170 3208 rit;
196 3141 275 3200 illius
292 3141 423 3215 denique
439 3142 589 3201 exercitus
605 3142 729 3215 militm,
748 3142 800 3216 qui
814 3157 869 3215 per
885 3155 919 3199 se
935 3141 974 3198 de
990 3137 1087 3199 conci·

117 3222 218 3283 lianda
233 3240 309 3299 pace
326 3227 458 3299 egerium
475 3244 535 3302 qua
549 3227 578 3285 in
594 3243 627 3285 re
640 3228 774 3285 omnium
789 3241 913 3285 suorum
925 3224 1007 3284 vitae
1020 3239 1089 3283 con-

118 3310 278 3369 sulendum
294 3311 436 3383 putarint.
466 3311 516 3372 Sic
539 3312 671 3371 omnium
687 3312 826 3371 ordinum
843 3309 938 3384 partis
955 3310 984 3367 in
1001 3309 1089 3369 mise·

120 3393 249 3453 ricordia
267 3395 457 3454 constitisse:
473 3398 560 3471 ipsos
573 3398 668 3455 duces
681 3412 699 3454 a
711 3412 787 3470 pace
803 3395 1020 3462 abliorruisse3
1036 3407 1090 3453 eos

119 3492 217 3552 neque
235 3480 366 3554 colloqui
382 3497 483 3555 neque
501 3481 683 3540 indutiarum
701 3481 766 3539 iura
785 3494 929 3538 servasse
948 3485 978 3537 ct
995 3476 1090 3538 bomi-

119 3576 173 3621 nes
195 3563 351 3637 imperitos
373 3572 402 3624 et
422 3582 477 3640 per
499 3566 684 3640 colloquium
709 3566 856 3638 deceptos
880 3563 1092 3622 crudelissime

118 3644 317 3707 interfecisse.
349 3650 510 3709 Accidisse
524 3650 614 3723 igilur
630 3650 686 3722 bie,
703 3649 784 3721 quod
800 3651 981 3722 plerumque
996 3647 1091 3707 homi-

120 3744 190 3788 num
212 3730 303 3790 nimia
323 3734 490 3808 pertinacia
511 3742 602 3809 atque
623 3733 798 3807 arrogantia
818 3733 959 3793 accidere
983 3734 1090 3799 soleat
