2272 4176
152 576 420 676 aulana
463 573 936 674 fllsllNlENsa
984 706 987 713 ἢ

453 783 633 794 ——n—

369 895 729 956 ARGUMENTUM.

86 1017 147 1071 belli
163 1015 337 1081 Hispaniensis
354 1016 433 1066 initia.
470 1017 496 1068 2.
516 1015 609 1068 Caesar
625 1017 658 1068 ad
678 1016 818 1068 Cordubam
838 1017 1036 1084 oppugnandum

117 1086 257 1147 contendit,
286 1081 311 1135 3.
331 1085 429 1135 interim
447 1085 517 1136 Uliae
534 1101 549 1136 a
567 1086 687 1152 Pompeio
707 1089 827 1138 obsessae
845 1087 938 1138 auxilia
955 1089 1038 1137 inmit-

119 1158 157 1217 tit,
176 1152 203 1206 4.
223 1153 364 1204 Cordubam
384 1157 554 1221 oppugnando
572 1156 720 1221 Pompeium
738 1156 809 1207 Uliae
827 1159 982 1207 obsidionem
1001 1158 1038 1206 di-
1083 1170 1086 1176 ·

116 1227 216 1275 mittere
238 1225 313 1289 cogit
351 1222 375 1273 5.
398 1225 518 1291 Pompeio
538 1224 679 1276 Cordubam
702 1228 832 1292 suppetias
856 1237 929 1276 eunte
947 1226 1038 1277 Caesar

117 1298 244 1360 Ateguam
264 1300 393 1359 oppugnat
412 1297 575 1358 sequiturque
599 1311 657 1345 eum
678 1294 822 1361 Pompeius.
858 1292 883 1347 7.
903 1295 954 1346 Sua
971 1305 1037 1345 uter·

111 1378 168 1427 qne
186 1371 269 1413 castra
287 1364 366 1412 munit
384 1363 409 1413 in
426 1362 489 1414 locis
506 1365 646 1414 montuosis
666 1372 690 1414 et
708 1365 742 1415 ad
759 1366 957 1429 oppugnandum
972 1365 1037 1415 dilli-

117 1432 225 1483 eillimis.
259 1428 285 1483 9.
305 1432 439 1498 Pompeius
458 1433 588 1483 castellnm
607 1434 735 1497 quoddam
750 1432 865 1483 Caesaris
883 1435 985 1484 adortus
999 1451 1037 1484 re·
1131 1442 1135 1459 ¹

117 1502 227 1568 pellitur.
262 1499 304 1553 10.
324 1501 417 1553 Caesar
434 1503 560 1570 Ateguam
579 1495 837 1568 oppugnare'pergit‚
858 1503 898 1554 11.
918 1503 1038 1569 oppidani

119 1579 278 1637 erumpentes
303 1571 464 1637 repelluntur.
502 1570 542 1624 13.
568 1572 672 1638 Pugnae
700 1571 854 1623 exercituum
872 1570 985 1622 Caesaris
1013 1578 1038 1622 et

116 1642 230 1707 Pompei:
277 1636 318 1690 14.
336 1641 428 1692 Proelii
446 1642 568 1705 equestris
585 1642 657 1691 ratio.
694 1641 736 1692 15.
754 1639 1037 1706 Oppidanorumcrude-

117 1712 184 1760 litas.
221 1707 263 1762 16.
282 1707 407 1775 Oppidani
424 1713 514 1760 iterum
539 1719 697 1777 erumpentes
720 1709 883 1774 repelluntur.
920 1707 961 1762 17.
980 1711 1035 1764 Tib.
1077 1714 1079 1719 '

118 1780 215 1829 Tullius
234 1775 291 1828 cu‘m
309 1778 416 1831 Caesare
439 1780 471 1830 de
492 1780 620 1830 deditione
638 1782 699 1847 agit.
736 1776 778 1830 18.
797 1778 889 1845 Oppidi
907 1794 1036 1846 oppugna-

118 1851 152 1899 tio
173 1849 324 1899 continuata.
364 1846 405 1902 10.
425 1847 551 1915 Oppidum
574 1847 675 1900 Caesari
698 1849 804 1902 deditur.
840 1848 883 1900 20.
901 1849 1036 1915 Pompeius
1088 1879 1091 1887 ·

118 1920 152 1969 ad
176 1917 281 1970 Ucubim
303 1928 391 1969 versus
415 1927 497 1968 castra
521 1927 612 1970 movet.
649 1918 691 1970 21.
717 1917 929 1970 Ursavonensium
954 1928 1034 1985 gesta.

117 1986 161 2039 23.
181 1987 296 2038 Caesada
315 1995 339 2038 et
356 1989 459 2054 Pompei
488 1996 571 2051 *eastra
588 1990 676 2039 castris
695 1988 856 2039 conferuntur
873 2003 953 2054 prope
971 1987 1034 2039 Ucu-

114 2059 167 2107 bim
186 2066 211 2107 et
228 2071 306 2123 parva
330 2058 414 2122 aliqua
432 2058 466 2107 ibi
491 2057 554 2108 flunt
570 2059 673 2124 proelia.
710 2056 752 2108 25.
773 2058 905 2124 Turpionis
924 2064 948 2108 et
965 2057 1035 2124 Nigri

117 2126 284 2192 μονομαχία.
320 2125 363 2179 26.
388 2127 460 2176 Multi
487 2129 518 2177 ab
544 2127 660 2178 hostibus
687 2128 720 2177 ad
739 2125 871 2178 Caesarem
896 2135 1034 2177 transeant.

118 2198 222 2262 Pompei
252 2199 350 2248 litterae
373 2198 533 2262 interceptae.
574 2194 616 2250 27.
644 2196 730 2247 Castra
752 2199 877 2261 utrimque
899 2198 925 2247 in
946 2212 1035 2262 campo

117 2267 252 2317 Mundeusi
269 2269 465 2326 constituuntur,
493 2265 536 2317 28.
557 2267 680 2332 proelium
697 2267 732 2316 ibi
750 2269 887 2317 maximum
905 2267 1035 2316 committi·

115 2345 166 2395 tur,
184 2333 227 2388 31.
246 2337 271 2385 in
289 2352 338 2400 quo
356 2336 458 2400 Pompei
486 2337 574 2401 copiae
592 2338 687 2402 ingenti
706 2352 762 2386 eum
780 2336 850 2387 clade
868 2337 1035 2401 penitussunt

118 2405 200 2456 lusae.
234 2402 277 2456 32.
297 2405 389 2456 Caesar
408 2405 509 2470 lagatos
529 2406 554 2454 in
575 2407 667 2471 oppido
686 2405 780 2469 Munda
798 2406 895 2455 obsidet
917 2402 960 2456 33.
978 2403 1035 2454 Cor-

118 2476 260 2538 dabamque
278 2484 408 2540 oppugnat
426 2483 450 2524 et
469 2474 586 2539 occupat;
617 2473 660 2526 35.
679 2476 739 2524 item
757 2474 852 2540 Hispali
870 2475 962 2539 potitur
983 2473 1035 2538 pel-

116 2545 225 2608 liturque
251 2559 357 2610 eamque
382 2544 464 2594 denuo
493 2553 606 2608 occupat.
647 2544 799 2594 Mundenses
828 2544 954 2593 deditione
979 2543 1036 2592 licta

114 2615 218 2664 caedem
235 2624 352 2679 parantes
371 2614 543 2665 conciduntur.
561 2609 604 2664 37.
623 2613 720 2663 Carteia
730 2613 830 2662 Caesari
848 2613 954 2672 deditur,
964 2611 1036 2661 Pom-

115 2685 190 2750 peius
216 2684 275 2733 iude
299 2683 419 2749 profugit.
456 2679 498 2732 30.
518 2682 654 2747 Pompeius
673 2683 823 2732 interficitur.
859 2680 902 2731 40.
923 2680 1036 2731 Caesaris

119 2769 197 2804 naves
215 2753 405 2803 incenduntur·
424 2748 466 2803 41.
494 2750 637 2802 Caesariani
656 2752 773 2801 Mundam
792 2757 927 2817 occupant,
945 2750 1024 2802 Ursae

115 2839 173 2873 nem
192 2832 346 2888 oppugnant.
383 2819 496 2871 Caesaris
516 2821 598 2871 contio
618 2819 703 2871 habita
720 2821 825 2887 Hispali.

67 2946 87 3007 l.
109 2923 269 3005 Pharnace
286 2948 431 3015 superato
446 2938 485 2977 **
499 2939 605 2999 Africa
615 2945 747 3015 recepta,
765 2938 815 3013 qui
831 2953 870 2998 ex
883 2937 930 2998 his
946 2953 1036 3012 proe-

66 3026 427 3090 listeumaoulesecntes
444 3024 495 3084 Cn.
510 3023 655 3099 Pompeio
672 3023 895 3097 profugissent,
924 3037 992 3082 eum
1007 3030 1038 3082 et

64 3110 218 3174 ulterioris
233 3110 399 3184 Hispaniae
413 3108 526 3184 potitus
542 3114 634 3182 esset,
650 3109 721 3167 dum
735 3106 846 3166 Caesar
860 3107 1036 3168 niuneribus

65 3196 177 3259 dandis
193 3195 223 3255 in
238 3194 323 3254 ltalia
338 3194 503 3268 detinetur,
524 3191 564 3230 **
586 3209 646 3266 quo
662 3190 780 3250 lucilius
796 3190 950 3265 praesidia
964 3207 1034 3252 eon·

64 3291 112 3346 tra
121 3286 315 3355 compararet
321 3278 493 3356 Pompeius,
505 3276 535 3338 iu
549 3276 641 3337 iidem
653 3274 895 3350 uniuscuiusque
908 3274 1035 3337 civitatis

65 3368 235 3443 confugere
259 3364 369 3441 coepit
408 3364 453 3424 lta
480 3362 590 3440 partim
614 3359 758 3439 precibus
771 3360 888 3439 partim
908 3359 939 3422 vi
958 3361 1037 3422 bene

776 3447 842 3511 ‘W‘
