2272 4176
120 536 157 594 ib
233 552 276 590 nu
300 549 472 591 earrmuan
496 546 736 589 conrvnarroun
761 547 790 588 c.
812 538 856 593 31.
880 540 924 593 32.
948 540 990 594 &a

117 699 176 759 lum
192 698 327 765 tendere,
352 697 483 757 miserari
499 712 603 772 parros
624 694 748 762 liberos,
773 698 919 773 rogitare
940 700 1033 757 omnia
1048 716 1091 777 pa·

118 800 194 849 iere,
211 781 348 858 snperbia
363 787 449 858 atque
461 779 570 840 deliciis
582 780 695 838 omissis
705 776 762 838 sibi
774 780 947 858 patriaeque
958 782 1090 843 diliidere

91 875 108 922 4
201 863 392 925 deterrimae
412 861 538 923 crudelis
561 863 674 922 animus
696 862 799 922 eadem
822 861 871 923 illa
893 864 1036 932 movebat,
1055 874 1091 925 ta·

118 951 201 1010 metsi
215 948 358 1025 praesidia
370 946 558 1024 parabantur,
575 946 625 1006 et
619 962 681 1023 ipse
695 944 761 1022 lege
776 944 889 1007 Plautia
906 949 1091 1025 interrogatus

90 1040 181 1093 terat
195 1031 231 1091 ab
250 1031 281 1090 L.
296 1028 395 1090 Paulo.
417 1029 570 1090 Postremo
589 1028 786 1089 dissimulandi
806 1048 911 1091 caussa
928 1030 973 1092 vel
989 1034 1031 1091 sui
1048 1051 1108 1092 ιιι-ι

118 1115 277 1192 purgandi,
308 1113 358 1173 ubi
385 1114 479 1189 iurgio
507 1112 658 1173 lacessitus
684 1111 775 1182 soret,
804 1114 835 1173 in
855 1121 992 1175 senatum
1014 1116 1091 1175 venit.

90 1199 193 1261 dTum
209 1198 246 1257 ll.
268 1195 380 1257 Tullius
403 1194 520 1264 consul,
543 1197 602 1255 sive
617 1197 811 1272 praesentiam
827 1199 892 1257 eius
917 1200 1022 1258 timens
1041 1200 1093 1259 sire

120 1284 162 1341 ira
178 1287 345 1348 conmotus,
362 1281 523 1340 orationem
534 1278 636 1339 habuit
651 1277 829 1339 luculentam
842 1288 933 1358 atque
945 1280 1042 1341 utilem
1057 1282 1093 1341 rei

92 1364 268 1440 7pnblicae,
286 1381 372 1440 quam
390 1371 491 1440 postea
505 1363 643 1439 scriptam
659 1362 755 1423 edidit.
786 1362 838 1423 Set
852 1362 905 1423 ubi
916 1364 965 1424 ille
981 1366 1092 1433 adsedit,

120 1447 252 1514 Catilina,
275 1454 308 1505 ut
329 1452 391 1507 erat
413 1454 532 1523 paratus
554 1446 590 1504 ad
612 1443 817 1506 dissimulanda
842 1448 956 1515 omnia,
976 1449 1117 1509 demissos

118 1531 196 1589 ιιιιιιι
214 1548 285 1588 voce
307 1528 430 1606 subplici
444 1528 591 1606 postulare
606 1547 622 1587 a
638 1528 769 1605 patribus
784 1531 896 1607 eoepit,
922 1549 960 1591 ue
982 1532 1093 1609 quidde

118 1631 149 1672 so
166 1620 276 1672 temere
292 1612 461 1673 crederent:
476 1630 510 1673 ea
521 1612 629 1673 familia
644 1619 756 1683 ortum,
773 1614 814 1673 ita
829 1630 861 1673 se
876 1613 914 1673 ab
932 1614 1092 1691 adulescen-

115 1699 155 1755 tia
170 1697 257 1754 vitam
272 1696 444 1763 instituisse,
463 1702 496 1755 ut
511 1696 607 1755 omnia
622 1695 720 1756 bona
712 1713 742 1755 m
759 1713 812 1773 spe
830 1695 972 1760 liaberet:
990 1716 1026 1758 ne
1041 1700 1091 1758 exi

118 1785 288 1846 stumarent,
302 1778 366 1847 sibi,
383 1780 506 1856 patricio
517 1779 637 1848 homme
655 1796 737 1839 cums
747 1796 839 1856 ipsius
853 1788 945 1859 atque
954 1798 1090 1841 marorum

118 1862 254 1939 pluruma
271 1861 424 1922 benificia
417 1881 447 1922 m
461 1861 602 1940 populum
617 1862 782 1923 Romanum
798 1871 912 1933 essent,
936 1842 1134 1962 perditores

117 1946 319 2023 publicaopus
335 1963 412 2013 esse,
432 1964 499 2007 cum
515 1964 580 2006 eam
596 1945 777 2006 serraretlll.
794 1944 925 2017 Tullius,
944 1951 1015 2026 inqu
1017 1948 1090 2008 ilinue

90 2029 216 2110 8[civis]
240 2029 321 2089 urbis
343 2029 462 2090 Romae.
508 2029 551 2088 dd
575 2029 632 2089 hoc
646 2029 807 2090 maledicta
819 2030 874 2090 alia
892 2050 960 2092 cum
973 2033 1089 2097 adderet,

90 2124 107 2175 9
119 2113 290 2190 obstrepere
301 2130 411 2181 omnes,
424 2114 538 2172 bostem
552 2118 638 2190 atque
651 2113 808 2189 paricidam
824 2131 941 2176 vocare.
965 2116 1040 2176 'l'um
1053 2113 1091 2175 ille

118 2196 292 2256 luribrmdns
310 2198 456 2274 ‘quoniam
468 2197 584 2273 quidem
600 2195 823 2257 circumventus
835 2198 932 2276 inquit
944 2199 991 2259 ‘ab
1009 2200 1091 2259 iuimi-

118 2282 158 2339 cis
174 2297 315 2357 praeceps
330 2297 415 2355 agor,
433 2279 599 2340 incendium
616 2297 713 2339 meum
729 2278 1030 2359 ruina'restingnam'.
1098 2298 1114 2339 ιι

65 2359 107 2420 32
201 2363 310 2422 lleiude
331 2381 362 2422 se
382 2382 418 2422 ex
440 2365 519 2422 curia
537 2363 655 2422 domum
678 2364 830 2440 proripuit.
872 2364 916 2424 lbi
934 2367 1024 2426 multa
1039 2369 1092 2443 ipse

116 2464 216 2506 secum
232 2445 363 2515 volvens,
388 2448 466 2523 quod
484 2464 578 2523 neque
598 2447 716 2507 insidiae
738 2447 850 2507 consuli
870 2447 936 2481 *Η*
959 2450 1091 2525 procede·

116 2530 187 2590 bant
202 2537 231 2590 et
245 2530 281 2589 ab
297 2531 430 2590 incendio
445 2528 630 2605 intellegebat
644 2529 747 2590 urbem
763 2530 866 2607 vigiliis
881 2534 1033 2603 munitam,
1049 2550 1091 2609 op-

115 2621 229 2674 tumum
249 2614 325 2673 iactu
347 2614 470 2673 credens
493 2615 651 2672 exereitum
674 2631 782 2690 augere
804 2633 838 2674 ac
861 2618 944 2692 prius
957 2635 1043 2693 quam
1058 2617 1091 2675 le·

117 2700 217 2775 gisnes
232 2696 432 2756 scriberentur
447 2703 620 2772 antecapere
632 2714 706 2774 quae
718 2696 793 2757 bello
805 2701 872 2759 usui
885 2699 999 2769 forent,
1017 2708 1115 2760 nocteo

86 2784 287 2858 eiutempesta
304 2799 370 2840 cum
385 2781 486 2857 paucis
501 2781 530 2839 in
544 2779 687 2839 Manliana
703 2786 796 2840 castra
811 2783 964 2858 proiectus
978 2793 1030 2845 est.
1050 2784 1092 2843 Set

118 2863 245 2939 Cethego
277 2871 363 2942 atque
397 2862 534 2931 Lentulo,
570 2865 732 2942 ceterisque
765 2882 893 2941 quorum
924 2874 1092 2944 cognoverat

117 2956 281 3024 promptam
305 2948 469 3015 audaciam,
491 2947 622 3015 mandat,
646 2946 752 3024 quibus
769 2947 859 3007 rebus
879 2952 1007 3027 possint,
1030 2968 1093 3028 opes

118 3031 248 3089 factionis
269 3032 449 3100 consument,
473 3030 590 3089 insidias
606 3030 716 3090 consuli
738 3040 894 3100 maturent,
919 3034 1038 3095 caedem
1056 3038 1093 3094 ιιι-

118 3115 218 3174 cendia
241 3113 353 3191 aliaque
373 3112 441 3174 belli
460 3115 588 3174 facinora
609 3121 727 3190 parent:
749 3131 814 3174 sese
835 3118 1010 3195 propediem
1033 3130 1118 3178 cumn

115 3215 221 3275 magno
244 3199 375 3257 exercitu
397 3197 433 3257 ad
453 3196 558 3258 urbem
580 3197 776 3258 adcessurum.

64 3284 104 3348 33
200 3282 274 3341 Dum
288 3281 361 3341 haec
374 3281 484 3342 Romae
499 3289 655 3357 geruntur,
672 3281 705 3340 G.
717 3281 840 3342 Manlius
857 3302 893 3343 ex
905 3302 960 3344 sno
976 3302 1093 3345 numero

115 3365 224 3440 legatos
246 3365 280 3424 ad
306 3365 446 3425 llarcium
465 3364 575 3442 llogem
600 3366 686 3425 mittit
711 3383 779 3425 eum
803 3366 949 3427 mandatis
978 3368 1092 3430 huiusce

89 3449 207 3510 amodi:
225 3448 310 3508 ‘lleos
326 3449 517 3526 hominesque
536 3455 690 3517 testamur,
706 3450 870 3526 inperator,
886 3469 1032 3513 nosarma
1046 3470 1091 3513 ue·

116 3551 172 3608 qno
196 3539 297 3592 contra
317 3534 440 3609 patriam
457 3534 583 3608 cepisse,
607 3549 702 3610 neque
722 3550 780 3609 quo
796 3534 962 3610 periculum
980 3537 1040 3596 aliis
1054 3536 1089 3595 la·
1098 3550 1116 3589 a

116 3633 263 3683 erremus,
285 3623 330 3676 set
345 3616 385 3674 uti
400 3632 525 3692 corpora
539 3621 638 3674 nostra
657 3615 719 3675 ab
709 3618 815 3676 iniuria
832 3624 893 3676 tuta
915 3617 1020 3689 forent,
1036 3620 1088 3698 qni,

114 3697 213 3756 miseri
228 3709 361 3774 egentes,
379 3696 512 3759 violentia
529 3708 616 3777 atquc
635 3698 805 3760 crudelitate
821 3700 1021 3765 feneratorum
1035 3702 1087 3779 ple·

114 3780 197 3854 rique
213 3783 320 3857 patria,
336 3788 381 3841 set
395 3798 497 3842 omnes
508 3783 584 3842 larua
594 3789 681 3859 atque
693 3782 817 3843 fortunis
827 3793 966 3862 expertes
981 3796 1085 3849 sumus:

89 4064 151 4124 Ι
