2272 4176
450 191 565 255 LIBER
585 191 635 252 111.
972 190 1032 259 277

64 343 313 421 contenderem,
338 350 370 407 et
388 345 534 423 maxime,
561 345 645 423 quod
664 344 749 406 rivus
770 344 944 410 difficilibus
958 347 1034 424 ripis

64 431 221 495 subiectus
243 429 352 491 castris
373 429 528 507 Scipionis
549 446 736 507 progressus
751 436 925 493 nostrorum
939 432 1033 508 impe-

64 515 174 576 diebat.
188 513 323 588 Quorum
334 516 467 576 studium
478 517 725 592 alacritatemque
735 516 892 591 pugnandi
903 531 970 577 curn
983 532 1033 578 co-

64 600 226 676 preesset
240 598 352 676 Scipio,
369 601 545 676 suspicatus
560 602 626 661 iore
640 609 673 662 ut
687 606 812 676 postero
828 601 878 661 die
892 606 944 660 aut
958 602 1033 661 invi-

64 690 108 746 tus
123 684 275 744 dimicare
290 690 450 760 cogeretur
465 692 516 746 aut
530 701 641 760 magna
655 701 723 746 cum
738 685 860 744 infautia
875 685 983 746 castris
999 701 1034 746 se

64 769 246 844 contineret,
264 770 315 845 qui
329 785 440 844 magna
454 786 522 830 cum
533 771 744 844 expectatione
756 769 907 844 venisset,
921 777 1035 830 temere

64 869 251 930 progressus
264 859 385 930 turpem
404 854 509 914 habuit
529 853 642 914 exitum
662 860 692 915 et
706 862 797 915 noctu
811 869 850 913 ne
865 856 1034 915 conclama-

64 939 98 999 lis
114 938 244 1015 quidem
257 939 342 1000 vasis
357 937 470 999 flumen
491 939 600 999 transit
614 945 707 1014 atque
720 939 750 998 in
766 937 894 998 eandem
908 945 1034 1014 partem,

64 1037 181 1100 exque
201 1029 343 1099 venerat,
369 1024 447 1084 redit
467 1023 571 1099 ibique
591 1039 689 1099 prope
704 1021 816 1083 flumen
832 1022 913 1083 edito
927 1028 1035 1084 natura

64 1107 129 1169 loco
153 1114 259 1168 castra
278 1108 390 1184 posuit.
418 1107 528 1168 Paucis
544 1107 652 1169 diebus
674 1107 862 1183 interpositis
884 1115 976 1169 noctu
990 1108 1034 1168 in·

64 1191 158 1253 sidias
180 1192 317 1267 equitum
339 1192 513 1267 collocavit,
541 1209 601 1268 quo
616 1192 647 1251 in
661 1193 730 1253 loco
746 1191 956 1268 superioribus
971 1193 1035 1253 iere

64 1275 173 1337 diebus
189 1277 286 1337 nostri
302 1276 440 1352 pabulari
455 1284 654 1347 consuerant;
671 1283 701 1336 ct
712 1292 780 1337 cum
795 1274 947 1337 cotidiana
962 1293 1032 1338 con·

64 1360 227 1421 suetudine
240 1361 393 1436 Q.Varus,
408 1361 581 1438 praefectus
596 1360 731 1437 equitum
745 1361 873 1436 Domitii,
888 1362 1033 1437 venisset,

64 1444 164 1506 subito
180 1444 224 1504 illi
239 1459 277 1504 cx
297 1445 416 1506 insidiis
433 1453 700 1508 consurrexerunt.
730 1444 792 1506 Sed
808 1446 904 1506 nostri
919 1447 1034 1507 sortiter

64 1528 210 1604 impetum
232 1543 337 1590 eorum
357 1531 490 1590 tulerunt
511 1530 711 1605 celeriterque
736 1531 775 1590 ad
800 1546 875 1590 suos
902 1530 1032 1607 quisque

64 1613 190 1674 ordines
211 1613 291 1674 redit
310 1619 403 1691 atque
422 1617 502 1675 ultro
516 1613 651 1677 universi
666 1615 696 1674 in
710 1613 815 1674 hostes
831 1615 976 1689 impetum
990 1615 1032 1675 ie-

64 1705 180 1758 cerunt.
208 1696 256 1756 Ex
276 1697 324 1758 his
346 1699 466 1759 circiter
486 1699 640 1774 octoginta
653 1697 836 1773 interiectis,
860 1699 987 1774 reliquis
1002 1698 1030 1759 in

64 1780 166 1857 lugam
183 1781 329 1843 coniectis
345 1784 467 1844 duobus
483 1783 603 1844 arnissis
618 1783 647 1843 in
664 1788 765 1844 castra
779 1798 814 1842 se
827 1798 1010 1860 receperuna

144 1865 308 1928 XXXVIII.
323 1867 378 1928 His
392 1868 486 1929 rebus
501 1867 596 1942 gestis
608 1868 756 1930 Domitius
771 1882 901 1943 sperans
913 1867 1031 1944 Scipio·

64 1965 131 2009 nem
153 1948 195 2009 ad
216 1965 350 2024 pugnarn
371 1951 438 2011 clici
459 1968 555 2027 posse
576 1953 728 2013 simulavit
741 1967 812 2012 sese
826 1954 974 2027 angustiis
989 1953 1032 2012 rei

64 2034 279 2095 frumentariae
304 2037 468 2096 adductum
493 2043 594 2097 castra
612 2053 737 2099 movere
754 2037 901 2113 vasisque
914 2035 1032 2098 militari

64 2133 149 2179 more
171 2119 367 2181 conclamatis
395 2137 581 2196 progressus
605 2122 687 2182 milia
709 2138 859 2198 passuum
881 2122 939 2183 tria
962 2124 1032 2183 loco

64 2202 178 2264 idoneo
194 2210 224 2263 et
245 2207 362 2265 occulto
380 2222 500 2265 omnem
516 2207 682 2267 exercitum
697 2206 925 2282 equitatumque
940 2208 1031 2268 collo·

64 2287 152 2348 cavit.
184 2285 288 2362 Scipio
313 2289 352 2349 ad
378 2291 569 2366 sequendum
594 2296 718 2366 paratus
739 2292 873 2367 equitum
893 2307 1033 2366 magnam

64 2379 183 2447 partem
209 2372 248 2431 ad
273 2375 493 2448 explorandum
517 2376 574 2436 iter
594 2375 714 2436 Domitii
736 2383 766 2436 et
786 2377 1034 2450 cognoscendum

65 2455 231 2531 praemisit.
261 2455 406 2530 Quicum
428 2465 533 2519 essent
553 2461 710 2536 progressi
725 2459 904 2535 primaeque
917 2467 1033 2521 turmae

64 2538 193 2599 insidias
201 2540 405 2618 intravissent,
421 2558 460 2602 ex
468 2544 587 2605 fremitu
595 2545 844 2621 equoruminlata
856 2545 1033 2620 suspicione

65 2624 103 2685 ed
116 2639 195 2684 suos
212 2640 247 2685 se
260 2627 399 2702 recipere
414 2636 596 2704 coeperunt,
624 2629 737 2706 quique
752 2629 809 2689 hos
825 2630 1034 2704 sequebantur

65 2708 196 2768 celerem
222 2722 327 2770 eorum
350 2720 507 2787 receptum
532 2714 701 2789 conspicati
720 2714 904 2774 restiterunt.
932 2713 1034 2773 Nostri

65 2792 196 2868 cognitis
211 2792 345 2870 insidiis,
374 2811 413 2855 ne
434 2799 547 2859 frustra
566 2799 702 2874 reliquos
718 2803 930 2874 expectarent,
956 2798 1034 2858 duas

66 2878 143 2938 nacti
158 2881 275 2939 turmas
290 2887 477 2955 exceperunt
490 2913 532 2925 -
545 2881 575 2941 in
590 2882 638 2943 his
653 2884 708 2944 luit
721 2882 761 2941 llll.
779 2880 930 2957 Opimius,
945 2897 1033 2958 prae-

65 2960 163 3023 lectus
179 2963 315 3037 equitum
328 2997 384 3040 —,
406 2967 541 3042 reliquos
561 2982 667 3028 omnes
688 2983 790 3027 emmn
805 2974 970 3029 turmarum
984 2972 1034 3031 aut

65 3043 282 3109 interfecerunt
296 3054 346 3109 aut
361 3057 468 3125 captos
485 3052 524 3110 ad
538 3052 699 3112 Domitium
714 3051 915 3112 deduxerunt.

146 3130 281 3192 XXXDl.
302 3133 446 3195 Deductis
463 3150 535 3196 orae
549 3136 714 3196 maritimae
734 3135 896 3211 praesidiis
913 3136 1033 3212 Caesar,

64 3220 208 3292 utsupra
228 3217 467 3279 demonstratum
489 3226 549 3296 est,
574 3225 637 3280 tres
659 3221 800 3281 cohortes
825 3218 904 3280 Orici
929 3220 1034 3297 oppidi

64 3301 167 3362 mendi
184 3316 280 3361 causa
293 3303 414 3377 reliquit
435 3304 595 3379 isdemque
610 3304 779 3364 custodiam
793 3306 916 3367 navium
929 3307 1034 3383 longa·

64 3398 129 3446 rum
143 3386 284 3461 tradidit,
312 3403 388 3462 quas
404 3405 443 3448 ex
457 3389 542 3448 ltalia
554 3389 740 3451 traduxerat.
768 3388 847 3451 Huic
862 3390 964 3455 officio
979 3406 1034 3477 op·

65 3470 203 3547 pidoque
222 3470 342 3531 Manius
364 3473 479 3542 Acilius
500 3475 617 3551 legatus
641 3479 792 3554 praeerat.
816 3473 852 3539 ls
868 3492 1022 3539 asareem
