2272 4176
289 189 333 230 nn
354 187 458 231 annno
482 187 661 231 movnmuo
683 187 710 230 c.
731 178 758 231 4.
781 181 808 233 5.
1002 167 1044 230 39

44 336 157 398 'claros
178 337 257 396 viros
279 332 378 393 solitos
393 336 434 395 ita
455 336 571 396 dicere:
593 353 661 396 cum
675 338 819 397 maiorum
835 337 977 413 imagines
998 347 1043 398 m-

57 424 224 489 tuerentur,
232 416 496 480 vehementissume
508 419 563 480 sibi
574 421 703 480 animum
714 419 751 480 ad
761 421 898 480 virtutem
909 419 1041 481 adcendi.

59 502 178 564 Scilicet
189 518 249 561 non
265 518 364 562 ceram
380 500 460 562 illam
473 520 570 581 neque
584 503 709 579 figuram
731 509 841 564 tantam
855 504 913 565 vim
928 505 958 563 in
979 510 1071 564 sesoo

57 584 181 653 habere,
194 591 239 646 set
252 585 395 645 memoria
405 602 508 646 rerum
518 592 667 662 gestarum
682 605 746 649 eam
756 586 905 648 flammam
919 588 1044 664 egregiis

35 669 127 729 sciris
149 669 180 728 in
200 673 321 747 pectore
346 685 480 730 crescere
502 687 599 748 neque
618 672 702 747 prius
723 669 821 732 sedari
842 688 930 749 quam
952 672 1044 730 virtus

16 753 23 767 '
58 768 166 813 eorum
187 750 296 812 famam
317 755 405 829 atque
427 751 551 827 gloriam
573 752 750 833 adaequarit.
796 754 832 814 ht
854 759 956 815 contra
980 754 1071 832 quis'!

58 840 103 896 est
117 835 250 895 omnium
261 833 307 894 his
317 834 458 905 moribus,
473 838 543 916 quin
554 836 657 896 divitiis
672 844 701 898 et
714 836 887 916 sumptibus,
900 854 960 898 non
974 855 1044 915 pro·

56 918 149 979 bitate
163 935 260 996 neque
276 917 419 978 industria
434 936 502 979 cum
516 919 677 981 maioribus
691 922 751 982 suis
767 922 941 983 contendat?¹
958 923 1045 982 etiam

58 1000 196 1061 homines
209 1002 287 1070 novi,
301 1003 352 1080 qui
362 1007 447 1063 antea
462 1020 516 1081 per
530 1004 668 1064 virtutem
683 1003 759 1066 soliti
770 1011 854 1066 erant
864 1004 1044 1066 nobilitatem
1119 1002 1124 1017 ‘

26 1105 50 1163 m
58 1085 238 1153 antevenire,
248 1083 350 1145 furtim
362 1092 391 1146 et
401 1102 455 1163 per
467 1086 618 1147 latrocinia
628 1089 726 1165 potius
737 1106 826 1167 quam
836 1087 922 1148 bonis
933 1088 1045 1149 artibus

58 1169 97 1229 ad
116 1168 231 1245 inperia
254 1174 283 1228 et
296 1167 426 1230 honores
446 1172 595 1231 nituntur:
618 1170 742 1248 proinde
765 1173 848 1252 quasi
862 1178 1001 1250 praetura
1017 1178 1072 1233 ets

58 1250 230 1313 consulatus
246 1257 332 1330 atque
350 1251 406 1313 alia
420 1254 517 1314 omnia
532 1252 656 1314 huiusce
669 1255 750 1316 modi
762 1272 817 1334 per
835 1273 867 1316 se
889 1257 951 1333 ipsa
967 1255 1045 1317 clara

58 1342 89 1397 et
110 1334 267 1410 magnifica
288 1336 360 1404 sint,
383 1354 419 1396 ac
433 1354 493 1396 non
508 1337 631 1415 perinde
650 1335 815 1400 habeantur
829 1345 862 1399 ut
878 1357 981 1400 eorum
996 1341 1046 1418 qui

59 1437 95 1480 ea
110 1419 257 1478 sustinent
276 1418 368 1479 virtus
390 1426 442 1479 est.
476 1418 587 1481 Verum
601 1437 656 1496 ego
677 1419 799 1482 liberius
813 1421 957 1501 altiusque
976 1426 1074 1500 pro-s

22 1527 48 1568 is
60 1502 151 1570 cessi,
176 1500 246 1562 dum
267 1519 315 1562 me
337 1502 458 1562 civitatis
479 1519 597 1563 morum
616 1504 697 1581 piget
715 1504 885 1583 taedetque:
908 1522 988 1565 nunc
1009 1505 1047 1566 ad
1100 1564 1103 1571 e

58 1589 211 1662 inceptum
229 1585 330 1646 redeo.

148 1666 264 1729 BeMum
282 1670 446 1746 scripturus
468 1686 548 1739 sum,
571 1670 650 1749 quod
670 1669 798 1748 populus
812 1668 962 1731 Romanus
980 1671 1078 1732 cumb

58 1750 215 1828 Iugurtha,
230 1767 303 1828 rege
322 1751 525 1823 Numidarum,
547 1755 650 1830 gessit,
673 1754 802 1831 primum
817 1754 885 1832 quia
906 1770 1047 1830 magnum

61 1842 92 1897 et
113 1840 200 1895 atrox
221 1836 360 1914 variaque
376 1837 497 1897 victoria
518 1835 586 1904 fuit,
610 1835 716 1898 dehinc
738 1838 806 1915 quia
824 1842 896 1897 tunc
918 1839 1074 1915 primumz

22 1928 51 1994 ιξο
60 1917 220 1997 superbiae
234 1917 392 1980 nobilitatis
406 1919 521 1980 obviam
537 1920 610 1981 itum
626 1928 682 1989 est,
697 1938 772 2000 quae
788 1923 940 1981 contentio⁴
951 1920 1048 1983 divina

61 2010 92 2064 et
113 2001 242 2063 humana
257 2008 363 2063 cuncta
382 2004 554 2081 permiscuit
569 2023 663 2085 eoque
678 2004 833 2065 vecordiae
847 2005 999 2082 processit,
1014 2011 1048 2066 ut

60 2085 168 2147 studiis
183 2084 314 2146 civilibus
332 2084 442 2147 bellum
456 2093 543 2167 atque
563 2089 679 2149 vastitas
693 2086 794 2149 ltaliae
814 2088 904 2149 finem
925 2087 1044 2149 laceret.
1095 2154 1098 2161 ,

62 2170 116 2230 Set
129 2170 212 2251 prius
228 2187 316 2248 quam
336 2169 458 2231 huiusce
474 2171 554 2231 modi
574 2173 618 2232 rei
632 2172 746 2232 initium
761 2170 931 2250 expediam,
953 2178 1073 2250 paueat

62 2270 155 2332 supra
168 2259 308 2331 repetam,
322 2271 380 2332 quo
396 2255 432 2314 ad
448 2255 685 2330 cognoscendum
700 2255 797 2316 omnia
811 2252 944 2316 inlustria
954 2256 1047 2332 magis

22 2337 215 2414 asmagisque
236 2337 266 2396 in
285 2343 388 2415 aperto
407 2339 473 2398 sint.
652 2390 654 2394 ,

150 2418 231 2481 Bello
246 2421 357 2482 Punico
371 2421 510 2491 secundo,
528 2441 586 2502 quo
599 2423 658 2483 dux
672 2421 954 2500 Carthaginiensium
970 2421 1076 2482 Han-4

61 2502 146 2566 nibal
161 2509 229 2582 post
245 2505 476 2581 magnitudinem
496 2506 623 2567 nominis
636 2504 760 2567 Romani
774 2506 873 2566 ltaliae
895 2523 965 2584 opes
987 2523 1047 2566 ma·

63 2606 155 2650 xume
173 2587 344 2656 adtriverat,
366 2588 530 2657 Masinissa,
554 2608 608 2651 rex
624 2589 831 2659 Numidarum,
848 2591 878 2649 in
893 2589 1050 2650 amicitiam

63 2677 204 2750 receptus
226 2688 243 2732 a
262 2673 295 2732 P.
319 2672 455 2751 Scipione
474 2675 521 2735 cui
543 2679 645 2751 postea
665 2673 802 2735 hlricano
825 2689 989 2749 cognomen
1013 2690 1050 2733 ex

27 2775 56 2819 ao
65 2757 174 2816 virtute
184 2754 247 2825 tuit,
260 2754 349 2816 multa
367 2762 396 2818 et
413 2756 565 2835 praeclara
579 2758 624 2818 rei
637 2756 768 2818 militaris
783 2757 914 2817 facinora
928 2755 1047 2824 lecerat,

66 2840 105 2900 oh
129 2857 205 2918 quae
226 2840 308 2900 victis
330 2839 617 2917 Carthaginiensibus
632 2847 661 2902 et
679 2847 764 2920 capto
783 2840 898 2910 Sulace,
921 2842 1005 2901 cuius
1019 2841 1050 2899 in

67 2923 166 2983 hirica
187 2939 327 2999 magnum
341 2930 428 3004 atque
445 2924 502 2985 late
523 2925 669 3001 inperium
683 2923 780 2992 valuit,
802 2922 928 3002 populus
942 2922 1050 2984 Roma·

67 3024 125 3067 nus
144 3023 344 3086 quascumque
367 3007 449 3068 urbis
478 3015 506 3068 et
527 3025 614 3084 agros
634 3024 723 3068 manu
745 3014 863 3086 ceperat
885 3008 950 3083 regi
971 3006 1049 3067 dono

71 3091 159 3151 dedit.
196 3090 288 3167 lgitur
309 3093 432 3152 amicitia
447 3092 615 3152 Masinissae
630 3091 708 3151 bona
724 3098 811 3171 atque
825 3090 948 3152 honesta
964 3089 1080 3152 nonus

10 3247 13 3252 ,
32 3191 59 3234 as
69 3175 245 3252 permansit:
267 3175 363 3254 inperi
384 3177 517 3254 vitaeque
532 3177 594 3237 eius
610 3175 676 3235 finis
692 3175 769 3235 idem
782 3174 845 3235 fuit.

155 3257 228 3318 Dein
249 3258 368 3339 Micipsa
391 3258 466 3320 tilius
480 3275 606 3335 regnum
620 3257 700 3318 solus
716 3258 841 3320 obtinuit
854 3257 1050 3321 Mastanabale

70 3347 99 3400 et
116 3339 241 3403 Gulussa
263 3342 403 3404 iratribus
421 3342 527 3412 morbo
547 3335 717 3421 absumptis.
761 3341 789 3403 ls
809 3340 1004 3404 Adherbalem
1023 3351 1052 3405 et

69 3423 266 3503 hiempsalem
287 3445 323 3488 ex
344 3443 408 3489 sese
431 3428 545 3505 genuit,
569 3426 814 3507 Iugurthamque,
837 3426 927 3487 filium
946 3426 1050 3488 Masta-
