2272 4176
115 490 158 552 92
290 508 334 549 nu
356 506 458 549 sunno
484 506 684 550 ivernssmo
709 505 736 547 o.
752 496 861 551 87-88.
885 496 929 551 89.

63 651 106 718 87
202 654 253 716 Set
268 657 370 717 consul
390 655 511 731 expletis
521 654 685 733 legionibus
700 654 932 733 cohortibusque
947 652 1094 714 auxiliariis

113 741 145 801 in
167 757 271 817 agrum
290 741 415 802 fertilem
438 746 467 800 et
487 740 597 817 praeda
616 745 752 799 onustum
771 739 985 816 proficiscitur,
1008 738 1094 799 omnia

112 823 154 884 ibi
174 830 258 901 capta
274 824 412 885 militibus
434 823 536 892 donat,
557 824 625 884 dein
648 821 766 883 castella
785 829 816 883 et
832 822 946 900 oppida
960 830 1095 883 naturast

112 909 183 968 viris
198 926 303 985 parum
326 910 435 968 munita
458 908 638 985 adgreditur,
659 905 771 984 proelia
788 904 893 989 multa,
915 912 1049 968 ceterum
1059 906 1093 967 lo·

87 994 167 1061 avia,
180 991 234 1052 alia
245 992 306 1053 aliis
320 992 393 1053 locis
404 992 510 1052 iacere.
527 991 647 1051 interim
660 992 728 1051 non'
740 991 847 1051 milites
859 992 926 1051 sinc
938 996 1021 1051 metu
1032 1006 1107 1069 pag-a

111 1093 169 1137 nae
189 1076 306 1137 adesse:
333 1077 432 1137 videre
454 1076 590 1152 fugientis
611 1076 675 1152 capi
690 1081 740 1135 aut
761 1074 873 1142 occidi,
902 1074 1093 1135 fortissumum

113 1177 260 1239 quemque
271 1162 472 1221 tutissumum:
486 1162 574 1219 armis
588 1158 763 1226 libertatem,
775 1160 906 1236 patriam
916 1160 1093 1238 parentisque
1135 1159 1136 1228 ᾖ

84 1249 141 1304 3et
163 1243 218 1305 alia
240 1247 336 1305 omnia
351 1246 424 1321 tegi,
445 1243 568 1321 gloriam
583 1250 670 1321 atque
686 1242 797 1303 divitias
811 1244 931 1320 quaeri.
961 1242 1011 1303 Sic
1026 1242 1094 1303 breti

110 1327 1091 1407 spationoviveteresquecoaluereetrirtusomniumaequalisiacta

83 1423 101 1470 4
194 1413 232 1472 nt
252 1430 353 1491 reges,
375 1412 426 1473 uhi
447 1412 484 1473 de
505 1410 631 1471 adventu
644 1410 717 1471 llari
739 1428 927 1489 cognovere,
952 1412 1056 1473 divorsi
1067 1412 1111 1470 ins

109 1494 191 1556 locos
206 1497 329 1556 difficilis
343 1495 461 1557 abeunt.
483 1496 526 1555 lta
536 1495 695 1571 Iugurthae
709 1494 876 1572 placuerat,
889 1497 1091 1573 sperantium

110 1579 220 1640 effusos
234 1581 326 1639 hostis
339 1580 436 1639 invadi
451 1596 552 1656 posse:
575 1578 739 1649 Romanos,
762 1580 850 1640 sicuti
864 1579 1042 1660 plerosque,
1053 1595 1089 1639 re

109 1670 190 1723 moto
217 1669 297 1724 metu
321 1663 415 1724 laxius
438 1662 630 1741 licentiusque
654 1663 780 1723 tuturos.

58 1743 100 1805 88
195 1746 327 1808 Metellus
346 1749 458 1807 interea
473 1746 597 1807 Romam
610 1746 762 1824 proiectus
784 1753 892 1809 contra
916 1765 1004 1827 spem
1022 1764 1086 1809 suan

108 1831 283 1893 laetissumis
303 1833 408 1891 animis
429 1832 586 1907 accipitur,
609 1829 688 1908 plebi
708 1830 926 1910 patribusque,
952 1840 1105 1911 postqumt

108 1916 213 1976 invidia
235 1915 395 1982 ‹leceserat
414 1917 494 1974 iuxta
513 1916 608 1974 carus.

82 2010 98 2053 2
193 1999 243 2058 Set
262 1998 371 2058 ilarius
393 2000 508 2074 inpigre
528 1998 749 2076 prudenterque
772 2016 901 2060 suorum
926 2007 959 2061 et
978 2001 1086 2061 hostium

107 2100 157 2143 res
178 2084 288 2159 pariter
310 2082 482 2150 adtendere,
507 2098 686 2157 cognoscere
708 2083 776 2160 quid
799 2082 874 2143 boni
897 2087 1033 2165 utrisque
1051 2090 1087 2143 aut

111 2173 213 2226 contra
237 2173 322 2235 esset,
346 2165 500 2242 explorare
522 2167 625 2227 itinera
640 2183 760 2243 regum,
785 2167 912 2228 consilia
936 2176 967 2230 et
987 2168 1086 2229 insidias

108 2268 212 2310 eorum
239 2252 423 2318 antevenire,
446 2248 518 2309 nihil
545 2250 622 2327 apud
649 2267 680 2310 se
705 2252 865 2310 remissum
897 2270 1000 2331 neque
1025 2250 1104 2330 apula

80 2333 171 2392 3illos
191 2341 286 2394 tutum
301 2335 370 2409 pati.
403 2334 503 2411 ltaque
522 2339 551 2394 et
568 2333 706 2395 Gaetulos
724 2341 752 2393 et
768 2334 950 2411 Iugurtham
966 2355 1002 2397 ex
1017 2336 1086 2395 soah

5 2466 11 2499 r
106 2420 215 2476 nostris
236 2417 360 2495 praedas
375 2420 488 2495 agentis
507 2435 594 2495 saepe
617 2417 773 2495 adgressus
790 2420 820 2477 in
844 2421 956 2482 itinere
980 2420 1086 2483 luderet

5 2504 12 2547 -“
107 2501 262 2579 ipsumque
276 2518 377 2576 regem
392 2502 464 2561 haut
477 2504 580 2580 procul
597 2502 632 2562 ah
646 2503 752 2578 oppido
768 2501 846 2562 Cirta
861 2506 957 2564 armis
973 2510 1086 2567 exuerat

83 2583 189 2652 tQuae
211 2592 366 2664 postquam
388 2585 513 2663 gloriosa
532 2587 619 2646 modo
635 2604 732 2663 neque
749 2584 820 2646 belli
835 2589 979 2664 patrandi
995 2605 1086 2666 cogno

108 2670 156 2737 vit,
179 2671 279 2728 statuit
301 2668 396 2737 urhis,
424 2688 500 2748 quae
520 2672 588 2730 viris
610 2676 659 2730 aut
677 2670 742 2730 loco
759 2687 816 2747 pro
838 2670 982 2734 hostibus
1004 2681 1033 2735 et
1051 2672 1103 2733 ada

106 2770 225 2812 vorsum
247 2771 278 2812 se
300 2755 555 2830 oportunissumae
580 2761 679 2822 erant,
708 2754 840 2830 singulas
868 2758 1086 2819 circumvenire:

107 2838 145 2896 ita
161 2836 333 2913 Iugurtham
348 2844 397 2897 aut
417 2839 570 2915 praesidiis
591 2838 733 2900 nudatum
762 2839 787 2897 si
808 2856 843 2898 ea
864 2848 1040 2919 pateretur,
1053 2846 1088 2901 aut

82 2919 221 2997 oproelio
244 2928 433 2981 certaturum.
476 2921 549 2981 Nam
570 2921 706 2983 Bocchus
725 2924 845 2983 nuntios
867 2926 908 2986 ad
932 2945 1006 2989 eum
1019 2942 1088 3003 saepe

107 3005 241 3072 miserat,
264 3003 336 3065 velle
351 3005 452 3082 populi
468 3004 592 3066 Romani
607 3008 775 3067 amicitiam:
797 3010 927 3086 nequid
949 3012 989 3072 ab
1005 3031 1035 3074 se
1049 3012 1088 3083 ho·

81 3088 170 3149 ostile
185 3090 308 3150 timeret.
344 3089 377 3149 ld
395 3089 611 3151 simulaveritnc
632 3108 689 3169 quo
704 3091 871 3167 inprovisus
889 3099 1013 3172 gravior
1030 3095 1108 3157 acci-t

104 3174 197 3243 deret,
219 3192 255 3234 an
272 3172 432 3235 mobilitate
447 3175 546 3251 ingeni
559 3193 662 3254 pacem
679 3182 766 3253 atque
784 3174 901 3237 bellurn
917 3189 1037 3243 mutare
1054 3198 1090 3239 so

53 3258 187 3328 totitas,
218 3277 323 3336 parurn
351 3257 535 3336 exploratum
556 3267 608 3319 est.
657 3259 707 3318 Set
727 3259 847 3329 consul,
875 3266 921 3324 uti
951 3271 1090 3327 statuerat

105 3344 213 3424 oppida
234 3342 411 3420 castellaque
427 3344 538 3403 munita
558 3344 654 3413 adire,
676 3346 781 3421 partim
804 3348 847 3415 vi,
874 3348 932 3410 alia
950 3360 1033 3412 metu
1054 3354 1093 3409 aut

80 3430 236 3505 apraemia
253 3427 426 3487 ostentando
442 3435 576 3489 avortere
591 3427 627 3488 ah
642 3428 784 3489 hostibus.
815 3429 858 3490 Ac
874 3436 978 3510 primo
994 3436 1092 3495 rnedio-

104 3514 165 3573 cria
192 3512 331 3589 gerebat,
361 3514 539 3572 existumans
561 3512 731 3588 Iugurtham
761 3513 799 3573 oh
818 3531 891 3575 suos
914 3521 1056 3579 tutandos
1070 3519 1113 3577 tm

79 3606 210 3657 amanus
227 3604 392 3657 venturum.
430 3596 481 3656 Set
495 3595 546 3657 ubi
563 3596 643 3656 illum
666 3596 772 3674 procul
793 3597 903 3661 abesse
923 3613 955 3662 et
975 3605 1038 3664 aliis
1052 3622 1094 3662 ne·
1134 3601 1136 3658 l

106 3683 193 3756 gotiis
215 3683 358 3742 intentum
384 3682 510 3759 accepit,
536 3682 647 3742 maiora
673 3688 702 3741 et
726 3684 821 3757 magis
848 3700 961 3763 aspera
984 3684 1094 3766 adgredi

104 3770 224 3849 tempus
242 3767 338 3830 visum
359 3771 412 3829 est.
