2302 4192
86 485 148 548 ‘222
403 484 454 545 DE
473 482 598 546 BELLO
622 482 737 543 civim

86 641 196 700 miritae
216 638 449 714 longinquiores
468 636 606 701 civitates
628 635 809 697 abdirama
831 636 1015 699 desciscunt
1032 644 1058 698 et

87 723 225 785 Caesaris
241 722 403 784 amicitiam
418 730 598 801 sequuntur.

166 808 239 869 LXI.
264 808 379 882 Quibus
393 810 488 870 rebus
504 804 673 884 perterritis
688 804 798 866 uniaris
812 805 1058 868 adversaricrmn

86 895 212 969 Caesar,
235 909 274 954 ne
290 909 413 969 semper
427 910 538 970 magno
555 891 682 953 circuitu
695 906 752 966 per
766 896 892 966 pontem
906 890 1059 966 equitatus

84 985 169 1040 esset
188 978 368 1053 mittendus⁷
394 985 502 1040 nactus
519 978 663 1039 idoneum
683 977 801 1051 locum,
827 976 933 1035 fossas
949 975 1059 1052 pedum

85 1063 205 1138 triginta
222 1063 252 1122 in
268 1063 457 1123 latitudinem
473 1064 647 1138 complures
663 1063 766 1121 lacere
779 1059 925 1135 instituit,
953 1060 1059 1135 quibus

84 1156 201 1224 partem
215 1148 349 1222 aliquem
362 1147 480 1208 Sicoris
494 1153 644 1208 averteret
654 1146 830 1221 vadumque
842 1144 873 1205 in
885 1161 924 1206 co
938 1142 1059 1205 flumine

85 1232 230 1292 efficeret.
244 1232 299 1292 His
315 1247 415 1307 paene
429 1232 548 1294 effectis
563 1247 706 1306 magnum
722 1230 754 1289 ln
768 1230 907 1291 timorem
915 1229 1059 1291 Afranius

83 1317 282 1392 Petreiusque
296 1317 493 1392 perveniunt,
521 1334 559 1378 ne
581 1316 702 1377 omnino
718 1316 869 1376 frumento
884 1314 1059 1391 pabuloque

85 1402 372 1476 intercluderentur,
400 1403 484 1477 quod
503 1403 629 1462 multum
644 1401 757 1462 Caesar
778 1400 916 1476 equitatu
930 1400 1057 1460 valebat

84 1487 191 1561 ltaque
212 1487 400 1547 constituunt
418 1486 479 1562 ipsi
500 1486 578 1547 locis
599 1485 752 1546 excedere
772 1493 802 1544 et
821 1485 853 1544 in
869 1484 1058 1545 Celtiberiam

84 1571 195 1630 bellum
209 1572 385 1630 transferre.
414 1572 491 1632 HuIc
512 1570 639 1633 consilio
655 1569 891 1645 subfragabatur
906 1569 999 1630 etiam
1012 1568 1057 1629 illa

83 1670 144 1729 res,
161 1655 244 1730 quod
259 1671 299 1714 ex
315 1656 435 1717 duobus
452 1656 612 1716 contrariis
627 1654 793 1731 generibus
805 1670 886 1730 quae
899 1653 1056 1731 superiore

85 1740 165 1799 bello
181 1755 250 1799 eum
258 1738 394 1801 Sertorio
411 1748 559 1801 steterant
573 1740 710 1800 civitates
725 1739 824 1801 victae
839 1754 955 1799 nomen
970 1745 1055 1815 atque

84 1823 242 1898 Imperium
255 1824 523 1900 absentisPompei
544 1825 698 1900 timebant,
711 1824 826 1899 quaein
835 1824 1053 1885 amicitiaman·

84 1909 625 1983 serantmagnisadlectaebeneficiis
639 1925 708 1969 eum
719 1908 903 1982 diligebam
921 1908 1052 1969 Caesaris

85 2000 186 2053 autem
207 2000 272 2053 erat
292 1994 322 2052 in
343 1994 483 2054 barbaris
505 2011 617 2056 nomen
639 1993 811 2054 obscurius.
850 1994 909 2052 Hic
932 2008 1050 2068 magnos

84 2079 236 2152 equitatus
251 2094 424 2154 magnaque
438 2080 551 2139 auxilia
566 2078 768 2155 expectabant
783 2083 812 2136 et
826 2077 893 2137 suis
906 2078 986 2138 locis
998 2076 1050 2137 bel-

83 2165 145 2222 lum
160 2163 189 2221 in
205 2162 336 2221 hiemem
351 2163 465 2224 ducere
477 2164 662 2237 cogitabant.
678 2164 744 2222 Hoc
759 2162 832 2221 inito
849 2163 982 2223 consilio
996 2169 1049 2222 toto

84 2246 209 2308 flumine
229 2246 343 2307 Hibero
366 2264 461 2308 naves
488 2249 669 2323 conquirere
696 2255 725 2306 et
740 2245 927 2320 Octogesam
950 2244 1049 2307 adduci

83 2332 196 2391 ubent.
225 2331 260 2389 ld
281 2338 347 2391 erat
367 2333 512 2406 oppidum
533 2333 667 2408 positum
688 2331 727 2391 ad
747 2330 894 2390 Hiberum
916 2332 1050 2405 miliaque

84 2431 230 2491 passuum
242 2431 261 2473 a
275 2417 383 2476 castris
399 2417 504 2477 aberat
517 2418 631 2493 viginti.
657 2417 707 2475 Ad
722 2430 791 2474 eum
806 2417 910 2474 locum
925 2415 1049 2475 fluminis

83 2501 214 2559 navibus
237 2499 348 2559 iunctis
372 2509 497 2575 pontem
519 2502 668 2576 imperant
681 2500 747 2560 fieri
762 2499 966 2576 legionesque
982 2502 1048 2559 duas

85 2583 198 2644 flumen
214 2582 343 2644 Sicorim
358 2587 535 2660 traducunt,
562 2593 663 2647 castra
685 2584 823 2645 muniunt
841 2586 925 2645 vallo
946 2584 1048 2660 pedum

86 2668 258 2732 duodecim.

164 2753 252 2813 LXII.
287 2755 353 2828 Qua
376 2769 410 2814 re
435 2769 492 2829 per
512 2757 724 2830 exploratores
741 2752 861 2827 cognita
882 2769 1002 2815 summo
1015 2756 1048 2812 le·

87 2840 160 2899 bore
173 2839 298 2899 militum
314 2839 426 2898 Caesar
441 2839 615 2900 continuato
632 2839 712 2897 dlem
726 2846 910 2914 noctemque
923 2838 1049 2914 operatu

88 2923 211 2984 llumine
233 2924 401 2984 avertendo
422 2923 482 2984 huc
503 2925 562 2983 iam
583 2922 748 2983 reduxerat
768 2939 848 2997 rem,
874 2929 909 2983 ut
930 2924 1049 2999 equites

85 3010 142 3068 etsi
164 3008 325 3069 difficulter
346 3016 438 3084 atque
460 3024 551 3084 aegre
571 3009 679 3083 fiebat,
707 3015 835 3082 possent
848 3015 950 3067 tamen
968 3016 1050 3082 atque

86 3094 232 3153 auderent
246 3092 359 3151 flumen
373 3094 518 3168 transire,
544 3094 662 3169 pedites
685 3109 757 3153 vero
778 3094 989 3153 tantummode
1003 3092 1049 3151 bu·

85 3177 175 3236 meris
192 3194 228 3237 ac
242 3193 360 3239 summo
375 3186 499 3252 pectore
515 3183 653 3238 extarent
668 3186 777 3237 etcum
789 3178 947 3238 altitudine
960 3193 1051 3253 aquae

85 3272 147 3322 tum
162 3262 251 3322 etiam
265 3263 427 3337 rapiditate
443 3263 576 3323 fluminIs
592 3264 631 3322 ad
646 3262 868 3322 transeundum
883 3263 1050 3338 inpediren-

85 3355 141 3407 tur.
158 3344 220 3406 Sed
235 3352 335 3405 tamen
349 3348 457 3407 eodem
473 3350 537 3407 lere
551 3355 689 3423 tempore
704 3363 784 3423 pons
795 3346 948 3407 inHibero
961 3362 1051 3423 prope

84 3431 211 3492 effectus
226 3431 420 3492 nuntiabatur
434 3441 464 3493 et
478 3433 507 3491 in
524 3431 623 3493 Sicori
636 3432 749 3492 vadum
763 3431 985 3505 reperiebatur.

164 3517 264 3576 LXIII.
287 3516 350 3576 lam
369 3533 443 3578 vero
466 3534 503 3577 eo
525 3518 621 3592 magis
643 3517 684 3575 illi
706 3516 918 3575 maturandum
933 3517 992 3576 iter
1006 3532 1050 3577 ax·

84 3601 264 3662 istimabant.
280 3601 385 3678 ltaque
400 3603 520 3663 duabus
536 3602 734 3663 auxiliaribus
751 3601 927 3661 cohortibus
940 3601 1053 3661 Ilerdae

84 3687 237 3759 praesidio
258 3688 372 3749 relictis
398 3689 540 3750 omnibus
566 3686 664 3763 copiis
687 3686 817 3748 Sicorim
842 3695 1005 3749 transeunt
1028 3696 1054 3746 et

83 3785 152 3832 cum
176 3772 295 3833 duabus
321 3775 510 3852 legionibus,
535 3790 612 3850 quas
634 3771 843 3848 superioribus
865 3769 977 3833 diebus
998 3780 1051 3833 tra·
