2272 4176
485 186 686 247 ORATIONES
1012 186 1076 247 429

108 347 218 397 ternum
235 356 298 396 cum
316 340 369 397 diis
393 342 586 399 immortalibus
601 347 770 401 coniunctum
787 350 835 401 est.
863 346 936 403 Nam
951 346 986 401 ab
999 348 1075 403 Anco

105 424 220 482 Marcio
227 430 294 481 sunt
301 423 407 482 Marcii
410 427 515 501 Repes,
526 444 578 499 quo
590 432 696 485 nomine
704 429 760 501 suit
768 436 871 493 mater,·
882 450 899 485 a
916 430 1019 487 Venere
1026 430 1069 487 Iu·

108 512 145 577 tii,
153 512 234 565 cuius
243 510 330 581 penes
339 510 449 582 familr'a
461 519 501 567 ost
511 518 615 569 nostra.
631 514 683 569 Est
692 516 790 586 erpoirr
799 530 899 586 penore
910 522 936 568 et
944 518 1074 571 sanctitas

108 608 220 665 repam,
238 594 442 665 quiplurimum
453 600 525 652 mter
535 596 655 653 homines
661 600 779 670 patient,
796 606 821 655 et
831 601 998 655 caerimonia
1009 600 1072 655 cieo-

107 694 171 734 rum
177 719 186 749 ‚
197 694 314 752 quonam
324 680 379 752 ipsi
387 683 416 735 in
420 687 555 753 potestate
561 690 626 738 sunt
634 698 721 755 repes.

446 786 500 823 uno
515 786 593 824 urcro
608 787 733 824 suusne.

182 853 249 909 Tac.
266 854 300 909 de
319 860 389 910 orat.
407 851 462 914 212
490 854 548 907 Nisi
570 855 639 909 sorte
654 856 800 925 quisquam
817 860 864 909 aut
878 852 1005 909 Caesaris
1020 871 1072 927 pro

96 926 183 993 Decio
199 936 323 995 Samnite
339 944 386 994 aut
399 937 475 992 Bruti
486 954 538 1009 pro
549 938 678 993 Deiotaro
692 956 759 1010 rege
771 944 933 1009 ceterosque
947 939 1072 993 eiusdem

98 1022 267 1078 lentitudinis
284 1038 318 1077 ao
334 1024 438 1095 teporis
456 1024 541 1077 libros
559 1023 640 1093 legit,
665 1024 717 1077 nisi
733 1024 779 1093 qui
794 1029 820 1077 et
835 1023 957 1079 earmina
972 1039 1072 1078 eorun-

97 1106 164 1162 dem
179 1107 303 1162 miratur.

486 1224 539 1260 nno
554 1224 684 1261 munus.

179 1290 244 1347 Geli.
267 1290 299 1361 V,
321 1288 376 1350 18:
404 1291 589 1359 lucratione,
611 1309 693 1362 ‘trram
707 1309 758 1363 pro
775 1290 899 1362 ttittrynis
915 1292 998 1359 dixit,
1017 1289 1071 1345 hoc

95 1376 233 1448 principio
245 1392 313 1430 usus
326 1382 383 1431 est:
411 1376 461 1431 Vel
465 1392 522 1447 pro
534 1376 647 1447 bospitio
658 1380 731 1447 repis
744 1378 897 1431 it'icomcctis
907 1378 950 1431 oei
956 1392 1010 1446 pra
1020 1375 1069 1429 bo-

95 1478 158 1516 rum
168 1463 340 1530 necessitate,
366 1477 482 1533 quorum
499 1475 546 1514 res
562 1462 661 1532 aeritur,
683 1462 813 1533 iesaperu
827 1461 879 1515 itae
896 1475 1008 1529 munus,
1028 1458 1068 1513 M.

95 1544 197 1616 Iunco,
219 1562 274 1601 non
282 1548 368 1616 potui.
406 1545 478 1599 Nam
494 1559 580 1615 neque
597 1545 734 1601 bominum
747 1552 832 1600 morte
843 1548 972 1599 memoria
984 1545 1070 1598 deteri

96 1630 184 1698 debet,
204 1632 270 1702 quin
287 1647 306 1683 a
317 1632 457 1701 proximis
474 1632 638 1697 retineatur,
660 1644 746 1701 neque
763 1632 872 1684 clientes
887 1633 946 1683 sine
962 1645 1067 1684 summa

95 1714 212 1786 irtfamia
228 1715 319 1769 deseri
329 1720 460 1785 possunt,
481 1713 577 1785 quibus
588 1716 668 1769 etiam
678 1730 696 1767 a
704 1716 867 1785 propinquis
877 1716 978 1768 nostris
988 1728 1066 1785 opem

92 1799 351 1871 sorremstitnimus.

173 1900 228 1956 Iul.
238 1900 379 1971 Rutinrun.
387 1916 418 1969 p.
432 1896 492 1957 201
505 1898 634 1956 Ruunt„-
656 1898 759 1955 Caesar
771 1917 822 1971 pro
834 1900 975 1973 Bithyniss
997 1898 1066 1967 Quot

95 1990 178 2058 erpo?
198 1984 377 2057 synarupitae
386 2000 440 2038 non
450 1988 533 2037 sunt?
564 1983 620 2039 Sed
629 2000 675 2039 res
686 1987 776 2039 atierta
787 1992 834 2040 est.

209 2106 237 2142 m
251 2105 274 2143 c.
286 2104 416 2142 nummi-u
430 2104 647 2142 unumunurn
662 2104 819 2142 enarremus
835 2090 874 2153 (c.
887 2088 950 2159 58).

171 2173 282 2230 Suam.
295 2173 372 2230 Caes.
389 2170 443 2230 23:
464 2172 486 2225 F
488 2179 585 2226 unctus
594 2174 737 2227 consulatu
749 2172 1064 2247 CJtiemmioLueioque

90 2260 209 2316 Domitio
221 2258 396 2330 praetoribus
408 2258 444 2311 de
456 2258 607 2327 superioris
620 2257 684 2311 anni
695 2258 762 2312 actis
774 2260 955 2315 referentibus
968 2260 1063 2331 cogni·

91 2347 194 2401 tionem
209 2342 318 2398 senatui
335 2342 429 2396 detulit
443 2358 495 2395 nec
511 2342 557 2396 illo
573 2342 741 2412 suscipiente
752 2343 899 2413 triduoque
910 2362 961 2417 per
973 2346 1062 2399 irritas

89 2430 286 2486 altercationes
298 2429 443 2496 absumpto
458 2427 485 2479 in
499 2427 673 2497 provinciam
688 2428 761 2481 abiit.

171 2529 263 2586 Schol·
272 2528 339 2584 Bob·
351 2530 381 2582 in
392 2527 459 2583 Sett·
467 2546 498 2599 p.
508 2528 570 2587 297
585 2530 682 2586 (tretia
703 2530 743 2585 Ite
755 2532 822 2585 actis
834 2533 968 2601 loquitur,
990 2547 1061 2601 qnae

85 2617 184 2673 habuit
205 2616 235 2669 in
256 2615 399 2668 consulatu
415 2611 443 2667 C.
456 2610 560 2668 Caesar
574 2615 760 2685 inauspicato,
783 2622 811 2669 ut
825 2616 985 2681 videbatur;
1006 2632 1062 2685 qua

85 2703 121 2757 do
138 2718 170 2755 re
187 2699 325 2754 adversus
340 2714 404 2751 eum
419 2704 534 2767 egerant
549 2699 575 2751 in
593 2706 689 2753 senatu
701 2697 729 2754 C.
739 2700 883 2754 Memmius
895 2706 922 2753 et
932 2700 1060 2753 L.Itomi-

83 2788 138 2841 tius
154 2790 316 2856 praetores,
339 2788 365 2835 et
380 2782 466 2851 ipsius
479 2780 607 2836 Caesaris
622 2785 761 2839 orationes
777 2790 872 2838 contra
891 2784 943 2838 hos
958 2790 1059 2853 extant,

80 2870 186 2938 quibus
198 2875 225 2922 et
239 2884 289 2921 sua
304 2872 365 2920 acta
380 2865 504 2920 defendit
519 2874 546 2921 et
560 2868 620 2921 illos
635 2868 792 2922 insectatur.

166 2952 240 3007 Eud.
252 2954 280 3005 in
297 2948 511 3022 reemptio:
533 2949 715 3006 Commiserat
729 2954 835 3008 senatui
852 2968 965 3007 eausam
979 2968 1059 3007 suam

82 3037 114 3094 G.
127 3037 248 3102 Caesar,
271 3035 299 3090 id
314 3042 368 3101 est,
390 3042 419 3088 ut
440 3035 475 3088 de
497 3037 560 3106 lege
580 3037 691 3106 agraria
710 3044 803 3108 patres
819 3037 980 3091 iudicarent.
1019 3036 1058 3092 ibi

82 3124 160 3179 enirn
183 3120 296 3175 habitae
321 3126 383 3173 sunt
408 3125 465 3173 tres
492 3120 556 3173 illae
584 3121 723 3175 orationes
747 3126 841 3175 eontra
866 3121 1012 3175 Donnitium
1030 3126 1058 3177 et

80 3206 257 3261 Memmium.

166 3289 279 3345 Sueten.
297 3288 372 3344 Caes.
392 3286 446 3347 73:
476 3284 504 3342 C.
521 3286 656 3356 Memmii,
676 3288 753 3343 ouius
774 3288 933 3361 asperrimis
956 3290 1055 3345 oratio-

81 3376 166 3431 nibus
189 3389 247 3427 non
267 3372 372 3427 minore
394 3373 543 3427 acerbitate
566 3373 762 3443 rescripserat,
788 3374 870 3430 etiam
888 3373 1056 3447 suffragator

81 3476 149 3517 mox
163 3459 193 3513 in
207 3457 340 3531 petitione
356 3460 514 3513 consulatus
530 3459 586 3513 init.
