2272 4176
67 424 130 490 280
376 423 427 483 DE
448 422 574 484 nuato
597 423 712 486 cirini

65 589 147 645 stere
166 578 307 641 iuberent
325 593 501 655 magnoque
520 578 634 656 impetu
655 578 823 656 equitatum
845 581 1042 658 repellerentl

66 685 103 731 eo
119 671 272 729 summoto
287 671 415 741 repente
429 664 543 725 incitati
558 680 651 726 cursu
665 680 738 727 sese
752 666 887 729 invallis
902 664 1026 729 universi
1040 672 1042 681 '

66 752 257 816 demitterent
267 758 360 827 atque
371 751 413 811 ita
422 751 607 825 transgressi
620 767 731 812 rursus
741 751 773 811 in
785 744 862 814 locis
876 752 1026 828 superiori·

65 840 125 900 bus
141 837 354 900 consisterent.
383 835 458 895 Nam
479 842 593 896 tanturn
607 836 646 896 ab
660 834 800 914 equitum
812 853 942 899 suorum
954 837 1025 898 auxi·

65 925 114 985 liis
130 924 266 996 aberant,
282 936 412 997 quorum
427 937 586 981 numerum
600 920 756 982 habebant
768 939 925 1000 magnum,
940 930 971 983 ut
982 938 1026 983 eos

66 1007 280 1084 superioribus
306 1006 484 1082 perterritos
510 1006 636 1081 proeliis
661 1007 692 1066 in
712 1007 849 1068 medium
869 1009 1028 1083 reciperent

66 1109 176 1169 agmen
189 1093 333 1168 ultroque
348 1107 403 1153 eos
427 1096 599 1161 tuerentur;
627 1108 758 1167 quorrun
778 1093 855 1153 nulli
877 1109 917 1153 ex
936 1092 1029 1153 itinere

66 1179 217 1240 excedere
232 1176 351 1251 licebat,
368 1176 440 1252 quin
456 1177 493 1236 ab
506 1175 644 1252 'equitatu
660 1176 800 1237 Caesaris
816 1179 1011 1254 exciperetur.

148 1260 261 1321 LXXX.
284 1260 347 1320 Tali
369 1262 441 1321 dum
462 1268 615 1336 pugnatur
628 1261 735 1335 modo,
759 1264 843 1322 lente
859 1270 951 1339 atque
965 1279 1029 1338 pau·

67 1347 148 1408 ratim
162 1346 340 1421 proceditur
355 1347 541 1422 crebroque,
566 1353 600 1406 ut
614 1346 675 1407 sint
694 1345 809 1407 auxilio
832 1348 916 1423 suis,
941 1347 1029 1408 subsi-

65 1437 166 1501 stunt;
188 1438 221 1491 ut
240 1437 304 1490 turn
318 1431 437 1491 accidit.
466 1430 550 1491 Milia
564 1431 644 1491 enirn
659 1432 816 1507 progressi
832 1438 973 1509 quattuor
985 1448 1029 1493 ve·

65 1516 299 1591 hementlusque
325 1516 485 1591 peragitati
511 1515 549 1575 ab
575 1517 710 1592 equitatu
729 1524 864 1577 montem
886 1519 1030 1579 excelsum

66 1601 191 1679 capiunt
210 1601 314 1676 ibique
333 1617 396 1660 una
417 1602 516 1661 fronte
532 1608 638 1661 contra
652 1601 771 1662 bostem
786 1608 891 1663 castra
905 1604 1030 1664 muniunt

66 1701 166 1762 neque
180 1685 322 1745 iumentis
339 1701 434 1745 onera
449 1686 615 1760 deponunt.
637 1686 696 1746 Ubi
711 1685 853 1747 Caesaris
870 1695 971 1749 castra
983 1704 1029 1764 po-

65 1770 123 1833 sita
138 1770 398 1847 tabernaculaque
413 1771 578 1832 constituta
597 1776 628 1831 et
648 1770 792 1832 dimissos
808 1773 931 1848 equites
946 1774 1030 1849 pabu-

64 1855 148 1917 landi
164 1872 259 1916 causa
273 1856 406 1916 animum
421 1857 631 1931 adverterunt,
658 1871 729 1916 sese
749 1857 852 1918 subito
869 1858 1031 1934 proripiunt

65 1940 142 2003 bora
156 1941 275 2002 circiter
290 1946 379 2001 sexta
393 1941 530 2001 eiusdem
546 1941 605 2000 diei
619 1947 649 2000 et
663 1956 750 2016 spem
764 1943 847 2019 nacti
862 1959 967 2004 morae
977 1942 1026 2003 dis·

65 2043 159 2089 cessu
180 2034 354 2088 nostrorum
376 2027 511 2102 equitum
532 2026 589 2085 iter
608 2027 710 2086 lacere
730 2026 892 2102 incipiunt.
923 2029 1030 2104 Quare

65 2113 198 2174 animum
220 2114 352 2172 adversa
367 2112 479 2173 caesar
500 2111 617 2171 cunctis
638 2112 809 2185 legionibus
833 2113 1029 2190 subsequitur,

66 2198 219 2274 pracsidio
242 2197 464 2273 impedimentis
486 2211 602 2271 paucas
624 2196 758 2256 cohortis
776 2198 940 2273 relinquit;
965 2199 1030 2259 hora

65 2283 183 2343 decima
202 2282 352 2357 subsequi
374 2282 569 2357 pabulatores
592 2281 772 2358 equitesque
792 2285 935 2344 revocari
949 2284 1030 2344 iubet.

65 2367 209 2427 Celeriter
230 2365 383 2442 equitatus
404 2367 444 2425 ad
459 2366 643 2426 cotidianum
658 2367 772 2428 itineris
788 2367 926 2429 osticium
940 2384 1031 2430 rever·

63 2451 143 2511 titur.
173 2451 328 2526 Pugnatur
350 2450 460 2510 acriter
480 2451 519 2510 ad
542 2452 740 2512 novissimum
762 2468 887 2528 agmen,
915 2456 990 2515 adeo
1005 2460 1032 2513 ut

64 2550 162 2610 paene
177 2541 264 2610 terga
275 2540 462 2608 convertant,
479 2536 715 2611 compluresque
727 2537 846 2614 milites,
863 2540 954 2599 etiam
965 2555 1031 2599 non-

65 2620 136 2678 nulli
152 2620 355 2694 centurioneS,
372 2619 600 2679 interficiuntur.
626 2621 761 2681 Instabat
775 2637 884 2697 agmen
902 2624 1032 2684 Caesaris

63 2710 157 2780 atque
172 2706 349 2765 universum
363 2704 547 2764 imminebat.

147 2789 275 2850 LXXXI.
298 2792 373 2850 Tum
394 2804 469 2850 vero
485 2805 585 2865 neque
598 2779 641 2850 'ad
656 2792 879 2866 explorandum
895 2793 1034 2855 idoneum

64 2876 164 2935 locum
189 2874 297 2935 castris
325 2889 425 2950 neque
452 2875 492 2933 ad
517 2876 775 2949 progrediendum
802 2877 873 2937 data
898 2879 1035 2939 facultate

64 2960 237 3021 consistunt
258 2959 433 3019 necessario
450 2965 480 3019 et
495 2960 603 3036 procul
618 2960 656 3019 ab
672 2976 753 3035 aqua
768 2967 798 3020 et
811 2967 922 3022 natura
936 2964 1034 3039 iniquo

63 3046 132 3105 loco
155 3049 256 3104 castra
278 3050 402 3119 ponunt.
435 3042 498 3103 Sed
518 3045 615 3104 isdem
631 3044 786 3105 decausis
804 3045 934 3123 Caesar,
961 3063 1035 3124 quae

63 3145 159 3205 supra
180 3134 251 3188 sunt
272 3130 515 3203 demonstratae,
542 3129 658 3204 proelio
673 3146 734 3190 non
750 3131 876 3191 lacessit
891 3140 923 3192 et
937 3149 973 3194 eo
989 3133 1035 3192 die

64 3213 259 3275 tabernacula
273 3215 364 3273 statui
379 3229 493 3289 passus
507 3231 568 3275 non
584 3220 645 3288 est,
672 3231 732 3290 quo
749 3217 920 3290 paratiores
936 3223 1037 3279 essent

63 3301 102 3359 ad
116 3298 341 3374 insequendum
358 3314 473 3370 omnes
491 3300 556 3359 sive
571 3304 663 3359 noctu
675 3301 741 3361 sive
753 3301 884 3362 interdiu
899 3318 1035 3378 erumpe

63 3391 138 3444 rent.
155 3382 500 3443 lilianimadversovitio
510 3390 678 3444 castrorum
688 3391 846 3446 totanocte
854 3389 1036 3449 munitiones

65 3470 225 3543 proferunt
238 3474 401 3542 castraque
415 3468 524 3528 castris
539 3476 728 3529 convertunt.
744 3470 810 3530 linc
824 3471 905 3532 idern
914 3482 1036 3548 postero

64 3552 114 3612 die
128 3569 147 3612 a
161 3553 334 3628 primaluce
342 3551 656 3629 iaciunttotnmquein
664 3568 701 3612 ea
708 3570 741 3612 re
750 3555 829 3614 diem
845 3564 1036 3619 consumunt

65 3634 128 3696 Sed
153 3644 298 3712 quantum
319 3651 413 3713 opere
434 3645 649 3712 processerant
669 3644 698 3697 et
719 3648 820 3699 castra
841 3646 1036 3719 protulerant,

65 3726 149 3781 turrtu
165 3722 291 3781 aberant
305 3722 343 3781 ab
358 3737 440 3801 aqua
451 3723 579 3797 longius
597 3728 626 3783 et
639 3725 791 3801 praesenti
803 3726 884 3789 malo
898 3729 967 3790 aliis
978 3745 1037 3791 ma·
