2272 4176
470 156 585 218 LIBER
605 160 644 217 V.
999 156 1041 219 89

77 321 160 369 -neno
178 305 291 367 bellum
311 308 415 368 facere
434 323 542 369 ausam
564 308 616 367 vix
631 314 696 367 erat
711 310 904 368 credendum.
934 311 1040 385 itaque

69 394 115 451 ad
127 391 281 453 consitium
303 408 368 452 rem
390 392 545 467 deserunt,
570 408 743 467 magnaque
758 394 835 452 inter
850 410 904 453 eos
920 395 1041 454 exsistit

70 502 77 531 ·.
86 477 286 536 controversia.
315 476 348 534 L.
363 477 590 536 Aurunculeius
612 479 848 550 conpluresque
860 478 970 536 tribuni
986 479 1038 536 mi-

86 559 151 617 iitum
161 566 191 618 et
203 561 371 634 primorum
383 560 524 619 ordinum
536 561 729 619 centuriones
741 560 813 618 nihii
827 569 939 619 temere
948 577 1038 633 agen·

85 642 141 701 dum
154 658 254 717 neque
265 659 305 701 ex
316 642 452 702 hibernis
463 643 584 703 iniussu
594 644 734 702 Caesaris
745 644 965 703 discedendum
977 646 1038 702 exi-

86 727 246 785 stimabant:
276 727 472 800 quantasvis,
487 742 614 799 magnas
630 728 735 800 etiam,
752 729 859 800 copias
875 728 1035 786 Germano-

65 858 69 863 .
86 825 138 869 mm
151 808 295 869 sustineri
317 826 412 885 posse
432 800 556 869 munitis
572 810 706 868 hibernis
723 811 876 869 docebant
889 826 953 868 rem
968 812 1039 869 ess'c

67 893 256 969 -nstimonio,
285 894 373 969 quod,
389 894 520 967 primum
531 894 669 951 'bostium
685 894 829 971 impetum
845 895 945 953 multis
960 896 1039 953 uitro

88 978 246 1036 i'ntncribus
262 976 362 1036 inlatis
378 977 543 1036 fortissime
559 977 774 1035 sustinuerint:
795 994 829 1036 re
849 982 1042 1038 i'rmnentaria

82 1076 133 1119 non
147 1061 260 1134 premi;
276 1061 391 1119 interea
406 1067 489 1118 etex
504 1061 664 1132 proxumis
685 1065 818 1124 hibernis
834 1072 894 1122 eta
909 1066 1040 1123 Caesare

59 1212 63 1225 ι
87 1151 258 1211 conventura
272 1143 427 1204 subsidias
449 1150 607 1222 postremo
624 1148 784 1221 quidesse
801 1149 897 1207 levius
913 1156 965 1206 aut
977 1156 1038 1209 tur-

86 1228 139 1300 pius
159 1243 251 1305 quarn
276 1234 402 1290 auctore
422 1231 511 1290 hoste
532 1233 571 1289 de
592 1232 717 1289 surmnis
733 1233 826 1291 rebus
841 1247 952 1299 capere
968 1248 1038 1291 con-

84 1311 187 1373 silium?

149 1398 254 1458 XXIX.
279 1398 390 1458 Contra
410 1414 448 1457 ea
461 1397 595 1457 Titurius
617 1413 688 1458 sero
705 1399 842 1458 factiuns
859 1399 1038 1471 clamitabat,

82 1496 137 1541 cum
157 1483 290 1541 maiores
312 1498 420 1541 manus
436 1481 570 1543 bostium
584 1483 736 1540 adiunctis
753 1483 910 1542 Germanis
928 1499 1038 1543 conve-

82 1566 199 1639 nissent,
222 1572 275 1624 aut
289 1580 358 1625 eum
372 1567 487 1640 ntiquid
503 1566 681 1624 calamitatis
696 1566 725 1624 in
742 1568 888 1641 proximis
905 1565 1039 1625 hibernis

82 1664 152 1708 esset
171 1644 352 1723 acceptum.'
377 1649 507 1708 Brevem
532 1649 713 1707 consulendi
739 1665 811 1709 esse
836 1652 1029 1729 occasionem

81 1732 230 1792 Caesarem
241 1733 381 1791 arbitrari
394 1735 566 1810 protectum
578 1733 607 1790 in
616 1734 747 1800 ltaliam3
763 1749 864 1807 neque
876 1735 963 1791 aliter
970 1735 1037 1793 Car-

80 1825 156 1878 rums
171 1815 375 1875 interficiundi
383 1811 515 1890 Tasgetii
527 1816 688 1874 consilium
704 1817 802 1875 suiss'e
816 1824 971 1889 capturos,
988 1834 1032 1875 ne·

81 1916 131 1974 que
142 1900 322 1973 Eburones,
339 1899 364 1957 si
379 1899 429 1958 iile
444 1900 585 1972 adesset,
608 1906 690 1957 tanta
705 1900 930 1973 contemptione
945 1909 1031 1960 nostr

80 1984 111 2042 nd
124 1992 223 2043 castra
237 1990 385 2042 venturos
400 1997 480 2043 esse.
509 1982 576 2041 Non
591 1982 710 2042 bostem
724 1993 888 2057 auctorem,
905 1986 962 2044 sed
977 2001 1040 2042 rem

49 2082 52 2087 ·
80 2075 224 2141 spectare:
240 2067 374 2126 subesse
388 2067 527 2126 Rhenum
539 2090 546 2134 ;
559 2082 669 2140 magno
686 2083 756 2125 esse
769 2068 926 2126 Germanis
943 2068 1039 2128 dolori

81 2151 213 2210 Ariovisti
228 2157 358 2209 mortem
373 2157 404 2208 et
417 2149 596 2224 superiores
612 2156 733 2209 nostras
750 2152 910 2219 victorias;
932 2153 1040 2212 ardere

81 2236 193 2293 tiatiiam
217 2241 262 2294 tot
284 2236 474 2294 contumetiis
496 2235 632 2307 acceptis
648 2236 705 2293 sub
722 2236 829 2308 popuii
844 2237 972 2294 Romani
987 2238 1039 2294 im·

80 2319 183 2389 perium
205 2319 362 2377 redactam
383 2318 544 2392 superiore
565 2318 662 2391 gioria
681 2318 724 2375 rei
747 2319 881 2377 militaris
897 2321 1038 2379 extincta.

80 2400 224 2461 Postremo
241 2403 311 2476 quis
327 2401 385 2461 boc
400 2402 458 2460 sibi
474 2403 683 2475 persuaderet,
700 2400 766 2460 sine
779 2410 862 2460 certa
876 2404 1036 2463 reAmbio·
1065 2423 1067 2426 ·

79 2485 162 2558 rigam
176 2487 217 2544 ad
233 2485 385 2544 eiusmodi
400 2486 560 2545 consitium
573 2485 795 2544 descendisset
810 2485 903 2545 Suam
919 2494 1038 2546 senten·

80 2570 139 2627 tiam
153 2571 181 2628 in
198 2576 488 2643 utramquepartem
500 2583 573 2627 esse
585 2576 694 2628 tutam:
711 2570 736 2628 si
745 2569 818 2627 nihii
827 2578 910 2628 esset
924 2571 1039 2644 durius,

63 2656 150 2712 ¹nuiio
170 2653 310 2727 pertento
331 2653 371 2711 ad
393 2653 563 2727 proximam
590 2653 740 2727 legionem
766 2663 987 2727 perventurum
1014 2656 1038 2714 si

81 2736 164 2796 Gaitia
175 2738 275 2796 omnis
292 2753 360 2796 cum
369 2737 526 2796 Germanis
543 2738 737 2810 consentiret,
752 2754 842 2798 unam
860 2755 931 2797 esse
946 2740 975 2797 in
991 2755 1038 2797 ce-

80 2820 183 2879 leritate
207 2821 339 2895 positam
365 2823 503 2880 salutern.
541 2821 645 2879 Cottae
667 2822 789 2895 quidem
811 2829 903 2895 atque
925 2840 1039 2894 corum,

81 2904 122 2976 qui
136 2905 341 2978 dissentirent,
361 2905 520 2963 consilium
537 2920 628 2978 quem
643 2903 770 2965 haberet
784 2906 919 2965 exitum?
933 2908 961 2965 in
979 2925 1039 2980 quo

81 2988 102 3045 si
113 3005 170 3047 non
186 3003 336 3063 praesens
352 2989 537 3062 periculum,
554 2994 585 3046 at
599 2997 681 3049 certe
698 2990 864 3063 longinqua
879 2982 1040 3049 obsidione

83 3071 163 3131 tames
178 3078 265 3131 esset
278 3072 419 3131 timenda.

150 3157 241 3216 XXX.
264 3156 329 3215 Hac
350 3156 379 3214 in
403 3161 563 3230 utramque
586 3163 701 3228 partem
717 3157 923 3230 disputatione
938 3156 1039 3218 habita

55 3262 58 3269 ·
83 3241 261 3299 mmaCotta
272 3240 439 3314 primisque
452 3240 609 3298 ordinibus
622 3241 731 3299 acriter
738 3241 946 3312 resisteretur,
965 3244 1040 3302 Vin-

82 3326 140 3397 ab,
159 3324 271 3399 inquit,
294 3327 373 3383 sitta
386 3326 487 3396 vultis,
503 3323 651 3398 SabinuS,
667 3332 697 3383 et
711 3325 741 3383 id
757 3324 885 3384 clariore
899 3342 992 3400 voce,
1010 3338 1041 3386 ut

1120 3311 1131 3371 i

84 3420 180 3480 nunno
194 3423 268 3481 pars
282 3407 409 3467 militurn
425 3408 600 3477 exaudirem
621 3425 716 3487 neque
727 3411 752 3470 is
765 3425 844 3484 sum,
864 3410 975 3487 inquit,
990 3413 1042 3493 qui
