2272 4176
69 489 132 557 380
379 488 536 555 BELLUM
557 490 737 555 mareau.

71 665 122 706 sar
137 664 175 705 ex
195 647 294 707 medio
316 645 423 706 itinere
444 648 542 722 copiis
557 648 692 707 reductis
708 644 864 721 equitibus
877 642 940 707 suis
956 644 1031 707 auxl-

71 732 142 791 limn
161 732 241 800 tulit;
263 733 381 807 equites
403 740 504 791 autem
526 734 659 793 adv'entu
681 730 840 805 legionum
864 730 963 791 anina
987 731 1031 790 ad-

71 817 131 876 dito
148 817 307 876 conversis
323 817 411 892 equis
430 819 459 875 in
475 817 621 877 Numidas
637 816 750 891 cupide
764 814 965 891 insequentes
979 816 1031 875 dis-

70 916 242 976 persosque
257 902 401 976 impetum
415 902 552 962 lecerunt
566 909 657 976 atque
670 916 725 961 eos
738 901 976 960 convulneratus
988 915 1030 959 us·

71 1001 130 1059 que
152 986 180 1044 in
203 994 304 1046 castra
322 987 407 1061 regia
427 988 607 1060 repulerunt
625 987 804 1058 multosque
816 999 856 1044 ex
870 984 907 1045 iis
922 985 1033 1044 intorte·¹

69 1077 184 1129 cerunt.
221 1070 307 1143 Quod
334 1071 391 1129 nisi
417 1071 447 1129 in
473 1077 595 1130 noctem
609 1070 758 1145 proelium
774 1075 862 1129 esset
876 1068 1032 1130 coniectum

69 1155 232 1228 pulvisque
247 1163 336 1214 vento
353 1153 443 1215 flatus
460 1155 593 1214 omnium
608 1161 777 1228 prospectu
789 1150 955 1228 offecisset,
968 1152 1032 1212 laba

69 1253 136 1298 cum
146 1240 278 1299 Labieno
295 1239 374 1314 capti
386 1240 415 1297 in
433 1246 613 1314 potestatem
623 1237 762 1297 Caesaris
775 1238 944 1311 venissent,
960 1236 1031 1312 equi-

70 1329 210 1398 latusque
231 1339 300 1382 cum
320 1324 379 1382 levi
402 1332 554 1383 armatura
579 1323 714 1383 funditus
740 1322 779 1381 ad
805 1321 1032 1382 internecionem

70 1408 187 1466 deletus
204 1416 296 1467 esset.
326 1408 446 1467 Interim
463 1408 680 1467 incredibiliter
695 1422 734 1465 cx
749 1406 925 1481 legionibus
938 1414 1033 1483 quana

69 1498 202 1551 etsexta
217 1491 369 1566 Scipionis
390 1493 499 1553 milites
515 1491 665 1566 diffugere
685 1490 795 1565 partim
811 1491 842 1550 in
856 1497 957 1552 castra
970 1491 1031 1551 Cae-

69 1576 163 1649 saris,
195 1577 305 1650 partim
329 1577 359 1634 in
376 1593 453 1651 quas
475 1577 608 1652 quisque
628 1582 750 1651 poterat
768 1576 915 1653 regiones
938 1591 1032 1651 perve-

70 1659 149 1728 nire;
172 1660 304 1735 itemque
325 1662 443 1735 equites
467 1660 639 1722 Curioniani
654 1659 747 1720 dilfisi
763 1658 902 1736 Scipioni
917 1662 1032 1735 eiusque

71 1745 166 1819 copiis
182 1746 354 1819 complures
371 1761 406 1806 se
420 1747 531 1806 eodem
546 1744 753 1806 conterebant.

151 1872 224 1930 Llll.
247 1872 325 1932 Dum
339 1871 416 1932 haec
432 1873 545 1933 circum
559 1872 689 1935 Uzittam
703 1873 742 1932 ab
756 1872 899 1948 utrisque
915 1872 1031 1933 ducibus

72 1954 321 2029 administrantur,
337 1956 474 2031 legiones
490 1959 584 2031 duae,
594 1956 720 2016 'decima
734 1962 764 2016 et
778 1974 870 2030 nona,
888 1975 928 2017 ex
943 1957 1030 2018 Sicilia

71 2041 196 2101 navibus
213 2041 361 2100 onerariis
377 2044 549 2116 proiectae,
576 2057 644 2100 curn
660 2042 719 2100 iarn
735 2059 796 2102 non
812 2043 905 2118 longe
920 2060 938 2102 a
954 2050 1029 2117 porta

70 2126 223 2200 Ruspinae
238 2126 398 2200 abessent,
415 2127 611 2200 conspicatae
623 2125 824 2186 Caesarianas
840 2143 947 2200 naves,
964 2141 1029 2201 quae

67 2209 96 2267 in
114 2211 244 2270 statione
266 2209 348 2284 apud
363 2210 516 2284 Thapsum
532 2210 667 2283 stabant,
683 2212 779 2284 veriti,
796 2227 835 2270 ne
851 2213 881 2271 in
897 2212 1027 2270 adversa·

66 2294 180 2353 riorum
191 2302 224 2353 ut
235 2294 502 2369 insidiandigratia
513 2294 553 2353 ibi
562 2296 813 2355 commorantium
824 2297 956 2354 classem
968 2294 1026 2353 inci·

67 2378 187 2451 dorent,
212 2379 409 2452 inprudentes
424 2380 493 2438 vela
517 2380 546 2438 in
568 2380 660 2437 altum
676 2380 827 2439 dederunt
847 2396 884 2439 ac
901 2381 952 2439 diu
966 2379 1024 2438 mul·

66 2467 191 2536 tumque
207 2464 306 2522 iactati
327 2464 449 2522 tandem
470 2465 571 2523 multis
593 2470 665 2537 post
686 2465 795 2524 diebus
810 2464 860 2524 siti
876 2464 1025 2539 inopiaque

68 2547 196 2606 conlecti
212 2548 251 2606 ad
267 2546 426 2607 Caesarem
440 2549 630 2623 perveniunt.

149 2670 224 2733 LIV.
259 2673 374 2746 Quibus
399 2673 569 2748 leglenibus
597 2673 746 2748 expositis
768 2691 887 2735 memor
907 2676 937 2735 in
958 2672 1024 2735 ltalia

66 2756 213 2831 pristinae
228 2758 367 2818 licentiae
383 2759 519 2818 militaris
536 2774 572 2818 ac
583 2758 759 2832 rapinarum
776 2767 930 2820 certorum
945 2758 1022 2820 homi·

67 2859 137 2901 num
158 2845 315 2916 parvulam
337 2845 428 2902 modo
452 2845 608 2903 causulam
630 2851 737 2904 nactus
754 2843 883 2919 Caesar,
911 2842 1023 2920 quodC.

66 2928 211 3000 Avienus,
229 2928 367 2986 tribunus
384 2927 508 2986 militum
524 2928 661 2987 decimae
675 2927 815 3001 legionis,
831 2946 943 2989 navem
958 2944 1022 2990 coru·

66 3020 179 3085 meatu,
207 3012 317 3070 lauritio
339 3029 396 3072 sua
417 3019 507 3086 atque
529 3012 680 3091 iumentis,
697 3012 917 3087 occupavisset
941 3026 1023 3088 nequa

66 3096 187 3154 militem
202 3113 296 3155 unum
313 3097 350 3155 ab
368 3095 471 3156 Sicilia
492 3096 681 3170 sustulisset,
708 3105 833 3170 postero
850 3099 901 3157 die
917 3101 954 3159 de
968 3112 1023 3171 sug·

65 3188 153 3254 gestu
175 3182 351 3240 convocatis
373 3181 504 3241 omnium
527 3181 679 3255 legionum
701 3181 830 3241 tribunis
859 3181 1024 3244 centurioni·

65 3263 200 3339 busque,
215 3266 350 3325 Maaime
367 3269 483 3337 vellem,
500 3266 610 3339 inquit,
626 3268 755 3326 homines
774 3283 849 3326 saac
856 3271 1026 3342 petralantiae

64 3351 228 3423 nimiaeque
239 3352 381 3409 libertatis
392 3352 553 3422 aliquanda
561 3353 650 3422 finem
658 3351 801 3423 fecissent
810 3368 951 3427 meaeque
961 3353 1025 3413 leni-

65 3437 140 3497 tritis,
152 3436 311 3494 modestiae
316 3437 538 3510 patientiaeque
549 3439 691 3495 rationem
702 3436 880 3496 habuissem.
892 3438 954 3497 Sed
962 3453 1026 3512 qaa-

64 3522 144 3576 aiam
155 3522 213 3593 ipsi
221 3520 278 3577 sihi
287 3537 379 3593 nepae
390 3520 506 3579 modam
519 3537 612 3594 nepae
623 3522 776 3579 terminum
787 3524 971 3595 constituant,
980 3534 1026 3597 qua

4 3654 8 3663 .
64 3605 154 3661 ceteri
165 3605 344 3662 dissimiliter
354 3622 385 3664 se
394 3611 516 3679 aeram,
538 3611 649 3678 eaomet
665 3607 727 3680 ipse
744 3605 948 3669 documentum
958 3618 1026 3665 atam

64 3689 187 3746 militari
195 3691 375 3748 constituam.
399 3689 429 3748 0.
441 3688 564 3761 Aaieae,
583 3689 664 3764 quoa
672 3691 703 3749 ia
712 3688 808 3749 Italia
819 3692 924 3751 milites
930 3688 1026 3767 papati

64 3770 192 3834 Romani
206 3778 309 3832 contra
325 3774 536 3849 rempublicam
552 3775 699 3851 instigasti
706 3774 892 3851 rapiamque
894 3790 1023 3855 pama-
