2302 4192
153 199 197 240 nn
220 199 324 242 nanno
344 198 546 243 rrovnrmno
570 198 597 241 o.
617 188 677 245 107.
696 191 755 246 loc
778 190 838 246 109.
859 193 911 247 110
948 179 1031 242 .105

47 366 117 423 eum
131 347 211 411 Sulla
225 349 345 410 iturum.
380 346 422 408 Ea
435 365 497 419 res,
515 350 559 409 uti
579 349 611 409 in
628 346 679 408 tali
698 349 831 424 negotio,
848 346 982 426 probata,
998 360 1060 412 aco

47 432 393 512 mammoneamque
415 431 452 493 de
471 434 619 511 inproviso
641 431 816 501 acciderant,
837 431 928 493 dubio
945 438 1033 510 atque
1136 446 1141 461 ·

47 516 209 579 haesitante
223 514 365 593 Iugurtha
379 515 541 577 incolumes
553 523 716 577 transeunt.
743 515 855 578 Deinde
863 516 964 594 paucis
972 515 1058 581 die-7

45 599 104 661 lrus
125 619 184 679 quo
206 602 249 660 ire
271 598 456 659 intenderant
474 606 649 679 perventum
671 607 723 661 est.

21 700 34 743 0
131 683 255 745 ibicum
271 682 388 743 Boccho
403 681 528 745 Numida
544 683 675 763 quidam,
691 684 784 764 Aspar
800 685 927 753 nomine,
941 679 1085 745 mul-108

45 774 109 829 turn
133 775 162 828 et
178 765 360 828 familiariter
381 766 500 843 agebat,
522 770 701 845 praemissus
722 767 759 828 ab
776 767 927 846 Iugurtha,
952 772 1033 846 post·
1076 802 1083 813 -

45 870 136 932 quam
152 850 406 912 Sullamaccitum
424 851 572 921 audierat,
590 858 690 912 orator
710 859 740 912 01
759 851 883 913 subdole
901 849 1034 930 specula·

43 942 110 997 tum
138 934 248 996 Bocchi
264 933 402 995 consilia:
416 942 571 1014 praeterea
592 934 700 1004 Dabar,
718 933 926 1013 Massugradae
946 934 1033 1005 filius,

44 1038 83 1081 ex
101 1027 188 1098 gente
204 1017 381 1088 Masinissae,
405 1024 537 1079 ceterum
556 1025 690 1079 materno
709 1034 819 1095 genere
841 1021 926 1096 inpar
951 1016 1035 1098 [nam

10 1110 131 1183 reputer
144 1104 206 1163 eius
222 1120 258 1163 ex
274 1101 438 1163 concubina
455 1109 538 1162 ortus
554 1101 641 1182 erat],
656 1101 759 1163 Mauro
774 1103 812 1163 oh
830 1103 929 1181 ingeni
943 1102 1036 1163 multa

41 1188 125 1249 bona
152 1203 239 1247 carus
259 1193 464 1265 acceptusque.
508 1183 602 1255 Quem
619 1186 755 1247 Bocchus
776 1187 867 1248 lidum
895 1203 959 1246 esse
976 1185 1063 1247 Ros

41 1272 141 1333 manis
161 1268 261 1331 multis
279 1275 346 1330 ante
367 1269 589 1348 tempestatibus
611 1277 766 1348 expertus,
789 1271 855 1331 ilico
872 1270 909 1331 ad
925 1269 1035 1330 Sullam

41 1355 211 1415 nuntiatum
231 1355 330 1421 mittit,
347 1359 483 1435 paratum
498 1370 563 1414 sese
584 1353 682 1414 faeere
698 1373 773 1433 quae
787 1354 915 1433 populus
927 1353 1035 1414 Rorna-

40 1456 103 1499 nus
123 1435 226 1499 vellet:
252 1436 406 1516 conloquio
428 1437 505 1498 diem
527 1437 627 1498 locum
646 1444 762 1514 tempus
783 1439 846 1515 ipse
868 1436 1035 1515 delegaret:

10 1521 180 1583 inconsulta
203 1538 268 1582 sese
291 1522 388 1581 omnia
406 1538 474 1582 cum
494 1520 543 1580 illo
565 1522 679 1597 integra
700 1519 829 1582 habere:
851 1538 910 1580 neu
931 1521 1036 1596 lugur-

42 1605 116 1666 thae
135 1604 263 1682 legatum
277 1606 509 1682 pertimesceret,
526 1606 564 1641 **
575 1605 658 1641 ****
681 1623 739 1683 quo
755 1622 803 1665 res
819 1604 984 1665 communis
1001 1602 1035 1661 li·

42 1691 160 1750 centius
178 1695 346 1767 gereretur:
365 1705 433 1748 narn
448 1689 484 1748 ab
502 1689 614 1749 insidiis
629 1690 691 1748 eius
715 1687 799 1748 aliter
819 1689 916 1748 caveri
933 1686 1035 1765 nequi·

41 1774 132 1833 visse.
157 1771 208 1832 Set
222 1790 277 1850 ego
296 1775 452 1851 conperior
466 1772 619 1834 Bocchum
634 1775 727 1852 magis
747 1772 859 1832 Punica
874 1770 931 1832 fide
947 1779 1062 1848 quarn3

43 1856 86 1917 oh
109 1874 143 1917 ea
166 1874 240 1934 quae
257 1856 446 1934 praedicabat
463 1856 548 1916 simul
568 1855 735 1917 Romanurn
758 1862 786 1916 01
809 1854 965 1916 Numidam
984 1870 1037 1930 spe

10 1940 128 2021 topacis
150 1940 323 2009 adtinuisse,
349 1939 532 2018 multumque
550 1959 617 2000 curn
640 1943 737 2001 animo
757 1957 810 2000 suo
830 1937 947 1999 volvere
969 1936 1037 1996 soli·

38 2032 123 2092 tum,
146 2023 319 2100 Iugurtham
336 2023 492 2093 Romanis,
514 2042 552 2084 an
573 2023 614 2083 illi
635 2024 745 2085 Sullam
765 2023 910 2083 traderet:
930 2018 1038 2082 lubidi-

40 2126 115 2171 nem
130 2108 287 2168 advorsum
300 2125 370 2177 nos,
387 2116 497 2168 metum
508 2125 564 2185 pro
578 2108 665 2167 nobis
679 2110 813 2169 suasisse.
834 2106 926 2183 Igitur
941 2097 1091 2165 80110109

41 2192 199 2270 respondit
221 2209 315 2269 pauca
337 2209 437 2251 eoram
458 2194 570 2270 Aspare
592 2191 770 2262 locuturum,
795 2197 893 2258 001000
912 2186 1037 2255 occulte,

12 2298 17 2305 ·
45 2282 99 2337 aut
113 2274 194 2336 nullo
213 2281 263 2336 aut
280 2293 368 2354 quam
388 2276 580 2352 paucissumis
595 2275 815 2353 praesentibusz
833 2271 920 2333 simul
936 2272 1040 2332 edocet

10 2376 124 2441 ¹aequae
139 2358 194 2419 sibi
209 2359 471 2437 responderentur.
508 2359 683 2438 Postquam,
701 2361 787 2419 sicuti
801 2357 947 2425 voluerat,
969 2371 1066 2423 con-2

43 2444 158 2521 gressi,
172 2442 241 2503 dicit
261 2460 293 2502 se
308 2444 430 2504 missum
448 2461 464 2503 a
484 2440 604 2503 consule
619 2444 733 2503 venisse
751 2442 915 2520 quaesitum
929 2439 966 2500 ab
987 2456 1038 2507 eo,

10 2556 14 2561 ·
42 2544 151 2607 pacem
174 2543 210 2587 an
228 2525 339 2587 bellum
360 2528 522 2602 agitaturus
537 2526 623 2586 soret,
664 2527 739 2587 Turn
755 2543 818 2593 rex,
840 2525 882 2584 uti
896 2538 1067 2601 praecep-3

10 2613 15 2689 ξ
44 2616 111 2671 turn
128 2610 238 2679 luerat,
256 2618 324 2688 post
339 2610 415 2670 diem
434 2609 592 2671 decumum
606 2610 705 2669 redire
728 2608 824 2669 iuhet:
846 2606 918 2667 nihil
937 2607 1038 2667 etiam·

45 2700 111 2755 tum
128 2694 306 2763 decrevisse,
323 2700 367 2754 set
382 2690 431 2752 illo
453 2694 499 2753 die
513 2710 737 2771 responsurum.
767 2691 878 2752 Ileinde
900 2689 987 2750 ambo
1008 2689 1066 2751 104

10 2790 100 2845 ,10000
127 2784 222 2839 000100
248 2778 381 2853 digressi.
429 2775 480 2836 Set
502 2776 552 2837 uhi
569 2776 745 2854 plerumque
766 2775 860 2836 noctis
878 2773 1039 2851 processit,

10 2901 14 2914 ·
46 2858 127 2921 Sulla
142 2880 158 2922 a
174 2860 291 2921 Boccho
307 2857 421 2921 occulte
436 2861 611 2921 accersiturz
627 2859 663 2920 ah
679 2866 806 2937 utroque
819 2864 934 2919 tantum
949 2854 1040 2915 modo

10 2936 20 2982 ²'
45 2940 96 3005 noi
123 2946 300 3023 interpretes
319 2943 513 3013 adhibentur,
534 2950 689 3021 praeterea
711 2942 808 3002 Bahar
831 2940 1038 3005 internuntius,

19 3043 22 3052 ·
46 3030 218 3089 sanctuarir
227 3033 256 3087 01
270 3046 306 3087 ex
320 3029 462 3088 sententia
474 3026 626 3087 ambobus.
646 3026 688 3087 Ac
699 3026 795 3086 statim
808 3027 850 3085 sic
859 3040 912 3084 rex
923 3023 1039 3101 incipit:

26 3148 30 3155 ·
133 3111 307 3190 ‘Numquam
324 3127 379 3188 ego
396 3117 478 3170 ratus
499 3128 565 3171 sum
584 3109 662 3178 iore,
685 3111 728 3170 uti
749 3126 803 3169 rex
817 3123 972 3168 maxumus
992 3103 1093 3165 10110

46 3194 104 3259 hac
116 3202 198 3258 terra
215 3202 245 3256 et
265 3197 397 3257 omnium
417 3211 491 3273 quos
506 3194 574 3254 nori
588 3195 702 3272 privato
719 3192 832 3252 homini
847 3191 973 3267 gratiam
989 3188 1042 3249 de-

24 3276 159 3350 ..berem
181 3278 219 3339 Et
238 3276 418 3345 mehercule,
435 3276 525 3347 Sulla,
543 3284 611 3337 ante
626 3282 655 3338 te
671 3277 821 3352 cognitum
836 3272 936 3334 multis
952 3288 1068 3341 oran-2

47 3362 145 3433 tibus,
167 3361 230 3423 aliis
242 3362 323 3423 ultro
341 3367 459 3438 egomet
471 3378 557 3439 opem
575 3359 639 3429 tuli,
662 3359 770 3421 nullius
784 3359 910 3435 indigus.
949 3354 1073 3443 lelio-a

26 3456 30 3463 '
46 3448 206 3515 minutum,
223 3447 301 3525 quod
317 3444 408 3508 ceteri
425 3442 530 3509 dolere
542 3442 659 3517 solent,
675 3454 733 3523 ego
742 3442 847 3504 laetor
854 3461 869 3498 ·.
878 3432 1077 3495 summus
