2272 4176
241 219 285 260 nn
308 215 482 259 mammen
505 212 748 259 courranrronn
771 212 800 256 o.
821 204 866 260 61.
1004 192 1047 256 37

58 366 177 431 bostilia
194 367 335 428 cadavera
349 364 476 425 amicum
491 361 547 431 alii,
568 379 637 440 pars
654 359 799 438 hospitem
820 367 870 421 aut
889 369 1047 438 cognatum

59 449 264 532 reperiebant,
280 449 364 510 luere
377 448 448 508 item
462 447 512 524 qui
527 446 661 505 inimicos
676 460 744 504 suos
762 453 983 520 cognoscerent.
1005 445 1077 513 ltun

60 536 142 598 varie
163 550 219 612 per
240 549 359 593 omnem
380 529 542 592 exercitum
562 528 670 590 laetitia
691 545 818 598 maeror,
840 527 937 590 luctus
959 536 1047 608 atqua

61 617 169 699 gaudia
186 615 380 694 agitabantur.

453 865 654 877 uun-uu·—

264 1117 361 1198 GAI
389 1117 646 1198 SALLVSTI
674 1115 847 1200 CRISPI

499 1319 611 1368 LIBER

57 1480 60 1485 ¹
170 1493 248 1581 DE
284 1492 488 1580 BELLO
528 1492 928 1583 IVGVRTHINO

478 1708 628 1720 --—-

33 1897 46 1937 a
150 1853 246 1941 Falso
266 1875 399 1955 queritur
415 1875 451 1936 de
473 1881 577 1936 natura
594 1892 647 1935 sua
663 1889 755 1952 genus
769 1874 945 1946 humanum,
965 1879 1043 1956 quod
1057 1884 1073 1945 1

56 1958 196 2023 inbecilla
208 1966 295 2039 atque
307 1960 370 2020 aevi
383 1957 482 2021 brevis
497 1959 573 2021 lorte
584 1959 681 2037 potius
692 1977 780 2038 quam
791 1961 896 2021 virtute
911 1968 1041 2038 regatur.

55 2046 135 2107 Nam
152 2048 254 2105 contra
275 2043 441 2122 reputando
462 2061 559 2122 neque
580 2044 674 2104 maius
696 2041 774 2104 aliud
798 2062 894 2123 neque
912 2052 1069 2123 praesta-2

55 2128 146 2189 bilius
160 2127 289 2188 invenias
300 2128 452 2206 magisque
467 2132 588 2188 naturae
602 2125 774 2187 industriam
789 2127 939 2190 hominum
957 2148 1044 2208 quam

55 2215 116 2273 vim
136 2218 186 2273 aut
207 2218 322 2290 tempus
341 2210 452 2272 deesse.
482 2211 532 2272 Set
544 2210 603 2271 dux
614 2217 701 2289 atque
711 2213 861 2289 inperator
875 2214 949 2274 vitae
964 2228 1070 2281 mor-3

14 2296 160 2358 natalium
171 2297 285 2356 animus
302 2300 358 2355 est:
374 2296 424 2373 qui
438 2293 490 2355 ubi
506 2295 543 2355 ad
559 2293 681 2373 gloriam
697 2297 808 2357 virtutis
822 2297 866 2357 via
881 2303 1041 2374 grassatur,

55 2379 176 2441 abunde
196 2377 310 2458 pollens
330 2384 493 2457 potensque
507 2383 536 2440 et
556 2377 653 2441 clarus
667 2384 711 2440 est
726 2397 822 2459 neque
842 2380 960 2441 lortuna
977 2389 1043 2458 eget

58 2499 94 2510 —
113 2464 222 2543 quippe
235 2461 413 2542 probitatem
429 2463 601 2524 industriam
616 2463 744 2542 aliasque
756 2466 826 2525 artis
839 2463 932 2523 bonas
947 2482 1042 2545 neque

55 2548 130 2610 dare
148 2565 246 2626 neque
265 2547 380 2627 eripere
404 2548 540 2626 culquam
557 2552 654 2625 potest
677 2567 730 2606 -ε
753 2548 797 2607 sin
823 2554 926 2625 captus
946 2550 1071 2625 provisa

58 2630 247 2710 cupidinibus
259 2630 295 2692 ad
312 2632 447 2692 inertiam
459 2638 488 2693 et
499 2629 661 2709 voluptates
676 2633 810 2710 corporis
825 2647 944 2708 pessum
959 2632 1043 2693 datus

19 2736 45 2777 ra
56 2723 117 2784 est,
140 2715 300 2794 pernitiosa
319 2714 449 2777 lubidine
463 2715 612 2794 paulisper
630 2732 716 2783 usus,
740 2713 791 2774 ubi
804 2731 859 2792 per
878 2716 1043 2775 socordiam

55 2801 134 2861 vires
156 2805 273 2877 tempus
293 2801 443 2877 ingenium
461 2798 624 2868 dillluxere,
640 2796 764 2859 naturae
783 2798 935 2859 infirmitas
956 2816 1042 2859 accu-

55 2889 156 2945 satur:
172 2900 255 2943 suam
272 2886 395 2962 quisque
410 2883 526 2962 culpam
540 2890 655 2944 actores
667 2882 703 2943 ad
722 2883 837 2958 negotia
852 2881 1041 2943 transferunt.

55 2966 142 3039 Quod
157 2968 183 3028 si
197 2965 366 3028 bominibus
381 2967 527 3028 bonarum
542 2984 644 3028 rerum
656 2971 735 3026 tanta
749 2983 819 3027 cura
831 2971 916 3034 esset,
933 2970 1068 3043 quantos

54 3050 153 3111 studio
168 3049 262 3111 aliena
280 3069 315 3111 ao
337 3050 409 3112 nibil
428 3049 584 3130 profutura
603 3050 751 3128 multaque
772 3051 857 3111 etiam
878 3047 1043 3127 periculosa

19 3152 94 3198 aooc
105 3137 270 3211 pernitioso
280 3140 393 3213 petunt,
409 3152 506 3213 neque
516 3139 691 3210 regerentur
701 3134 794 3208 magis
805 3150 893 3210 quam
904 3138 1043 3209 regerent

55 3236 143 3280 casus
165 3226 195 3279 et
209 3235 244 3279 eo
264 3218 472 3295 magnitudinis
491 3218 701 3295 procederent,
723 3214 774 3276 ubi
794 3233 849 3293 pro
870 3215 1043 3277 mortalibus

54 3301 150 3379 gloria
171 3303 283 3363 aeterni
301 3302 415 3362 fierent.
439 3300 513 3362 Nam
528 3303 569 3361 uti
584 3316 677 3376 genus
691 3298 843 3359 hominum
858 3300 1042 3377 conpositum
1055 3306 1075 3366 2

54 3404 92 3446 ex
114 3401 241 3464 corpore
264 3393 294 3446 et
310 3387 406 3447 anima
422 3390 474 3454 est,
496 3385 536 3445 ita
558 3400 607 3445 res
622 3389 745 3444 cunctae
767 3382 922 3462 studiaque
946 3385 1043 3444 omnia

52 3477 157 3529 nostra
180 3470 314 3547 corporis
335 3469 399 3541 alia,
424 3468 478 3530 alia
499 3469 587 3529 animi
605 3472 741 3529 naturam
763 3473 912 3528 secuntur.
950 3466 1067 3545 Igitura
