2272 4176
973 39 1038 358 ΙΙΙ
1022 333 1026 345 Ι

316 377 325 391 “
1036 366 1038 371 .

68 517 109 579 78
365 522 415 584 llll
436 521 561 582 BELLO
586 520 751 582 GALLICO

68 688 148 748 quos
178 674 354 736 nominatim
380 681 578 750 evocaverat,
605 677 785 736 consolatus
807 674 1038 738 Indutiomarun

68 757 276 836 hortatusque
291 767 348 835 est,
363 761 407 820 uti
422 761 451 819 in
472 760 574 820 ollicio
589 766 742 828 maneret;
770 758 865 819 nihilo
881 766 984 820 tamen
1000 777 1038 821 se

68 843 132 903 eius
151 844 342 919 principibus
355 846 557 906 Treverorum
569 844 609 904 ad
623 860 658 904 se
674 843 852 911 convocatis
868 842 927 905 hos
944 844 1038 920 singil-

68 927 149 985 latim
168 929 350 1003 Cingetorigi
375 930 562 1003 conciliavit,
591 928 675 1000 quod
691 944 759 988 oum
773 928 881 989 merito
897 929 966 989 eius
981 946 999 989 a
1012 944 1038 989 st

67 1011 133 1071 lieri
151 1013 360 1088 intellegebat,
383 1018 446 1073 tum
464 1013 565 1088 magni
586 1013 737 1073 interesse
759 1008 966 1073 arbitrabatur
980 1013 1038 1074 eius

67 1099 280 1158 auctoritatem
294 1097 372 1157 inter
388 1115 463 1179 suos
480 1097 746 1173 quamplurimum
757 1098 872 1173 valere,
888 1098 976 1158 cuius
987 1104 1038 1157 tarn

67 1183 225 1255 egregiam
245 1183 275 1241 in
297 1198 332 1241 se
345 1186 534 1244 voluntatem
549 1183 774 1257 perspexisset.
802 1182 839 1240 ld
853 1182 920 1242 tulit
934 1184 1038 1242 lactum

67 1265 203 1339 graviter
226 1267 467 1342 Indutiomarus,
497 1273 585 1328 suam
606 1267 735 1342 gratiam
756 1267 835 1325 inter
851 1282 927 1327 suos
943 1266 1038 1343 minui,

67 1355 105 1423 ct,
123 1349 175 1425 qui
193 1351 252 1410 iam
267 1358 337 1411 ante
352 1353 472 1412 inimico
488 1352 519 1411 in
534 1368 591 1412 nos
608 1352 708 1412 animo
724 1350 851 1426 luisset,
867 1352 963 1411 multo
977 1367 1038 1426 gra-

68 1434 135 1493 vius
150 1434 214 1495 hoc
228 1437 336 1497 dolore
350 1438 476 1497 exarsit.

148 1518 187 1576 V.
222 1519 277 1579 His
304 1522 397 1581 rebus
425 1519 596 1582 constitutis
619 1521 733 1580 caesar
754 1519 794 1578 ad
815 1524 939 1593 portum
959 1520 1038 1579 Ilium

68 1619 136 1662 cum
151 1603 325 1676 legionibus
344 1607 490 1680 pervenit.
520 1605 565 1664 lbi
588 1603 748 1679 cognoscit
768 1617 807 1660 nx
825 1619 939 1679 naves,
967 1618 1038 1679 quae

67 1687 96 1745 in
111 1686 221 1746 Meldis
231 1690 429 1765 taetuecrant,
451 1693 635 1763 tempestate
651 1688 783 1747 reiectas
800 1703 927 1748 cursum
943 1695 1038 1748 tenere

68 1788 128 1831 non
142 1773 285 1846 potuisse
300 1780 393 1849 etque
408 1775 533 1847 eodem,
548 1773 630 1834 unde
652 1778 738 1832 erant
759 1773 928 1847 profectae,
944 1788 1038 1833 rever·

68 1857 159 1925 tissc;
174 1858 311 1932 reliquas
326 1867 450 1932 paratas
467 1858 506 1918 ad
521 1858 727 1933 navigandum
738 1862 832 1932 atque
844 1857 986 1918 omnibus
997 1872 1038 1917 re

67 1942 124 2000 bus
148 1940 315 2002 instructas
337 1942 461 2002 invenit.
491 1942 609 2002 Eodem
635 1942 788 2017 equitatus
814 1942 909 2002 totius
933 1942 1038 2002 Galliae

68 2026 210 2087 convenit
225 2042 352 2088 numero
368 2028 482 2087 milium
499 2035 642 2103 quattuor
657 2026 880 2102 principesque
895 2042 935 2086 ox
951 2026 1038 2089 onmi-

68 2111 123 2171 bus
139 2110 328 2183 civitatibus;
343 2129 382 2172 ex
395 2113 507 2188 quibus
519 2128 704 2187 perpaucos,
720 2127 851 2186 quorum
862 2113 893 2170 in
908 2127 943 2170 se
954 2113 1038 2172 fidem

67 2206 285 2273 perspexerat,
300 2198 475 2272 relinquere
491 2198 520 2257 in
537 2198 650 2272 Gallia,
665 2196 803 2271 reliquos
817 2196 962 2256 obsidum
976 2199 1038 2257 loco

69 2296 173 2342 secum
188 2283 303 2342 ducere
318 2283 512 2358 decreverat,
538 2282 637 2358 quod,
655 2281 809 2355 cumipse
824 2280 966 2357 abesset,
981 2296 1038 2341 mo-

67 2371 128 2425 tum
145 2366 259 2425 Galliae
273 2366 445 2425 verebatur.

147 2450 199 2508 Vl.
221 2449 295 2509 Erat
305 2467 367 2511 una
379 2467 447 2511 cum
460 2450 570 2510 ceteris
580 2449 914 2525 DumnorixHaeduus
931 2450 970 2510 de
983 2466 1038 2527 quo

66 2540 135 2593 ante
150 2533 188 2592 ab
204 2535 293 2593 nobis
310 2535 424 2595 dictum
443 2542 499 2595 est.
529 2535 618 2594 Hunc
641 2550 748 2594 secum
761 2534 876 2594 habere
892 2535 922 2595 in
938 2534 1038 2609 primis

67 2618 279 2694 constituerat,
303 2621 472 2694 quodcum
489 2620 633 2695 cupidum
648 2635 751 2680 rerum
765 2635 932 2695 novarum,
960 2621 1038 2695 cupi-

66 2703 138 2762 dum
153 2702 287 2779 imperii,
304 2705 405 2780 magni
422 2705 528 2780 anistri,
551 2720 681 2779 magnae
696 2704 774 2763 inter
790 2704 895 2764 Gallos
911 2704 1038 2765 auctori-

67 2788 134 2847 tatis
152 2796 347 2862 cognoverat.
377 2788 557 2849 Accedebat
570 2790 645 2864 huc,
670 2788 800 2864 quodie
817 2789 949 2849 concilio
964 2790 1038 2849 Hae·

66 2873 195 2933 duorum
211 2873 378 2933 Dumnorix
394 2874 513 2933 dixerat
528 2874 586 2933 sibi
609 2890 627 2932 a
642 2873 773 2932 Caesare
794 2888 924 2946 regnum
940 2874 1038 2934 civita-

65 2956 103 3016 tis
120 2957 248 3027 delerri;
265 2959 350 3032 quod
365 2958 478 3016 dictum
492 2957 612 3017 Haedui
627 2958 762 3031 graviter
777 2957 925 3032 terebant,
941 2972 1038 3033 noque

64 3042 229 3101 recusandi
245 3050 296 3103 aut
312 3042 499 3117 deprecandi
515 3058 610 3101 causa
620 3044 738 3116 legatos
752 3041 965 3101 aucaosarem
977 3042 1038 3103 mit·

64 3133 130 3186 tere
151 3126 315 3186 audebant.
350 3128 386 3185 ld
407 3127 520 3186 iactum
535 3142 574 3185 cx
590 3127 655 3185 suis
670 3123 845 3201 hospitibus
862 3126 977 3187 Caesar·
991 3143 1038 3189 co·

64 3216 222 3285 gnoverat.
252 3212 306 3270 llle
322 3212 462 3270 omnibus
479 3211 576 3285 primo
592 3211 737 3285 precibus
754 3217 860 3284 petere
876 3212 1038 3285 contendit,

64 3303 97 3355 ut
110 3297 140 3356 in
154 3295 249 3355 GallIe
260 3295 493 3370 relinqueretur,
506 3296 616 3369 partim
629 3296 712 3369 quod
726 3293 866 3355 insuetus
878 3294 1038 3370 navigandi

64 3396 147 3441 mare
161 3379 296 3454 timeret,
312 3380 423 3455 partim
439 3380 525 3455 quod
538 3379 737 3454 religionibus
752 3380 894 3454 impediri
910 3396 983 3440 sesc
996 3378 1038 3439 di·

65 3472 156 3524 cerel.
184 3464 391 3540 Posteaquam
413 3464 444 3523 id
465 3464 618 3524 obstinate
639 3464 697 3523 sibi
718 3463 825 3538 negari
839 3464 931 3540 vidit,
959 3462 1037 3525 orrrnl

64 3565 121 3623 spe
136 3550 308 3624 inpetrandi
323 3551 468 3624 adempta
481 3548 639 3624 principes
657 3548 772 3608 Galliae
787 3549 969 3623 sollicitare,
991 3562 1036 3608 sc

64 3648 176 3693 vocare
192 3635 329 3710 singulos
344 3633 523 3710 hortarique
538 3633 649 3709 coepit,
663 3632 708 3692 uti
720 3633 750 3692 in
763 3633 928 3694 continenti
943 3646 1026 3694 rema

63 3724 186 3787 nerone
201 3725 284 3779 metu
298 3720 452 3781 territare=
467 3736 529 3781 non
545 3718 611 3780 sine
624 3733 719 3778 eausa
730 3717 798 3777 lieri
808 3718 948 3778 utGallia
959 3714 1035 3778 omni

63 3801 218 3867 nobilitate
231 3805 423 3879 spoliaretur,
435 3805 468 3864 id
480 3820 551 3865 esse
564 3803 725 3864 consilium
734 3802 884 3880 caesaris,
900 3806 942 3875 ut,
959 3814 1034 3879 quos
