2272 4176
63 430 126 497 aas
240 402 245 413 ’
376 432 427 493 nu
447 428 572 493 annno
595 428 712 491 crum

65 587 131 651 Ser.
146 586 300 663 Sulpicius
321 592 352 649 ct
363 585 497 647 Licinius
511 583 736 661 Damasippus,
751 577 1038 661 paucis'quas'lierl

64 674 154 735 vellet
172 674 279 735 Uticae
300 671 455 733 constituit
479 676 571 745 atque
590 670 754 745 imperavit
773 668 947 745 diebusque
969 673 1039 745 post
1068 682 1072 691 ·

65 760 170 833 paucis
185 776 220 820 se
234 759 263 819 in
278 774 407 835 regnum
423 773 492 816 curn
506 755 646 817 omnibus
659 754 759 830 copiis
772 752 899 831 recepit

422 1055 587 1120 LIBER
624 1053 676 1118 lu

364 1195 723 1255 ARGUMENTUM.

83 1316 173 1368 &esar
190 1316 266 1365 rebus
283 1316 384 1365 urbanis
404 1315 525 1365 ordinatis
544 1313 567 1364 1.
589 1310 850 1363 consulBrundisium
860 1311 912 1361 abit
922 1309 948 1361 2.
968 1312 1038 1365 Pom·

114 1388 186 1452 peius
211 1401 242 1451 aa
265 1386 359 1435 oriente
381 1400 498 1450 maguam
522 1385 572 1433 rim
600 1382 697 1447 colligit
713 1377 809 1431 3-5.
849 1379 945 1433 Caesar
970 1392 1038 1449 parts

114 1455 202 1504 classis
221 1455 314 1504 amissa
332 1457 357 1503 in
369 1454 498 1504 Graeciam
506 1453 589 1502 traicit
598 1451 687 1501 Bibulo
697 1451 826 1500 incassum
835 1452 954 1502 obstante
963 1448 1037 1504 6-8.

114 1524 147 1573 lt.
159 1524 286 1583 Octavius,
306 1524 409 1589 Pompei
428 1525 536 1590 legatus,
557 1522 651 1572 frustra
667 1519 772 1570 Salonas
791 1519 959 1587 oppugnati).
979 1520 1038 1571 Cae·

115 1608 157 1643 sar
174 1608 263 1658 pacem
288 1593 454 1658 temptatio·
491 1592 576 1657 Captis
595 1589 667 1640 Orico
689 1596 714 1639 et
729 1590 867 1654 Apollonia
891 1592 927 1641 ad
943 1593 1037 1656 Apsum

114 1674 195 1713 castra
214 1664 292 1728 ponit.
329 1663 463 1728 Pompeius
480 1660 661 1729 Dyrrhachium
680 1666 786 1724 occupat
804 1658 928 1711 11-13.
965 1660 1037 1711 Bibu-

113 1733 152 1782 lus
171 1735 234 1783 nrari
251 1734 415 1797 portibusque
426 1732 566 1792 Caesarem,
585 1730 627 1780 bio
644 1728 915 1794 iilumterraprohibet
926 1726 1035 1782 14-15.

113 1802 219 1852 Bibulus
243 1804 349 1853 moritur
372 1800 500 1854 16-18.
536 1800 663 1850 Labienus
687 1798 721 1848 ad
737 1798 888 1864 Pompeium
906 1800 1037 1865 transfuga

114 1874 164 1922 sisi
184 1873 298 1922 Caesaris
317 1874 398 1937 capite
415 1873 493 1922 relato
513 1871 628 1936 componi
646 1883 735 1934 paoem
752 1883 829 1934 posse
848 1867 988 1936 negat19.
1011 1870 1037 1919 ln

113 1943 175 1992 urbe
195 1942 273 1993 Caelii
292 1948 317 1991 et
335 1942 433 1991 Milonis
458 1948 541 1991 motus
563 1939 654 1990 horum
672 1938 749 1988 caede
768 1939 890 1989 sedantur
906 1937 1034 1991 20-20.

112 2011 184 2071 Libo,
203 2012 305 2076 Pompei
332 2011 438 2078 legatus,
457 2010 635 2060 Brundisinum
652 2016 753 2073 portum
771 2007 865 2058 frustra
883 2009 1035 2073 aliquamdiu

115 2082 214 2132 obsidet
234 2079 276 2132 23.
297 2077 339 2131 14.
375 2082 499 2131 Antonius
525 2088 548 2129 et
567 2078 674 2128 Calenus
696 2093 753 2128 eum
773 2079 896 2128 subsidiis
916 2095 950 2129 ex
969 2078 1034 2129 ltalia

115 2152 277 2202 advenientes
297 2166 353 2200 cum
372 2150 477 2200 Caesare
496 2151 633 2214 iunguntur
650 2144 762 2198 25—30.
800 2146 884 2212 Scipio
905 2149 1026 2198 detrimen

113 2223 145 2270 tis
171 2223 237 2271 circa
261 2220 387 2269 Amanum
410 2221 519 2284 acceptis
546 2219 579 2268 ad
602 2218 749 2282 Pompeium
768 2218 872 2267 adducit
892 2221 1028 2268 exercitum

114 2306 188 2353 quem
206 2291 382 2355 largitionibus
403 2298 426 2339 et
444 2289 539 2354 rupinis
558 2296 582 2337 et
601 2286 897 2339 vexationeGraccornm
915 2289 941 2337 in
956 2287 1034 2339 cilicio

115 2368 190 2409 tenet.
227 2358 350 2423 Ephesius
373 2362 494 2424 pecunias
513 2373 589 2423 aegre
608 2365 691 2407 servat
710 2355 802 2407 Caesar
818 2352 942 2408 31-33.
980 2357 1034 2407 Cas·

114 2431 179 2479 sium
199 2430 222 2477 in
244 2428 411 2489 Thessaliam,
432 2428 568 2479 Calvisium
588 2428 613 2475 in
632 2426 768 2486 Aetoliam,
786 2426 926 2476 Domitium
943 2428 970 2475 in
986 2426 1034 2476 bie·

115 2499 246 2548 ordinariam
265 2500 339 2548 mittit
357 2496 399 2549 34.
419 2498 461 2550 35.
498 2498 561 2546 Huic
586 2498 717 2561 oppositus
736 2495 820 2561 Scipio
840 2497 977 2546 molerem
994 2511 1034 2561 ge·

112 2569 144 2617 rit
161 2564 273 2618 36-38.
310 2569 415 2632 Pompei
442 2568 507 2617 lilius
523 2566 622 2615 Oricum
642 2573 666 2616 et
683 2565 784 2615 Lissum
805 2573 912 2631 temptat
931 2562 974 2617 39.
993 2564 1031 2615 40.

113 2638 250 2702 Pompeius
270 2652 285 2686 a
306 2637 412 2687 Caesare
430 2638 463 2687 ad
481 2635 664 2703 Dyrrhachium
684 2638 803 2685 obsessus
822 2633 947 2686 41—51.
982 2635 1033 2684 Plu-

113 2708 182 2756 ribus
206 2707 308 2771 proeliis
331 2707 450 2771 Pompeio
477 2708 575 2757 devicto
599 2704 691 2756 Caesar
715 2721 761 2770 per
783 2705 881 2755 Fufium
904 2704 1033 2763 Aetoliam,

114 2778 289 2837 Acarnaniam,
309 2776 436 2826 Boeotiam
456 2783 574 2840 occupat,
592 2775 703 2825 Achaiae
722 2775 814 2834 inhiat,
834 2790 912 2838 quam
929 2774 1034 2824 Rutilius

115 2846 199 2911 Lupus
225 2855 310 2895 tuetur
331 2843 459 2896 52-56.
498 2846 589 2896 Caesar
614 2847 695 2894 denuo
715 2861 771 2894 cum
790 2843 909 2910 Scipione
928 2846 961 2894 de
977 2858 1034 2910 pace

113 2919 176 2981 agit,
198 2917 244 2965 sed
265 2917 371 2980 sinistra3
388 2915 474 2980 pabuli
493 2916 578 2979 inopia
594 2914 740 2978 Pompeium
759 2916 850 2978 premit
868 2911 912 2966 57.
935 2912 978 2964 58.
998 2912 1034 2963 Ad

113 2986 179 3035 hunc
200 2986 350 3050 Allobroges
369 2986 418 3034 duo
444 2984 533 3033 iratres
558 2983 643 3032 relicto
664 2982 770 3032 Caesare
787 2992 935 3044 transeunt,
963 2983 1033 3034 huius

112 3055 216 3104 coirsiiiu
233 3055 353 3119 Pompeio
370 3054 488 3120 produnt,
508 3054 552 3117 qui
571 3052 664 3117 duplici
683 3053 754 3103 clade
773 3052 908 3103 Caesarem
923 3054 958 3103 ad
976 3054 1033 3120 Dyr·

110 3124 240 3174 rhachium
262 3125 353 3174 adiicit.
390 3124 515 3173 Labienus
540 3124 653 3187 captivos
679 3123 798 3171 trucidari
819 3123 889 3172 iubet
908 3119 1032 3173 all-tl.

112 3194 271 3258 Pompeianis
290 3208 382 3259 magna
407 3194 499 3242 fiducia
525 3194 621 3242 accedit
645 3188 687 3243 72.
725 3192 834 3255 Fugiens
861 3190 956 3241 Caesar
983 3205 1033 3242 cum

109 3265 217 3314 Domitio
247 3265 394 3313 coniunctus
421 3262 577 3312 Thessaliam
606 3269 711 3327 occupat
744 3257 874 3313 73-81.
925 3264 1034 3327 seqnitur

110 3334 253 3398 Pompeius.
291 3334 418 3383 Victoriae
447 3335 520 3396 quasi
545 3332 604 3382 certi
631 3332 777 3395 Pompeiani
803 3332 834 3381 de
863 3334 985 3396 praemiis
1011 3338 1033 3381 el

111 3404 248 3454 honoribus
267 3410 291 3452 et
310 3404 340 3453 dc
359 3403 540 3468 persequendis
561 3400 698 3451 inimicitiis
732 3408 812 3466 agunt
829 3397 872 3451 81.
892 3400 936 3452 83.
975 3402 1032 3452 Cae·

111 3489 153 3524 sar
184 3474 313 3539 pugnandi
347 3472 493 3523 facultatem
528 3479 617 3522 nactus
650 3472 683 3521 ad
716 3469 863 3519 Pharsalum
890 3471 1033 3538 Pompeium

112 3543 195 3593 lundit
214 3542 326 3597 tls-99.
348 3553 430 3593 castra
450 3545 504 3592 eius
521 3557 538 3593 a
557 3541 664 3592 Caesare
683 3550 771 3605 capta,
790 3540 919 3590 Domitius
938 3556 1032 3602 mesos,

113 3614 167 3677 ipse
185 3612 321 3678 Pompeius
341 3613 403 3679 iuga
422 3613 530 3663 elabitur
548 3611 606 3663 100.
623 3610 726 3661 Laelius
744 3613 839 3660 interea
857 3609 1034 3663 Brundisinum

113 3690 212 3746 portum
238 3684 336 3733 obsidet
355 3692 379 3733 et
397 3682 501 3733 Cassius
519 3683 626 3732 classem
647 3679 762 3730 Caesaris
779 3680 805 3728 in
824 3678 913 3732 Sicilia
928 3682 1034 3733 incendii

115 3748 172 3800 101.
206 3751 353 3819 Fugientem
375 3752 523 3818 Pompeium
546 3751 706 3818 persequitur
729 3749 822 3800 Caesar
848 3748 899 3801 102
945 3751 1033 3804 bata
