2272 4176
491 134 605 198 tlBtm
623 137 647 198 1.
983 134 1044 203 105

64 284 130 345 elas
148 285 409 363 proficisceretur,
424 304 463 347 ne
475 306 536 365 qua
551 297 635 352 esset
650 305 802 351 annorum
815 308 924 353 causas
940 292 1044 353 timere

64 370 232 431 Caesarem
250 372 400 446 surreptis
414 372 452 432 ab
468 389 505 433 eo
521 375 641 435 duabus
658 375 846 451 legionibus,
868 392 908 436 ne
922 378 962 437 ad
977 378 1043 438 eius

64 456 239 533 periculum
259 471 421 517 reservare
435 464 466 517 et
486 459 618 519 retinere
636 475 689 519 eas
706 461 745 519 ad
760 461 866 520 urbem
880 460 1043 536 Pompeius

67 540 242 612 videretur;
260 541 338 601 ulM.
348 542 455 617 Rums,
472 544 524 619 qui
539 545 721 604 sententiam
736 544 840 604 Calidii
856 546 965 620 paucis
980 547 1044 605 lere

68 627 190 687 mutatis
206 626 302 686 rebus
317 627 514 701 sequebatur.
543 629 580 687 Hi
597 644 703 688 omnes
724 629 862 689 convicio
877 630 910 688 L.
925 630 1042 689 Lentuli

69 711 206 772 consulis
223 710 355 785 correpti
372 713 611 786 exagitabantur.
632 713 779 773 Lentulus
794 714 974 775 sententiam
989 714 1043 773 Ca·

70 796 127 855 lidii
144 796 412 872 pronuntiaturum
425 813 460 857 se
472 797 594 858 omnino
604 799 735 872 negavit.
750 798 913 859 Marcellus
928 804 1043 872 perter-

71 880 141 941 ritus
157 880 308 942 conviciis
324 896 413 940 esua
427 882 578 942 sententia
594 883 746 943 discessit.
763 881 814 942 Sic
829 884 956 943 vocibus
972 899 1043 943 con-

73 965 153 1040 srdis,
169 974 290 1025 terrore
307 967 477 1040 praesentis
494 967 656 1041 exercitus,
673 967 762 1025 minis
778 967 943 1026 amicorum
961 965 1043 1026 Pom-

74 1049 117 1125 pei
139 1051 283 1126 plerique
299 1052 462 1126 compulsi,
489 1052 574 1111 inviti
591 1058 620 1111 et
634 1052 732 1111 coacti
749 1050 903 1126 Scipionis
921 1059 1042 1111 senten·

74 1136 138 1194 tiam
153 1141 342 1211 sequuntur=
371 1137 413 1195 uti
435 1144 505 1196 ante
521 1146 633 1197 certam
654 1137 733 1196 diem
750 1135 863 1196 Caesar
877 1137 1043 1197 exercitum

75 1219 215 1289 dimittat,
232 1221 259 1280 si
274 1236 336 1279 non
351 1221 450 1295 iaciat,
466 1237 534 1280 eum
550 1222 701 1281 adversus
715 1222 934 1295 rempublicam
949 1222 1044 1281 lactu·

75 1321 134 1364 mm
148 1305 259 1364 videri.
288 1305 451 1366 Intercedit
465 1306 506 1364 Μ.
522 1306 691 1381 Antonius,
717 1307 749 1380 Q.
767 1305 907 1381 Cassius,
932 1307 1044 1366 tribuni

75 1390 177 1465 plebis.
209 1392 352 1451 Refertur
366 1392 528 1451 confestim
543 1393 582 1451 de
603 1391 824 1451 intercessione
843 1391 1043 1452 tribunorum.

75 1474 217 1535 Dicuntur
232 1476 402 1535 sententiae
416 1492 543 1551 graves:
565 1484 598 1535 ut
614 1476 745 1552 quisque
761 1475 960 1535 acerbissime
975 1491 1043 1535 cru·

75 1558 289 1635 latissimeque
310 1561 399 1634 dixit,
426 1561 468 1621 ita
483 1577 573 1636 quam
588 1561 721 1620 maxime
735 1561 773 1620 ab
790 1559 918 1620 inimicis
934 1560 1043 1620 Caesa-

74 1643 112 1704 ris
126 1646 338 1705 conlaudatur.

149 1730 201 1789 Ill.
224 1729 322 1789 Misso
338 1729 378 1788 ad
391 1743 554 1804 vesperum
569 1736 678 1789 senatu
693 1742 809 1802 omnes,
826 1727 877 1802 qui
892 1735 963 1789 sunt
976 1730 1043 1791 eius

74 1814 202 1888 ordiniS,
227 1814 410 1889 aPompeio
431 1822 607 1876 evocantur.
636 1814 754 1874 Laudat
765 1812 930 1887 Pompeius
952 1820 1044 1888 atquc

73 1898 100 1959 iu
120 1906 279 1975 posterum
301 1899 474 1973 confirmat,
500 1900 659 1974 segniores
676 1898 804 1972 castigat
818 1903 910 1972 atque
930 1897 1042 1958 incitat.

73 1982 151 2044 Mulli
167 1984 306 2059 undique
321 1999 359 2042 cx
374 1984 528 2042 veteribus
542 1984 667 2059 Pompei
686 1981 871 2042 exercitibus
884 1998 941 2057 spe
955 1997 1043 2057 prec-

74 2068 198 2128 miorum
213 2075 306 2144 atque
321 2069 460 2127 ordinum
476 2076 651 2142 evocantur,
666 2068 751 2127 multi
763 2083 802 2125 ex
814 2067 933 2128 duabus
949 2067 1043 2141 legio-

74 2154 176 2227 nibus,
200 2169 281 2228 quae
295 2160 367 2213 sunt
381 2153 509 2212 traditae
524 2170 542 2212 a
558 2154 703 2228 Caesare,
720 2159 926 2211 arcessuntur.
956 2152 1042 2213 Com-

73 2241 169 2315 plctur
183 2239 258 2298 urbs
274 2238 384 2297 eteius
399 2238 552 2297 comitium
567 2239 704 2311 tribunis,
717 2237 954 2312 centurionibus,
971 2252 1043 2298 evo·

73 2325 152 2386 catis.
186 2323 299 2384 Omnes
320 2322 407 2380 amici
431 2325 605 2397 consulum,
631 2322 797 2382 necessarii
811 2321 936 2396 Pompei
951 2329 1044 2398 atque

71 2424 191 2482 eorum,
215 2408 267 2483 qui
283 2412 402 2466 veteres
418 2406 590 2468 inimicitias
606 2425 674 2468 cum
690 2407 821 2466 Caesare
835 2406 996 2481 gerebant,
1012 2407 1043 2466 in

72 2500 209 2555 mustum
225 2499 392 2566 coguntur3
422 2508 551 2566 quorum
566 2494 695 2554 vocibus
717 2499 747 2551 et
762 2507 916 2551 concursu
930 2499 1043 2551 terren·

71 2589 114 2642 tur
127 2577 327 2650 infirmiores,
344 2575 426 2635 dubii
442 2577 671 2651 confirmantur,
687 2577 845 2652 plerisque
858 2591 934 2636 vero
949 2575 1043 2635 libere

72 2663 257 2726 decernendi
278 2669 417 2738 potestas
439 2661 574 2736 eripitur.
603 2663 766 2723 Pollicetur
786 2661 819 2724 L.
840 2661 912 2720 Piso
934 2675 1045 2720 censor

72 2765 137 2811 sese
152 2751 267 2809 iturum
284 2748 323 2806 ad
338 2748 515 2820 Caesarem,
540 2747 610 2806 item
626 2747 658 2806 L.
674 2746 806 2807 Roscius
827 2752 965 2821 praetor,
991 2744 1044 2819 qui

72 2834 106 2894 de
126 2834 177 2894 bis
198 2831 293 2893 rebus
315 2847 384 2890 eum
408 2832 552 2891 doceant:
579 2848 635 2891 sex
650 2832 716 2891 dies
732 2831 771 2889 ad
786 2847 853 2890 eam
867 2845 932 2888 rem
950 2829 1043 2888 confi·

73 2920 208 2979 ciendam
232 2916 323 2992 spatii
345 2918 511 2991 postulant.
540 2917 689 2976 Dicuntur
710 2916 800 2975 etiarn
825 2916 863 2973 ab
888 2913 1041 2974 nonnullis

73 3002 249 3075 sententiae,
265 3008 299 3061 ut
313 3001 402 3074 legati
418 3002 456 3059 ad
473 3002 634 3060 Caesarem
649 3001 818 3074 mittantur,
841 2999 893 3074 qui
906 2999 1044 3058 volunta-

72 3096 127 3166 lem
140 3094 272 3148 senatus
288 3086 315 3143 ei
332 3092 513 3159 proponant.

149 3173 203 3231 IV.
229 3169 375 3229 Omnibus
397 3169 445 3229 his
466 3170 618 3230 resistitur
639 3171 843 3242 omnibusque
859 3166 955 3227 oratio
970 3180 1043 3225 con-

72 3257 154 3332 sulis,
171 3255 339 3330 Scipionis,
356 3255 477 3313 Catonis
495 3255 667 3328 opponitur.
695 3255 839 3315 Catonem
852 3259 973 3311 veteres
989 3249 1044 3311 iui-
1126 3260 1130 3263 ·

70 3341 199 3403 miciliae
226 3340 368 3401 Caesaris
394 3339 519 3399 incitant
544 3346 574 3399 ct
599 3339 688 3401 dolor
712 3337 866 3413 repulsae.
898 3335 1046 3397 Lentulus

69 3427 148 3489 seris
170 3426 264 3487 alieni
280 3423 488 3500 magnitudine
505 3431 535 3484 et
555 3441 612 3501 spe
637 3423 792 3485 exercitus
813 3436 851 3483 ac
871 3418 970 3497 proult

783 3500 844 3575 ta*
