2272 4176
134 504 173 562 12
243 520 287 561 mc
310 514 484 557 canicunis
508 516 750 561 connvsnrnosn
773 520 803 563 c.
825 510 871 565 21.
893 510 938 563 22.
959 512 1002 568 23-

132 670 190 728 citu
213 668 246 727 P.
270 669 386 728 Sittium
406 666 603 735 Nucerinum,
625 666 729 727 consili
749 670 797 729 sui
816 670 991 749 participes:
1011 678 1094 748 palera

130 752 315 812 consulatum
326 751 361 811 C.
373 752 540 818 Antonium,
552 768 640 829 quem
657 748 712 811 sibi
729 750 888 829 conlegam
897 752 962 813 lore
972 762 1094 831 speraret,
1127 780 1130 785 ·

130 837 280 896 bominem
294 842 323 895 et
334 832 507 895 familiarem
519 839 547 894 et
558 832 695 895 omnibns
705 834 975 897 necessitudinibus
986 838 1096 899 circum·

104 927 264 979 arentum:
289 936 357 978 cum
374 936 410 978 eo
425 935 457 978 se
472 915 623 977 consulem
637 919 752 979 initium
765 918 880 997 agrmdi
896 918 1042 981 tactuum.
1060 920 1097 981 ld
1120 932 1127 989 J

129 1010 186 1062 noc
207 1001 282 1063 male
305 1002 388 1062 dictis
410 998 582 1078 increpabat
607 1003 702 1062 omnis
721 999 835 1072 bonos,
864 1021 986 1065 sucrum
1005 984 1130 1077 unum-tl,l

130 1104 275 1164 quemque
302 1086 456 1144 nominans
483 1082 617 1146 laudare:
646 1084 825 1147 admonebat
850 1086 944 1149 alium
969 1088 1097 1165 nocane
1113 1100 1130 1164 ’ζ

129 1169 218 1229 aliurn
241 1169 404 1247 cupiditatis
425 1185 510 1237 suae,
539 1169 688 1246 conpluris
706 1168 833 1247 periculi
854 1180 910 1233 aut
929 1174 1097 1250 ignominiae,
1122 1165 1130 1245 :f

104 1251 237 1314 emultos
253 1253 390 1312 victoriae
407 1250 557 1319 Sullanae,
579 1252 685 1331 quibus
700 1271 735 1313 ea
752 1256 885 1331 praedae
900 1256 1005 1318 luerat
1030 1256 1097 1317 Pesl-
1127 1252 1130 1328 ἶ

131 1354 218 1414 quam
234 1336 364 1396 omnium
385 1336 498 1395 animos
519 1334 623 1395 alacris
643 1337 736 1405 videt,
759 1336 937 1401 cohortatus
954 1350 987 1401 ut
1001 1343 1097 1423 petilio
1126 1330 1130 1341 '

79 1419 198 1478 ‘linem
212 1436 295 1479 suam
317 1437 406 1479 curae
427 1416 584 1488 haberent,
605 1427 781 1481 conventum
802 1422 924 1483 dimisit.
962 1424 1054 1487 Fuere
1070 1444 1094 1487 u
1124 1484 1129 1501 ,

130 1509 315 1580 tempestate,
340 1505 390 1581 qui
404 1503 537 1564 dicerent
549 1500 700 1565 Catilinam
719 1504 854 1567 oratione
877 1505 979 1569 babila
993 1510 1095 1571 eumad
1124 1508 1130 1579 ἶ

128 1588 331 1651 iusiurandum
346 1588 499 1670 popularis
512 1588 632 1653 sceleris
646 1590 692 1653 sui
705 1589 847 1669 adigeret,
866 1590 992 1654 humani
1007 1612 1093 1671 corpe
1126 1586 1130 1661 Ῑ

101 1675 168 1735 nris
180 1676 351 1752 sanguinem
366 1677 430 1735 vino
441 1676 618 1754 permixtum
632 1677 662 1736 in
673 1675 781 1754 pateris
796 1676 1029 1739 circumtulisse:
1041 1678 1093 1739 inde
1127 1684 1130 1757 j

130 1776 197 1817 cum
215 1766 281 1836 post
296 1761 512 1820 execrationem
528 1777 631 1820 omues
645 1760 893 1837 degustavissent,
910 1764 996 1825 sicuti
1011 1763 1092 1824 nol·
1127 1770 1130 1829 ζ

127 1840 273 1903 lemnibus
293 1845 384 1903 sacris
404 1843 468 1907 lieri
489 1845 648 1911 cousuevit,
671 1845 823 1923 aperuisse
838 1846 996 1909 consilinm
1015 1861 1112 1915 sunna

128 1933 214 2006 atque
243 1945 277 1988 ec
299 1928 338 1987 ita
359 1926 477 1996 lecisse,
501 1945 559 2006 quo
581 1928 657 1989 inter
677 1945 709 1990 se
729 1928 780 1988 lidi
802 1932 899 2007 magis
923 1931 1019 1994 lorcnt
1035 1930 1091 1993 abus

101 2011 176 2078 3alii
191 2014 263 2074 tanti
282 2012 419 2076 facinoris
437 2014 554 2073 conscii.
589 2012 727 2075 Nonnulli
746 2013 813 2075 licta
829 2023 859 2075 et
881 2015 958 2076 haec
980 2024 1009 2076 et
1021 2014 1090 2075 mulla

128 2106 281 2178 praeterea
294 2096 508 2161 existumabant
518 2098 555 2159 ab
568 2101 625 2166 eis,
642 2100 691 2176 qui
704 2098 852 2159 Ciceronis
866 2100 1019 2169 invidiam,
1034 2116 1091 2177 quac
1122 2098 1130 2167 ζ

128 2194 228 2261 postea
250 2193 312 2245 orta
335 2193 393 2253 est,
413 2183 498 2244 leniri
517 2182 677 2243 credebant
692 2184 842 2242 atrocitate
858 2182 981 2243 sceleris
997 2200 1090 2245 eornn,
1125 2238 1130 2249 ,

129 2271 179 2347 qui
199 2286 310 2347 poenas
333 2269 483 2329 dederant.
525 2265 616 2326 Nobis
637 2285 671 2326 ea
691 2283 740 2326 res
763 2284 817 2344 pro
836 2267 1035 2342 magnitudine
1053 2282 1089 2343 pr·

128 2370 195 2410 rum
211 2360 352 2429 conperta
371 2360 423 2412 est.
1108 2368 1111 2374 '
1127 2408 1130 2415 .

79 2443 117 2503 23
215 2435 264 2494 Set
285 2438 315 2494 in
335 2454 368 2495 ea
386 2436 586 2494 coniuratione
605 2432 659 2493 luit
676 2432 709 2503 Q.
728 2432 848 2502 Curius,
871 2442 959 2494 natus
974 2432 1089 2494 lrautcb·
1124 2432 1130 2445 “

130 2536 217 2577 scuro
232 2519 312 2588 loco,
333 2520 447 2595 llagitiis
462 2524 548 2595 atque
564 2516 744 2576 facinoribus
760 2525 912 2593 copertus,
940 2536 1026 2596 quem
1039 2532 1089 2576 cen·
1121 2566 1130 2607 ,ἦ

100 2619 115 2666 2
128 2619 210 2661 sores
224 2610 326 2663 senatu
338 2603 440 2680 probri
451 2602 544 2677 gratia
555 2607 715 2659 moverant.
731 2600 806 2659 Huic
817 2599 931 2660 homiui
943 2619 1004 2660 uon
1014 2603 1090 2661 mmor

127 2688 237 2745 vanitas
253 2688 347 2746 inerat
364 2704 451 2764 quam
466 2684 602 2744 audacia:
625 2701 720 2761 neque
736 2684 861 2744 relicere
876 2703 953 2762 quae
968 2684 1130 2763 audiente„

128 2787 225 2846 neque
239 2778 353 2830 suamet
367 2771 427 2847 ipse
445 2767 556 2828 scelera
575 2766 736 2834 occultare,
760 2784 883 2843 prorsus
900 2786 998 2845 neque
1012 2769 1089 2828 dicere
1123 2768 1128 2827 ζ

101 2867 223 2928 {lneque
240 2854 337 2913 lacere
352 2855 508 2931 quicquam
523 2853 607 2930 pensi
623 2849 758 2910 habebat.
784 2850 856 2911 Eral
871 2853 898 2911 ei
916 2870 985 2911 curn
1002 2850 1090 2911 l'ulria.

133 2934 257 2995 muliere
279 2936 383 3005 nobili,
407 2938 500 3013 stupri
522 2942 605 2995 vetus
627 2933 823 2994 consuetudo:
854 2937 900 2994 cui
924 2952 991 2995 curn
1013 2936 1091 2994 minus

128 3026 228 3092 gratus
244 3027 328 3089 essct,
345 3023 412 3097 quia
427 3021 524 3099 iuopia
540 3020 635 3078 minus
650 3017 751 3095 largiri
768 3024 891 3093 poterat,
910 3025 1030 3095 repente
1044 3015 1091 3093 glo·
1126 3014 1130 3023 '

127 3103 207 3161 riaus
222 3106 313 3163 maria
329 3105 494 3181 montisque
512 3102 644 3179 polliceri
662 3103 765 3178 coepit,
790 3108 818 3160 et
835 3103 942 3161 minari
961 3101 1112 3161 interdum:

128 3186 217 3253 ferro,
234 3188 264 3244 ni
279 3186 334 3246 sibi
350 3187 474 3246 obnoxia
488 3187 572 3254 lorct,
588 3194 737 3263 postremo
752 3184 881 3245 ferocius
896 3188 1006 3262 agitare
1021 3200 1093 3264 quan
1128 3234 1130 3255 ,

101 3267 230 3327 asolitus
250 3276 320 3329 erat.
346 3270 381 3328 lt
395 3269 504 3338 Fulvia,
520 3268 691 3329 insolentiae
703 3267 772 3327 Curi
787 3285 890 3328 caussa
907 3272 1035 3346 cognita,
1050 3266 1094 3327 talc
1128 3341 1130 3353 Ι

134 3350 297 3427 periculum
319 3352 516 3429 reipublicae
537 3352 608 3412 haut
623 3351 771 3412 occultum
793 3351 912 3423 babuit,
936 3360 980 3413 set
994 3352 1094 3412 sublato

129 3444 249 3494 arictore
266 3436 302 3495 de
314 3435 452 3497 Catilinae
465 3438 674 3505 coniuratione,
693 3454 767 3513 quac
783 3454 900 3514 quoque
912 3436 999 3496 ruodo
1009 3435 1094 3496 audio-
1128 3467 1130 3474 ·

101 3525 187 3585 arat,
207 3519 398 3595 conpluribus
412 3522 549 3581 narravit.
575 3520 616 3579 Ea
627 3537 676 3579 res
690 3520 719 3577 iu
735 3520 836 3596 primis
850 3521 945 3580 studia
958 3520 1094 3580 bominum

128 3601 265 3660 adcendit
289 3602 325 3661 ad
353 3604 535 3664 consulatum
563 3602 761 3663 mandandum
784 3602 821 3661 ll.
846 3602 943 3663 Tullio
965 3602 1093 3663 Ciceroni.

101 3682 261 3760 oNamque
275 3692 360 3744 antea
374 3684 515 3763 pleraque
531 3685 666 3745 nobilitas
680 3686 786 3746 invidia
799 3688 965 3756 aestuabat,
981 3696 1010 3747 et
1024 3684 1094 3765 quasi

125 3764 219 3844 pollui
236 3766 418 3827 consulatum
430 3768 598 3835 credebant,
615 3771 639 3827 si
651 3787 717 3827 euru
730 3772 862 3847 quamvis
874 3774 1008 3849 egregius
1017 3770 1093 3828 homo

663 4048 777 4092 A
