2272 4176
10 39 218 89 mess-*v

445 138 658 209 umanum.
969 104 1036 209 'tat

57 300 203 365 omnibus
227 298 307 362 locis
334 299 464 362 occurrit
487 310 545 361 nec
567 299 619 361 dat
639 300 692 361 ulli
713 300 824 361 civitati
845 302 976 376 spatium
997 304 1036 364 de

57 386 157 449 adona
177 384 286 463 potius
308 386 458 461 quamde
479 386 648 446 domestica
662 386 760 446 salute
775 386 944 461 cogitandi;
975 404 1035 464 qua

60 470 215 533 celeritate
231 477 261 532 et
276 470 385 531 fideles
397 470 512 533 amicos
524 471 673 531 retinebat
687 477 717 530 ct
731 471 903 531 dubitantes
919 479 1035 534 terrore

58 556 95 617 ad
115 555 321 617 condiciones
349 555 435 632 pacis
456 556 637 616 adducebat.
679 555 742 615 Tali
763 556 943 616 condicione
964 573 1033 632 pro-

57 639 157 717 posita
169 639 337 715 Bittuiges
353 656 422 700 cum
436 640 494 700 sibi
507 640 647 700 viderent
662 640 820 700 clementia
835 639 974 700 Caesaris
987 656 1034 700 re

58 724 151 787 ditum
165 731 277 800 patere
291 725 322 783 in
337 724 403 785 eius
419 724 578 784 amicitiam
593 724 799 800 finitimasque
815 724 952 785 civitates
968 726 1034 785 sine

57 810 116 869 nlla
129 825 239 885 poena
254 809 379 871 dedisse
394 808 519 870 obsides
535 816 627 884 atque
642 810 672 869 in
686 810 779 871 tidem
796 817 939 886 receptas
951 826 1032 875 esse,

58 893 136 955 idem
151 895 305 953 iecerunt.

138 980 195 1039 IV.
218 977 331 1038 Caesar
351 977 495 1039 militibus
517 994 573 1053 pro
595 985 678 1039 tanto
698 979 803 1039 labore
822 996 859 1039 ac
879 979 1033 1055 patientia,

10 1125 12 1132 ,
59 1062 108 1139 qui
121 1062 318 1123 brumalibus
334 1062 458 1138 diebus,
484 1062 640 1123 itineribus
657 1063 852 1140 difficillimis
869 1065 1033 1139 frigoribus

62 1146 260 1209 ittolerandis
276 1146 502 1209 studiosissime
515 1155 747 1222 permanserant
761 1149 791 1207 in
805 1150 919 1224 labore,
936 1150 1029 1208 duce-

10 1262 12 1310 ;
61 1248 112 1293 nos
127 1233 309 1306 sestertios
325 1232 553 1292 centurionibus
568 1238 613 1292 tot
627 1233 707 1292 milia
722 1249 884 1309 nummum,
900 1234 1033 1308 praedae

10 1367 15 1433 Ι
60 1316 887 1477 iggrlslsiscigggnszmreclijgiltffldicmxxterilfflaltseffillati
901 1318 1034 1463 {Itilrirerinu}t

10 1492 13 1549 l
61 1486 189 1559 diceret,
216 1484 370 1561 Bituriges
392 1486 432 1546 ad
447 1502 516 1546 eum
530 1487 728 1560 legatost
662 1487 769 1546 mittun
770 1487 941 1547 tauxilium
955 1487 1030 1561 peti-

10 1560 15 1643 l
61 1577 118 1631 tum
130 1570 402 1645 eonnacamutes,
419 1586 497 1646 quos
511 1569 649 1630 intulisse
664 1571 775 1630 bellum
791 1572 848 1630 sibi
863 1571 1028 1646 quereban-

10 1663 115 1716 ¹.tur
145 1654 214 1730 Qua
226 1670 262 1715 re
276 1655 397 1730 cognita
411 1671 479 1714 cum
494 1653 560 1715 dies
575 1672 637 1715 non
651 1655 781 1730 amplius
797 1656 903 1715 decem
919 1662 948 1716 et
963 1662 1032 1716 octo

62 1739 89 1799 in
111 1738 252 1800 hibernis
279 1745 363 1800 esset
384 1747 534 1813 moratuS‚
561 1739 698 1814 legiones
724 1756 795 1798 x1111
822 1747 851 1800 et
873 1757 906 1799 vr
927 1755 966 1799 ex
986 1738 1031 1799 hi·

62 1824 162 1883 bernis
177 1824 217 1885 ab
232 1826 330 1884 Arare
344 1824 459 1899 educit,
486 1839 563 1899 quas
578 1823 619 1883 ibi
641 1825 815 1884 conlocatas
832 1824 1032 1921 explicandae

10 1850 15 1965 i
63 1908 102 1968 rei
125 1909 343 1969 frumentariae
370 1925 464 1969 eausa
488 1908 648 1984 superiore
669 1907 884 1970 commentario
907 1909 1030 1969 demon-

10 2032 13 2050 .
10 1978 185 2054 'stratum
200 2001 263 2054 est=
279 1993 321 2053 ita
335 2009 403 2052 cum
418 1994 537 2054 duabus
553 1993 725 2068 legionibus
741 1994 780 2054 ad
794 1995 1030 2071 persequendos

64 2077 207 2140 Carnutes
222 2078 438 2154 proficiscitur

17 2220 20 2229 ,
139 2164 180 2221 V.
203 2163 279 2223 Cum
299 2163 379 2221 lama
393 2164 545 2224 exercitus
562 2165 602 2224 ad
616 2165 721 2224 hostes
737 2171 821 2224 esset
834 2165 965 2239 perlata,
982 2179 1029 2225 ca·

63 2247 193 2307 lumitate
208 2254 380 2309 ceterorum
396 2248 478 2308 ducti
493 2249 639 2309 Carnutes
655 2249 785 2309 desertis
799 2248 875 2308 vicis
893 2249 1029 2324 oppidis·

10 2407 12 2415 Ι
64 2348 133 2409 que,
164 2349 245 2409 quae
264 2332 441 2393 tolerandae
461 2333 567 2395 hiemis
590 2349 685 2394 causa
706 2334 878 2394 constitutis
903 2341 1029 2408 repente

10 2417 18 2472 i
64 2416 178 2492 exigaris
203 2417 244 2477 ad
269 2418 484 2477 necessitatem
508 2419 656 2480 aedificiis
682 2417 856 2478 incolebant
876 2434 1031 2493 -nuper

10 2475 21 2620 ἱ
64 2502 136 2561 enim
165 2500 280 2562 devicti
307 2502 455 2577 conplura
481 2503 597 2577 oppida
618 2504 808 2578 dimiserant,
833 2534 875 2546 —-
899 2502 1032 2577 dispcrsi

63 2586 244 2662 profugiunt.
262 2586 373 2646 Caesar
386 2593 580 2662 erumpentes
596 2604 633 2648 eo
648 2588 779 2648 maxime
793 2595 932 2661 tempore
947 2602 1031 2646 acer-

62 2671 146 2732 rimas
162 2678 363 2748 tempestates
380 2689 448 2732 eum
470 2673 573 2733 subire
594 2672 702 2733 milites
730 2674 837 2747 nollet,
861 2673 892 2730 in
917 2671 1031 2746 oppido

64 2755 221 2817 canutum
238 2756 362 2817 Genabo
379 2763 479 2816 castra
493 2757 579 2831 ponit
592 2764 684 2831 atque
698 2757 728 2816 in
743 2764 823 2817 tecta
837 2755 946 2831 partim
963 2756 1030 2815 Gal-

62 2840 163 2917 lorum,
184 2842 297 2917 partim
313 2856 392 2916 quae
407 2841 552 2901 coniectis
569 2841 706 2900 celeriter
721 2841 892 2902 stramentis
907 2840 1031 2900 tentori-

10 2946 15 3006 ξ
63 2942 142 2987 orum
156 2926 390 3001 integendorum
404 2926 500 3001 gratia
515 2933 599 2985 erant
612 2926 812 3002 inaedificata,
833 2926 943 2985 milites
960 2941 1029 2986 eon·

62 3010 133 3072 iecit.
168 3009 298 3087 Equites
313 3016 413 3070 tamen
429 3019 459 3070 et
473 3010 649 3071 auxiliarios
665 3011 783 3085 pedites
799 3011 828 3070 in
845 3025 950 3071 omnes
963 3026 1031 3084 par·

61 3102 101 3156 tes
120 3096 226 3167 mittit,
254 3111 466 3171 quascumque
486 3095 603 3171 petisse
625 3095 803 3156 dicebantur
823 3095 947 3164 hostes;
974 3110 1032 3155 nec

61 3180 184 3241 basum
211 3196 282 3241 nam
307 3183 488 3255 plerumque
512 3196 622 3254 magna
642 3181 758 3254 praeda
773 3179 858 3255 potiti
873 3179 969 3240 nostri
984 3196 1031 3239 re-

10 3316 14 3345 .·
60 3274 224 3327 venantur.
255 3263 403 3340 Oppressi
425 3267 572 3326 Carnutes
593 3263 701 3322 hiemis
723 3265 899 3324 difficultate
915 3271 1030 3326 terrore

60 3352 182 3427 perictrli
203 3366 276 3413 cum
294 3352 383 3411 tectis
405 3348 527 3425 expulsi
548 3350 631 3408 nullo
647 3350 715 3408 loeo
732 3348 843 3409 diutius
860 3349 1030 3410 consistere

59 3436 204 3499 cuderent
215 3452 276 3499 nec
291 3435 436 3498 silvarum
447 3434 601 3513 praesidio
613 3434 844 3511 tempestatibus
858 3434 1037 3499 durissimae
