2272 4176
452 161 567 223 traua
586 163 636 223 111.
736 245 739 249 Ι
864 102 1032 230 ’ἀεῖ

64 315 210 395 Ροωρείο
231 316 435 395 permiserint.
471 316 534 378 Sed
558 319 717 394 postulatis
742 319 881 381 Caesaris
906 320 1034 398 cognitis

64 404 216 466 missuros
231 404 272 465 ad
285 402 479 479 Pompeium,
501 410 592 480 atque
606 405 689 465 illum
703 405 822 480 reliqua
836 422 892 481 per
904 422 938 467 se
952 412 1033 468 actu·
1125 458 1129 473 .

64 505 129 551 um
148 488 344 551 hortantibus
365 489 451 565 ipsis.
486 489 605 549 Interea
618 497 775 550 manerent
794 486 942 568 indutiae,
964 493 1035 553 dum

64 575 98 636 ab
118 575 173 635 illo
188 575 283 635 rediri
298 579 414 650 posset,
430 589 508 633 neve
523 577 597 634 alter
612 576 698 636 alteri
712 583 845 636 noceret.
875 569 942 635 Huc'
953 577 1035 636 addit

64 675 165 736 pauca
181 659 221 719 de
237 675 333 721 causa
347 665 378 719 et
392 659 431 718 de
447 659 545 734 copiis
560 661 744 736 auxiliisque
758 661 833 719 suis.
872 730 875 735 ¹

145 744 243 804 XVII.
283 743 399 818 Quibus
410 744 504 803 rebus
517 760 617 820 neque
628 752 690 805 tum
700 745 951 821 respondendum
964 746 1033 806 Cac-

64 846 114 890 sar
125 828 321 904 existimavit,
334 843 436 903 neque
447 844 536 901 nunc,
550 836 583 889 ut
593 831 758 890 memoriae
770 831 946 904 prodantur,
962 830 1037 891 satis

64 928 179 975 causae
202 921 353 989 putamus.
389 913 567 973 Postulabat
581 914 708 989 Caesar,
734 916 903 989 allegatos
925 914 983 974 sibi
998 916 1038 975 ad

64 997 243 1073 Pompeium
263 997 330 1057 sine
351 998 487 1072 periculo
508 999 624 1058 mittere
646 1000 763 1073 liceret,
790 999 883 1075 idque
898 999 957 1074 ipsi
972 1001 1038 1060 iore

64 1084 239 1159 reciperent
252 1089 303 1143 aut
313 1090 458 1157 acceptos
471 1098 525 1157 per
538 1099 572 1143 sc
584 1084 623 1161 ad
634 1099 703 1144 eum
715 1084 927 1158 perducerent.
951 1084 1039 1158 Quod

64 1169 102 1229 ad
116 1167 253 1228 indutias
268 1167 441 1243 pertineret,
458 1167 502 1226 sic
517 1168 588 1227 belli
602 1169 750 1229 rationem
765 1185 836 1229 esse
852 1169 990 1243 divisam,
1005 1175 1039 1229 ut

64 1252 104 1313 illi
121 1254 227 1312 classe
241 1267 336 1312 naves
352 1251 527 1327 auxiliaque
541 1257 599 1312 sua'
614 1253 807 1329 impedIrent,
829 1254 897 1329 ipse
912 1261 944 1313 ut
958 1270 1040 1329 aqua

64 1346 209 1413 terraque
221 1352 276 1398 eos
289 1335 474 1413 prohiberet.
501 1336 533 1397 Si
544 1337 604 1397 hoo
616 1338 674 1398 sibi
684 1338 793 1399 remitti
803 1340 923 1413 vellent,
938 1339 1039 1399 remit·

64 1429 163 1487 terent
182 1422 244 1498 ipsi
265 1423 304 1482 dc
325 1421 491 1483 maritumis
507 1422 673 1494 custodiis;
698 1424 725 1484 si
739 1423 812 1484 illud
826 1430 978 1496 tenerent,
1005 1439 1040 1484 se

65 1523 193 1585 quoque
208 1507 240 1567 id
254 1513 449 1568 retenturum.
478 1507 577 1567 Nihilo
593 1507 693 1568 minus
708 1515 809 1570 tamen
825 1509 873 1583 agi
891 1525 986 1584 posse
1001 1510 1040 1569 de

65 1592 300 1668 compositione,
314 1599 347 1653 ut
360 1593 438 1652 haec
452 1608 514 1652 non
525 1593 757 1667 remitterentur,
773 1609 875 1669 neque
886 1593 965 1653 hanc
975 1609 1040 1653 rem

65 1693 136 1738 csse
150 1677 362 1752 impedimenti
376 1677 456 1737 loco.
491 1677 544 1736 Ille
561 1692 661 1752 nequo
675 1678 793 1754 legatos
810 1679 949 1738 Caesaris
963 1677 1040 1737 rcci-

66 1778 139 1839 perc
161 1777 267 1836 neque
286 1762 456 1837 periculum
476 1768 635 1837 praestare
656 1776 776 1835 eorum,
800 1763 855 1822 sed
869 1769 963 1824 totam
977 1777 1041 1822 rem

66 1848 104 1908 ad
113 1846 297 1922 Pompeium
312 1846 443 1906 reicere:
457 1863 551 1906 unum
564 1845 679 1906 instare
693 1848 732 1907 de
743 1847 866 1908 indutiis
878 1847 1040 1908 vehemen-

67 1932 248 2006 tissimeque
264 1931 457 1991 contendere.
488 1929 580 2004 Quem
596 1931 648 1990 ubi
665 1932 777 1992 Caesar
791 1934 938 1992 intellexit
952 1947 1040 2008 prae·

68 2017 161 2078 sentis
179 2015 308 2091 periculi
323 2020 414 2091 atque
429 2015 552 2091 inopiae
567 2016 708 2076 vitandae
726 2033 821 2078 causa
836 2034 957 2078 omnem
974 2033 1041 2077 ora-

67 2102 181 2163 tionem
206 2100 375 2161 instituisse
400 2115 502 2176 neque
529 2101 621 2160 ullam
647 2117 735 2176 spem
760 2111 810 2163 aut
831 2101 1041 2163 condicionem

70 2188 152 2262 pacis
169 2184 291 2260 afferre,
310 2185 350 2244 ad
364 2185 512 2259 reliquam
528 2185 741 2259 cogitationem
751 2187 823 2247 belli
835 2203 905 2247 sese
916 2186 1041 2262 recepit.

147 2271 259 2331 XVlll.
302 2269 430 2330 Bibulus
447 2272 558 2331 multos
574 2270 640 2331 dies
655 2279 736 2331 terra
750 2272 921 2347 prohibitus
934 2278 964 2330 et
974 2287 1042 2345 gra-

70 2357 153 2418 viore
176 2355 286 2414 morbo
312 2370 351 2413 ex
371 2354 484 2428 lrigorc
506 2371 542 2414 ac
563 2355 667 2416 labore
688 2357 841 2432 inplicitus
858 2369 1044 2429 comaeque

71 2441 169 2502 curari
189 2445 302 2515 posset
322 2454 423 2514 neque
438 2446 617 2514 susceptum
632 2441 768 2501 cilicium
783 2443 928 2502 deserere
941 2440 1042 2513 vellet,

70 2527 126 2586 tim
143 2523 247 2585 morbi
263 2524 415 2583 sustinere
430 2541 491 2583 non
508 2525 614 2598 potuit.
643 2525 687 2584 Eo
703 2532 822 2586 mortuo
839 2527 879 2586 ad
894 2522 1044 2585 neminem

70 2627 161 2671 unum
180 2625 301 2670 summa
315 2608 432 2683 imperii
446 2609 533 2682 redit,
555 2609 611 2668 sed
627 2611 790 2684 separatim
807 2628 895 2671 suam
912 2608 1044 2684 quisquc

71 2697 202 2756 classem
225 2694 265 2752 ad
281 2693 436 2753 arbitrium
451 2710 539 2754 suum
554 2694 792 2754 administrabat.
829 2693 979 2755 Vibullius
995 2708 1044 2752 se·

72 2780 137 2842 dato
153 2779 296 2852 tumultu,
320 2794 409 2853 quem
425 2777 604 2853 repentinus
620 2779 760 2839 Caesaris
775 2781 926 2840 adventus
942 2776 1044 2838 conci-

70 2870 201 2937 taverat,
230 2862 273 2922 uti
293 2863 423 2938 primurn
442 2879 550 2922 rursus
573 2862 706 2923 adhibito
726 2864 843 2924 Libone
865 2873 895 2925 ct
912 2865 945 2923 L.
968 2862 1043 2921 Luc-

73 2952 133 3012 ceio
152 2957 185 3010 et
198 2947 396 3023 Theophane,
414 2949 597 3022 quibuscum
612 2948 837 3010 communicare
852 2950 890 3008 de
904 2945 1045 3008 maximis

71 3037 159 3096 rebus
171 3033 340 3106 Pompeius
356 3039 567 3107 consueverat,
583 3032 785 3093 demandatis
800 3034 937 3094 Caesaris
954 3047 1046 3106 agere

71 3116 205 3180 instituit.
244 3116 339 3190 Quem
354 3119 527 3193 ingressum
542 3118 572 3176 in
588 3132 759 3177 sermonem
773 3119 938 3194 Pompeius
954 3117 1044 3176 inter-

72 3204 196 3277 pellavit
218 3208 248 3262 ct
263 3203 347 3277 loqui
361 3205 450 3278 plura
464 3201 628 3276 prohibuit.
665 3202 744 3272 Quia
753 3205 838 3277 mibi,
861 3204 973 3278 inquit,
994 3211 1047 3263 cal

71 3290 125 3349 otta
143 3294 200 3348 aut
216 3289 334 3348 civitate
351 3305 424 3362 opus
446 3293 501 3359 est,
524 3304 612 3361 quam
629 3287 766 3359 beneficio
784 3289 924 3350 Caesaris
937 3289 1047 3349 habero

72 3368 212 3434 amaa?
236 3374 321 3432 cotta
336 3376 384 3433 rei
398 3375 497 3448 opinio
517 3374 580 3432 totto·
594 3375 776 3448 conpulerit,
796 3391 863 3435 cum
874 3376 906 3436 ia
916 3374 1046 3449 Italiam,

72 3472 179 3535 aqua
186 3455 426 3537 profectuosum,
438 3458 789 3523 reductasexistimobor.
809 3459 900 3528 Bello
912 3462 1059 3539 perlecto
