2272 4176
128 426 190 489 ‘298
441 422 492 483 DE
512 423 637 484 BELLO
661 424 777 485 ClVlLl

126 595 241 641 nonant
256 578 403 654 oppidum
426 577 580 639 altissimis
602 579 763 641 moenibus
779 595 959 657 oppugnare
974 584 1089 661 adgree

126 682 181 727 sus
197 670 267 724 ante
282 663 357 725 solis
373 678 518 723 occasum
533 664 721 738 expugnavit
735 672 765 726 et
779 666 819 725 ad
832 665 1038 743 diripiendum
1047 670 1092 731 nt·
1130 686 1132 733 t

125 749 228 810 litibus
245 747 400 808 concessit
414 748 575 821 statimque
589 748 627 807 ab
643 748 758 823 oppido
775 756 880 811 castra
892 754 988 814 nrovb
1002 754 1091 815 elide

125 835 269 910 uopoltn
284 832 375 907 venit,
392 832 437 891 sie
450 838 483 892 ut
495 832 617 892 nuntios
628 835 795 907 expugnati
809 835 918 911 oppidi
929 838 1093 915 famamque
1127 828 1132 885 ’-

125 919 330 979 antecederet.

209 1001 339 1060 LXXXl.
371 999 581 1075 Metropolitae
606 1000 736 1074 primum
761 1002 873 1063 eodem
897 1004 947 1065 usi
974 1008 1092 1069 consitio
1130 1050 1132 1055 -

125 1087 225 1147 isdem
250 1087 382 1161 pennoti
407 1085 579 1145 rumoribus
605 1091 711 1160 portas
737 1087 915 1149 clauserunt
934 1105 1093 1169 murosque

126 1170 249 1232 armatis
279 1172 527 1244 compleverunt;
553 1170 611 1229 sed
637 1176 749 1245 postea
769 1186 843 1232 casu
865 1173 997 1235 civitatis
1013 1177 1092 1237 Gom·

126 1255 254 1332 phensis
271 1255 393 1328 cognito
410 1271 449 1314 ex
465 1253 603 1328 captivis
621 1271 699 1329 quos
715 1254 828 1315 Caeam
842 1257 882 1316 ad
898 1274 1019 1319 murum
1031 1265 1092 1337 pio·

125 1340 285 1402 ducendos
301 1346 476 1413 curaverat,
497 1345 603 1413 portas
619 1346 812 1412 aperuerunt.
842 1341 960 1414 Quibus
976 1345 1092 1420 diligen-

125 1425 244 1486 tissime
259 1424 450 1485 conservatis
459 1425 569 1483 collata
581 1422 1015 1500 fortunaMctropolitumcum
1027 1446 1093 1490 casu

127 1507 368 1583 Gomphensium
390 1511 472 1567 nulla
492 1507 669 1567 Thessaliae
691 1508 746 1568 tuit
760 1510 866 1570 civitas
880 1520 1007 1586 praeter
1019 1514 1092 1573 Lari-

127 1609 228 1668 saeos,
244 1593 296 1668 qui
309 1593 427 1667 magnis
443 1592 628 1651 exercitibus
644 1591 798 1668 Scipionis
813 1596 1014 1672 tenebantur,
1029 1599 1093 1673 quin

126 1678 249 1738 Caesari
269 1685 412 1753 parerent
433 1684 525 1752 atque
545 1677 695 1752 imperata
714 1677 858 1738 iacerent.
888 1680 943 1740 llle
956 1681 1092 1742 idoneum

126 1765 226 1823 locun
240 1761 272 1821 in
287 1761 369 1836 agris
384 1768 508 1834 nactus,
535 1777 596 1836 qua
616 1777 716 1836 prope
737 1762 797 1825 iam
811 1770 1034 1841 maturuerant,
1057 1765 1092 1826 ibi

125 1847 289 1906 adventum
310 1853 475 1921 expectare
494 1845 620 1921 Pompei
648 1862 748 1922 eoque
769 1863 889 1909 ornnem
917 1849 992 1910 belli
1011 1850 1092 1911 ratio

125 1947 194 1991 nem
209 1934 350 1991 conterre
365 1931 529 1992 constituit.

209 2015 351 2075 LXXXII.
383 2015 547 2090 Pompeius
574 2013 681 2088 paucis
706 2021 779 2090 post
799 2015 909 2077 diebus
925 2018 956 2077 iu
970 2018 1092 2080 Thessa·

125 2101 196 2159 liam
216 2101 359 2176 peruenit
379 2101 635 2174 contionatusque
654 2100 738 2173 opud
763 2108 906 2161 cunctum
934 2105 1091 2165 exercitum

126 2186 191 2245 suis
207 2186 269 2260 agit
283 2186 411 2260 gratias,
439 2183 591 2258 Scipionis
613 2184 722 2243 milites
746 2184 935 2257 cohortatur,
962 2195 997 2247 ut
1017 2194 1093 2263 parta

126 2271 184 2328 iant
205 2270 336 2329 victoria
357 2270 492 2343 praedae
513 2284 550 2327 ac
564 2269 769 2342 praemiorum
783 2269 877 2329 velint
892 2286 965 2330 esse
981 2273 1093 2347 pattici

126 2369 192 2428 pes,
214 2354 412 2428 receptisque
428 2353 568 2413 omnibus
584 2353 613 2410 in
628 2369 689 2411 una
704 2358 805 2412 castra
819 2355 996 2428 legionibus
1013 2373 1093 2417 suum

126 2454 195 2497 cum
211 2436 355 2512 Scipione
377 2438 525 2498 honorem
546 2437 674 2510 partitur
690 2438 916 2513 classicumque
932 2442 1017 2515 apud
1033 2457 1094 2501 eum

126 2522 194 2582 cani
211 2528 241 2580 et
255 2523 382 2580 alterum
396 2523 437 2581 illi
453 2522 535 2581 iubet
555 2522 740 2596 praetorium
754 2522 847 2581 tendi.
876 2525 988 2585 Auctis
1005 2526 1093 2602 copiis

127 2606 250 2680 Pompei
264 2606 447 2680 duobusque
458 2606 577 2678 magnis
590 2606 773 2666 exercitibus
787 2607 958 2668 coniunctis
975 2610 1094 2685 pristina

127 2691 262 2752 omniurn
288 2692 484 2750 confirmatur
510 2689 613 2764 opinio
641 2697 670 2749 et
695 2705 768 2764 spes
793 2691 944 2752 victoriae
963 2704 1094 2769 augetur,

126 2777 204 2836 adeo
219 2780 266 2848 ut,
284 2774 433 2849 quidquid
448 2774 649 2834 intercederet
662 2774 824 2849 temporis,
846 2776 878 2835 id
891 2779 1008 2838 morari
1022 2778 1094 2838 redi-

127 2869 186 2920 tum
208 2860 238 2919 in
260 2859 376 2919 ltaliam
397 2859 566 2933 videretur,
595 2864 625 2917 et
645 2859 672 2918 si
694 2859 816 2934 quando
839 2860 915 2935 quid
935 2862 1095 2939 Pompeius

126 2945 241 3004 tardius
263 2950 315 3003 aut
336 2943 558 3003 consideratius
581 2945 708 3017 laceret,
734 2944 824 3004 unius
847 2960 919 3005 esse
945 2949 1094 3044 negotium

126 3029 193 3102 diei,
211 3028 267 3088 sed
282 3029 364 3088 illurn
377 3028 520 3088 delectari
534 3028 661 3102 imperio
674 3035 703 3088 et
717 3030 896 3089 consulares
915 3040 1095 3106 praetorios·

126 3130 186 3189 que
201 3128 360 3173 servorum
381 3111 494 3171 habere
515 3128 640 3172 numero
657 3112 802 3172 dicerent.
830 3113 958 3189 lamque
973 3117 1051 3177 inter
1063 3131 1096 3175 se

126 3200 225 3273 palam
241 3197 279 3255 de
291 3197 435 3271 praemiis
452 3213 487 3255 ac
503 3198 685 3257 sacerdotiis
701 3199 927 3259 contendebant
943 3201 973 3259 in
989 3217 1095 3261 annos·

126 3298 186 3357 que
202 3283 394 3341 consulatum
410 3281 610 3356 deliniebant,
632 3282 681 3340 alii
697 3282 806 3342 domos
821 3283 968 3358 bonaque
984 3302 1094 3357 eorum,

126 3367 222 3442 quiin
239 3366 347 3426 castris
363 3373 450 3426 erant
465 3366 619 3440 Caesaris,
646 3367 803 3440 petebant;
828 3383 1004 3444 magnaque
1023 3370 1095 3430 inter

126 3468 180 3511 cos
196 3452 226 3511 in
242 3450 370 3511 consilio
386 3450 441 3525 luit
456 3451 673 3525 controversia,
690 3458 885 3526 oporteretne
898 3452 996 3514 Lucili
1011 3454 1093 3525 Hirri,

126 3537 208 3610 quod
224 3537 249 3596 is
262 3535 436 3611 aPompeio
452 3538 491 3596 ad
505 3535 632 3596 Parthos
648 3536 761 3597 missus
776 3543 867 3611 esset,
882 3538 1033 3612 proximis
1047 3554 1091 3599 co
1114 3600 1121 3613 ,

126 3619 215 3678 mitiis
230 3622 390 3695 praetoriis
412 3622 546 3681 absentis
567 3621 716 3681 rationem
731 3621 851 3695 haberi,
880 3637 951 3683 curn
965 3623 1032 3685 eius
1046 3638 1089 3683 ne

126 3704 253 3764 cessanti
267 3704 360 3765 fidem
374 3705 572 3783 implorarent
581 3706 717 3785 Pompei,
731 3711 911 3786 praestaret,
929 3709 1015 3787 quod
1026 3724 1078 3788 pro
