2302 4192
10 39 40 496 l
1011 119 1027 161 a

38 240 128 319 'dum
150 265 215 319 erat
234 260 404 320 deiciuntur
419 262 450 320 in
467 262 598 335 reliquas
607 260 785 334 prouincias.
812 260 977 320 Praetores.
1004 258 1026 331 1,

58 342 107 405 23.
126 360 197 403 cum
218 345 342 404 Davisio
364 344 472 420 scripsi
491 344 591 405 Erant
605 347 732 418 quinque
747 348 887 403 senatorii
906 346 1027 404 ordinis.

58 428 79 503 Ι,
95 426 146 488 35.
161 429 269 488 relinui
285 431 460 489 discernere.
488 429 509 502 Ι,
525 427 575 488 39.
592 428 687 488 verba
700 431 843 488 citerioris
857 432 1029 502 provinciae

10 517 14 563 ἓ
58 522 89 573 et
101 515 251 573 ulterioris
260 514 427 589 Hispaniae
438 522 468 574 ei
483 516 634 588 utriusque
644 516 820 588 prouinciae
838 514 943 586 spuria
958 527 1028 573 esse

10 597 30 998 ι
56 612 147 673 nego.
183 597 439 681 Insequentibus
477 598 618 673 supplevi
642 601 843 672 praemiserat
868 614 931 656 sen.
968 597 1029 656 Sere

55 684 140 743 milia
150 685 270 741 nundin
281 685 417 758 peditum
429 687 459 741 et
472 683 565 756 paulo
580 689 652 756 post
667 680 825 740 emendavi
840 689 963 753 eoocoio,
983 688 994 740 t
1010 715 1028 722 -

26 765 33 838 “,
54 766 146 827 tidem
158 768 262 841 optimi
267 770 393 840 pencris.
420 768 442 839 Ι,
458 764 508 826 44.
523 765 632 826 relinui
646 771 829 827 consuerant.
857 766 878 838 Ι,
895 763 944 825 52.
960 765 1027 823 reii-

27 870 30 876 ·
55 850 109 909 nui
129 866 188 925 qno
208 854 310 910 minor.
346 851 374 925 Ι,
390 848 440 909 53.
464 851 545 910 edidi
559 852 656 910 Mutia
677 867 809 910 rumores
831 850 1028 924 adducebant.

56 936 85 1007 Ι,
106 933 159 995 61.
175 935 274 993 delevi
288 938 324 995 iis
338 951 378 994 ex
393 934 484 994 codd.
501 936 684 1008 scriptorum
701 934 888 994 auctoritate.
933 935 961 1008 Ι,
977 932 1027 994 62.

10 1013 12 1038 ³
57 1018 172 1093 scripsi
185 1026 330 1079 extarent.
357 1020 378 1095 Ι,
395 1018 445 1080 64.
462 1022 639 1094 interrumpi
652 1019 835 1078 servandum
851 1024 881 1077 el
894 1018 1028 1093 aegolio-

10 1163 12 1170 ,
57 1118 127 1161 nem
152 1110 223 1162 ante
247 1108 413 1164 necessario
437 1104 597 1162 delendam
622 1103 764 1162 iudicavi.
800 1102 828 1177 Ι,
844 1101 893 1163 69.
918 1103 1028 1177 scripsi

55 1188 312 1265 prosequebantur
332 1205 385 1248 nos
406 1190 574 1248 necessarii.
607 1187 634 1261 l,
660 1183 710 1246 80.
728 1188 950 1245 emendandum
965 1193 1030 1246 erat

10 1347 12 1353 Ι
55 1274 171 1333 cunctis
187 1288 245 1346 pro
265 1276 382 1333 relictis.
414 1273 444 1347 1,
470 1271 521 1332 85.
548 1271 659 1347 scripsi
684 1273 763 1346 puod
781 1286 837 1345 pro
852 1272 1028 1346 Nipperdeii

10 1373 15 1426 ,·
54 1372 153 1431 qnam.
174 1356 210 1429 Π,
226 1354 254 1417 3.
272 1372 339 1415 cum
356 1355 572 1431 Oudendorpio
589 1356 699 1430 scripsi
713 1372 813 1415 eorum
830 1372 919 1414 unam
932 1357 1019 1415 dedu-

10 1433 14 1476 ³'
55 1444 105 1501 cit.
132 1440 169 1513 ΙΙ,
185 1439 214 1498 5.
231 1440 311 1499 edidi
325 1457 390 1500 cnm
406 1442 506 1501 tiberis
522 1452 609 1515 atque
626 1441 768 1500 umoribus
778 1441 1029 1515 publicisqueeu-

10 1533 12 1580 ἰ
56 1524 262 1587 stodiisautin
272 1542 356 1586 muro
367 1527 410 1584 od
418 1530 533 1585 caelum
542 1542 647 1584 monus
658 1526 817 1584 tenderent.
834 1525 869 1598 ΙΙ,
882 1524 911 1584 6.
928 1526 1035 1583 emen'

57 1608 129 1667 davi
143 1625 184 1668 en
201 1612 326 1681 artifieio
339 1610 579 1683 padernatorum.
611 1609 651 1683 ΙΙ,
679 1606 728 1668 li.
749 1609 858 1668 retinui
872 1611 926 1668 sed
945 1626 1029 1668 muro

58 1694 183 1766 sapittis.
215 1693 250 1750 Il.
266 1691 316 1753 18.
332 1695 442 1753 relinui
456 1698 487 1754 in
497 1695 626 1769 Hispali.
654 1693 689 1767 ΙΙ,
704 1688 754 1751 20.
771 1693 879 1751 retinui
895 1710 914 1751 a
934 1694 1028 1752 Gadi-

10 1782 13 1835 ἲ
57 1776 297 1837 iusreddantur.
312 1778 347 1851 ΙΙ,
363 1775 413 1838 23.
427 1778 508 1837 edidi
520 1780 637 1853 adpulit
645 1793 702 1851 pro
719 1778 850 1852 adpetiit.
865 1776 900 1851 ΙΙ,
915 1775 965 1835 28.
981 1792 1027 1835 re—

10 1867 12 1883 '
59 1860 134 1919 linui
154 1864 251 1935 primi.
286 1861 327 1935 ΙΙ,
349 1858 398 1920 29.
419 1863 528 1921 retinui
550 1862 731 1936 scripturam
748 1862 841 1935 Atque
863 1864 893 1919 in
914 1864 1028 1920 rostris.

57 1943 178 2005 Deinde
192 1946 333 2020 supplevi
348 1952 378 2005 ei
392 1947 551 2006 emendavi
566 1952 648 2018 (nam
666 1950 752 2006 etiarn
766 1946 902 2005 Caesaris
919 1947 1027 2018 ienen-

56 2031 136 2089 cinm
146 2036 311 2090 mutauerat
320 2032 512 2103 consuetudo,
525 2049 584 2106 qna
595 2031 774 2104 offerrentur
787 2036 944 2103 munero),·
959 2047 1009 2089 mu

56 2116 171 2187 arripio
190 2118 278 2175 etiam
299 2117 422 2176 dirersis
439 2117 575 2191 partious
595 2119 750 2176 coniuncta
772 2119 877 2189 (oeque
896 2118 973 2174 enim
989 2131 1029 2173 ero

56 2198 172 2259 Marsis
181 2198 366 2275 Pelipnispue
377 2201 535 2273 veniebant,
553 2207 585 2260 nt
596 2204 649 2275 qni
657 2202 809 2276 superiore
820 2206 902 2259 noete
913 2203 943 2258 in
954 2217 1028 2260 eon-

56 2282 219 2351 tabernias
228 2288 452 2359 commilitespne
462 2288 596 2346 nonnulii
603 2288 779 2359 proniora),·
789 2301 944 2344 sermones.
969 2284 1027 2343 Pro

56 2382 151 2443 aepne
165 2382 248 2427 nunc
262 2368 362 2428 malim
375 2386 474 2444 aspra.
496 2370 531 2444 II,
546 2367 596 2429 30.
611 2369 868 2444 praepositionem
879 2372 909 2428 in
922 2367 1026 2427 aclar-

56 2448 108 2512 lrio
122 2452 249 2511 inlatam
263 2454 371 2512 delevi.
407 2454 449 2528 ΙΙ,
464 2451 514 2515 34.
532 2455 643 2529 scripsi
658 2455 795 2529 Adeoque
811 2459 884 2513 erot.
920 2452 960 2525 ΙΙ,
976 2450 1026 2512 35.

55 2534 108 2595 ubi
128 2538 271 2595 lacunam
292 2538 407 2599 notavit
424 2538 636 2613 Nipperdeius‚
663 2545 785 2598 seculus
802 2553 869 2596 sum
891 2537 1026 2596 codicem

10 2626 12 2668 ἱ
55 2618 263 2681 Ursinianum.
298 2622 346 2697 ΙΠ,
363 2621 391 2683 8.
409 2624 560 2698 scriptura
577 2625 658 2685 Orici
664 2630 770 2699 portus
784 2621 904 2681 retineri
920 2621 1026 2696 potuit.

10 2670 13 2748 l
55 2702 302 2781 Insequentibus
315 2708 474 2767 emendavi
484 2711 686 2784 custodiasque
701 2710 866 2782 ditipentius
879 2708 1026 2783 disposuit.

55 2786 211 2863 Lacunam
225 2806 287 2850 non
302 2791 499 2867 deprehendi.
533 2792 587 2867 ΙΙΙ,
609 2794 638 2853 9.
659 2793 754 2851 verba
775 2798 918 2865 corrupta
931 2794 1029 2851 etioci

55 2880 167 2935 noima
176 2878 289 2935 etcolie
298 2880 438 2936 munitum
450 2878 563 2936 mutavi
574 2878 603 2935 iu
615 2884 644 2938 ei
652 2880 711 2939 ioci
719 2884 829 2937 notura
839 2884 868 2936 et
877 2879 953 2936 roilo
963 2892 1025 2934 mu-

55 2960 157 3019 adnm.
189 2958 224 3017 In
246 2962 445 3035 sequentibus
465 2963 591 3034 reposui
606 2978 676 3038 auos
693 2965 862 3037 nuperrime
878 2960 1024 3018 liberaue-

56 3046 150 3104 Μαί
167 3042 218 3116 ΙΙΙ,
237 3042 286 3106 10.
303 3046 414 3120 scripsi
426 3053 606 3121 parcerent;
627 3054 767 3121 quantum
779 3048 810 3104 in
821 3044 1026 3116 deliosortuno

55 3134 158 3205 posset.
193 3127 282 3203 Quod
298 3130 327 3188 in
343 3130 403 3190 fine
419 3130 526 3207 capitis
541 3131 651 3205 legitur
665 3132 836 3204 urbiumque
851 3136 1024 3204 corruptum

59 3224 204 3274 essenon
221 3213 390 3274 videbatur.
412 3215 462 3290 ΙΙΙ,
479 3212 528 3276 11.
543 3216 652 3275 retinui
666 3219 817 3290 inciperet.
845 3212 878 3271 ln
894 3229 1025 3289 sequen-

57 3294 135 3359 lrbus
150 3298 262 3359 relinui
277 3305 310 3359 nt
318 3300 423 3362 adesse
437 3300 593 3362 Caesarem
607 3304 765 3360 nuntiaret.
786 3298 835 3374 ΙΙΙ,
853 3296 901 3360 13.
917 3298 1025 3358 relinui

28 3437 34 3447 .
57 3384 217 3448 mundio.
250 3382 300 3457 ΙΙΙ,
316 3382 365 3447 18.
380 3386 505 3463 reposui
517 3388 727 3463 concitauerat,
744 3388 788 3447 uti
795 3388 926 3465 primum
936 3384 1030 3445 adni-
