2272 4176
183 164 189 173 “
244 182 287 222 nn
310 182 412 224 senno
435 184 637 227 vvernrnrrvo
659 186 685 227 o.
708 179 749 234 39.
770 180 812 233 40.
835 180 877 233 ll.
1010 171 1051 233 63

69 328 191 472 lasplivia
214 336 405 409 corruperat,
430 334 571 418 exflcopia
591 351 691 394 rerum
710 336 808 395 statuit
829 336 883 396 sibi
900 337 971 396 nihil
990 339 1050 414 agi·

65 420 118 474 tan
140 431 200 473 um.

157 497 277 557 Interim
292 496 402 558 Romae
418 500 451 560 G.
467 499 608 559 Mamilius
623 500 789 561 Limetanus
804 502 940 563 tribunus
954 503 1051 581 plebei
1060 507 1103 567 40

65 583 254 658 rogationem
269 580 305 640 ad
321 580 461 659 populum
477 582 657 662 promulgat,
679 586 722 644 uti
739 592 930 664 quaereretur
945 588 977 647 in
990 605 1051 656 eos,

66 681 197 744 quorum
214 662 334 723 consilio
349 664 488 741 Iugurtha
505 668 597 726 senati
612 667 728 727 decreta
743 669 926 746 neglegisset,
943 672 1051 748 quique

65 747 106 808 ab
131 766 165 808 eo
185 749 215 806 in
231 745 425 823 legationibus
441 756 491 809 aut
505 751 625 829 inperiis
637 753 777 829 pecunias
794 754 982 830 accepissent,
1001 755 1052 833 qui

65 830 242 910 elephantos
257 831 365 909 quique
384 831 523 909 perfugas
544 833 742 905 tradidissent,
764 838 833 896 item
855 838 905 915 qui
921 837 956 896 de
977 855 1050 915 pace

64 923 120 976 aut
140 912 217 975 bebo
240 932 306 976 cum
328 915 460 976 hostibus
475 918 624 994 pactiones
641 917 785 979 iecissent.
815 921 890 980 Huic
904 921 1075 996 rogationia

62 999 176 1078 partim
193 1000 302 1060 conscii
315 998 385 1067 sibi,
402 998 449 1059 alii
463 1018 499 1060 ex
515 1002 641 1078 partium
652 1003 756 1063 invidia
771 1004 901 1081 pericula
917 1010 1049 1064 metuen-

22 1089 129 1151 mles,
147 1084 284 1161 quoniam
301 1089 401 1159 aperte
416 1084 553 1145 resistere
568 1101 628 1144 non
647 1091 782 1163 poterant
797 1089 867 1164 quin
886 1086 934 1154 illa
951 1093 979 1147 et
995 1085 1049 1146 alia

63 1166 137 1227 talia
153 1164 270 1243 placere
283 1164 338 1226 sibi
349 1167 520 1236 faterentur,
537 1166 651 1229 occulte
665 1187 720 1247 per
735 1172 844 1230 amicos
859 1189 894 1230 ac
913 1188 1051 1231 maxume

64 1269 124 1331 per
142 1249 277 1310 homines
297 1252 423 1310 nondnis
444 1250 537 1310 Latini
558 1257 587 1311 et
608 1254 703 1313 socios
722 1252 837 1314 Italicos
853 1254 1049 1332 inpedimenta

65 1333 222 1413 parabant.
266 1333 317 1394 Set
336 1333 437 1411 plebes
457 1334 627 1395 incredibile
648 1344 812 1398 memoratu
835 1345 879 1398 est
900 1356 986 1416 quam
1006 1338 1076 1403 in·3

66 1422 150 1479 tenta
175 1416 263 1478 luerit
284 1424 449 1496 quantaque
470 1419 498 1477 vi
518 1420 699 1494 rogationem
720 1421 849 1489 iusserit,
868 1423 961 1497 magis
982 1421 1048 1481 odio

26 1520 58 1562 rs
69 1499 229 1561 nobilitatis
251 1502 297 1562 cui
315 1499 390 1560 mala
411 1501 459 1560 illa
482 1500 676 1578 parabantur,
699 1520 786 1580 quam
804 1521 875 1563 cura
891 1507 935 1563 rei
954 1503 1049 1581 publi·

70 1602 141 1646 cae:
166 1592 244 1645 tanta
258 1583 358 1644 lubido
373 1585 402 1644 in
418 1585 552 1662 partibus
567 1591 638 1645 erat.
659 1585 751 1662 lgitnr
770 1588 874 1645 ceteris
888 1593 969 1646 metu
982 1601 1076 1664 per-4

71 1666 161 1729 culsis
177 1668 215 1749 ll.
232 1668 369 1736 Scaurus,
388 1686 477 1746 quem
495 1667 624 1745 legatum
641 1669 754 1729 bestiae
775 1668 864 1729 luisse
886 1687 973 1746 supra
998 1668 1049 1728 do·

70 1752 195 1820 culmus,
203 1752 279 1813 inter
288 1751 426 1813 laetitiam
437 1751 531 1829 plebis
539 1759 694 1812 etsuorum
706 1752 815 1828 lugam,
826 1753 1050 1829 trepida'etiam-

68 1842 134 1897 tum
160 1834 287 1905 civitate,
320 1853 387 1895 cum
409 1853 446 1896 cx
467 1833 592 1896 Mamilia
615 1837 767 1912 rogatione
785 1842 846 1895 tres
871 1837 1051 1914 quaesitores

33 1924 262 1997 arrogarentum
292 1919 442 1988 effecerat,
472 1920 515 1979 uti
536 1919 598 1997 ipse
627 1920 657 1978 in
680 1937 714 1978 eo
742 1936 867 1978 numero
888 1926 1048 1979 crearetur.

69 2002 123 2063 Set
142 2004 270 2081 quaestio
294 2004 420 2063 exercita
438 2020 542 2080 aspere
556 2001 757 2081 violenterque
778 2021 813 2062 ex
828 2020 948 2062 rumore
963 2010 992 2062 et
1005 2001 1076 2068 lus

68 2085 171 2146 bidine
192 2085 299 2162 plebis:
321 2093 354 2146 ut
375 2104 463 2166 saepe
477 2084 671 2155 nobilitatem,
694 2087 736 2145 sic
755 2105 788 2146 ea
802 2092 975 2164 tempestate
988 2085 1050 2163 ple·

68 2169 140 2230 bem
161 2186 199 2229 ex
224 2170 359 2230 secundis
377 2169 467 2230 rebus
486 2168 638 2229 insolentia
660 2176 786 2246 ceperat.

156 2251 292 2313 Ceterum
311 2271 377 2321 mos
397 2254 523 2330 partium
546 2251 758 2333 [popularium]
776 2259 805 2313 et
824 2250 970 2333 [senatus]
991 2252 1099 2313 lac-ll

32 2338 185 2399 ottonum
199 2353 233 2396 ac
252 2335 356 2397 deinde
373 2339 503 2396 omnium
517 2336 660 2396 malarum
675 2337 781 2396 artium
798 2338 899 2414 paucis
917 2343 984 2396 ante
1000 2353 1051 2395 an-

66 2423 116 2483 nis
130 2418 242 2480 Romae
263 2426 345 2480 ortus
369 2427 413 2480 est
434 2422 492 2479 otio
513 2426 599 2499 atque
620 2419 797 2480 abundantia
818 2437 919 2480 earum
940 2437 1050 2487 rernm,

21 2564 24 2571 ,
67 2521 148 2585 quae
162 2503 256 2580 prima
269 2502 408 2564 mortales
423 2503 542 2564 ducunt.
573 2500 647 2563 Nam
668 2510 735 2564 ante
749 2502 954 2578 Carthaginem
974 2501 1078 2565 dele-2

65 2595 131 2650 tam
148 2586 275 2665 populus
296 2594 324 2648 et
345 2593 463 2648 senatus
476 2586 626 2647 Romanus
640 2586 753 2663 placide
770 2586 960 2664 modesteque
975 2587 1051 2646 inter

67 2690 104 2733 se
117 2688 184 2732 rem
197 2669 344 2748 publicam
353 2669 526 2738 tractabant,
539 2687 635 2748 neque
650 2670 761 2746 gloriae
772 2687 868 2747 neque
880 2669 1051 2729 dominatio-

12 2757 116 2817 ⁸onis
128 2760 276 2815 certamen
291 2756 367 2815 inter
382 2756 450 2816 civis
466 2760 543 2815 erat:
558 2759 654 2814 metus
668 2753 780 2813 hostilis
795 2751 924 2812 inbonis
941 2751 1052 2811 artibus

66 2840 216 2901 civitatem
231 2838 383 2899 retinebat.
419 2838 469 2899 Set
485 2837 537 2898 ubi
552 2836 599 2896 illa
614 2835 740 2897 formido
755 2835 903 2897 mentibus
918 2836 1079 2903 decessitt

66 2921 181 2983 scilicet
202 2939 235 2982 ea
257 2940 332 3000 quae
348 2939 396 2983 res
411 2920 558 2983 secundae
574 2926 684 2989 amant,
705 2920 822 2980 lascivia
839 2925 926 2997 atque
947 2935 1049 2994 super-

65 3006 117 3068 bia
130 3006 286 3067 incessere.
317 3007 360 3067 lta
379 3006 458 3085 quod
473 3006 505 3086 tp
522 3004 651 3064 advorsis
664 3004 754 3065 rebus
769 3009 939 3082 optaverant
952 3003 1081 3070 otium‚4

65 3095 224 3171 postquam
245 3091 342 3169 adepti
361 3095 438 3159 sunt,
458 3090 589 3169 asperius
611 3086 804 3165 acerbiusque
819 3087 881 3147 luit.
920 3085 1082 3163 Namque5

10 3170 197 3252 'hecoepere
218 3174 355 3236 nobilitas
377 3173 555 3250 dignitatem,
575 3170 702 3250 populus
714 3170 880 3231 libertatem
902 3171 932 3229 in
947 3167 1052 3229 lubidi-

45 3316 49 3323 .
66 3276 138 3321 nem
149 3266 277 3329 vortere,
295 3258 350 3318 sibi
365 3258 488 3336 quisque
502 3256 610 3317 ducere
624 3254 744 3316 trahere
758 3272 872 3333 rapere.
897 3252 939 3312 lta
956 3254 1052 3312 omnia

66 3344 99 3405 in
115 3342 189 3403 duas
205 3343 296 3421 partis
313 3342 457 3402 abstracta
474 3345 554 3408 sunt,
572 3357 620 3399 res
635 3338 766 3417 publica,
790 3356 865 3416 quae
879 3336 974 3396 media
989 3336 1051 3397 lue·

66 3433 131 3497 rat,
154 3425 318 3487 dilacerata.
354 3425 490 3486 Ceterum
504 3421 638 3483 nobilitas
659 3421 784 3484 lactionc
801 3423 894 3498 magis
912 3418 1078 3497 pollebant
