2272 4176
393 200 550 264 BELLUM
568 200 746 263 stratone.
993 202 1056 269 379

78 356 277 437 procedendi
299 356 400 417 oblata
421 357 563 417 facultate
589 357 812 419 circumventus
833 360 1054 423 concideretur.

77 444 198 505 Caesar
213 449 379 519 postquam
391 442 526 517 equitatu
537 448 606 502 ante
620 444 792 518 praemisso
807 446 921 506 inscius
934 447 1055 509 insidia·

76 547 147 591 rum
163 544 237 588 cum
252 529 292 587 ad
307 543 376 587 eum
390 528 490 588 locum
504 528 655 601 venisset,
682 528 772 589 abusi
789 532 855 591 sive
871 531 954 591 obliti
969 548 1055 607 prae·

77 621 246 690 ceptorum
256 612 381 672 Labieni
395 613 461 672 sive
475 612 570 683 veriti,
587 627 625 671 ne
640 612 669 670 in
685 614 772 674 fossa
784 615 822 676 ab
836 616 988 691 equitibus
1001 632 1055 693 op·

76 701 301 776 primerentur,
328 696 389 756 rari
410 712 446 756 ac
468 697 577 771 singuli
600 697 638 755 de
657 713 735 772 rupe
755 701 881 774 prodire
896 707 925 760 et
940 717 1058 761 summa

77 792 189 860 petere
205 783 302 842 collis.
333 781 415 854 Quos
429 781 567 841 Caesaris
584 783 703 855 equites
719 786 876 844 consecuti
892 786 1001 860 partim
1012 786 1055 845 in-

76 869 283 939 terfecerunt,
309 866 417 940 partim
430 866 570 925 vivorum
587 872 657 926 sunt
670 868 775 941 potiti;
792 870 902 929 deinde
917 870 1055 944 protinus

78 953 194 1013 collem
216 957 322 1026 petere
342 950 562 1010 contenderunt
582 957 672 1025 atque
694 967 764 1011 eum
784 954 917 1013 decusso
934 955 1055 1014 Labieni

78 1036 240 1113 praesidio
263 1035 400 1095 celeriter
421 1042 656 1109 occupaverunt.
696 1036 849 1097 Labienus
876 1053 945 1098 cum
969 1046 1055 1114 parte

79 1122 220 1198 equitum
236 1120 287 1178 vix
301 1121 373 1193 fuga
387 1118 445 1178 sibi
460 1120 578 1194 peperit
590 1122 725 1180 salutem.

163 1205 212 1263 LI.
228 1205 293 1263 Hac
307 1219 340 1262 re
355 1219 410 1278 per
425 1205 542 1278 equites
558 1205 764 1277 gestaCaesar
779 1206 948 1280 legionibus
960 1223 1018 1281 ope
1036 1225 1055 1267 a

79 1290 237 1350 distribuit
252 1294 344 1362 atque
359 1289 388 1346 in
403 1304 440 1347 eo
457 1289 548 1359 colle,
572 1304 632 1362 quo
649 1296 713 1349 erat
729 1291 857 1365 potitus,
873 1298 974 1351 castra
988 1225 1040 1352 mL

79 1376 164 1434 nivit.
194 1373 312 1433 Deinde
333 1373 371 1431 ab
393 1373 457 1432 suis
479 1373 617 1431 maximis
633 1375 742 1434 castris
757 1390 811 1448 per
825 1377 957 1437 medium
973 1392 1052 1437 cam·

79 1475 154 1534 pum
177 1473 195 1516 e
216 1457 340 1531 regione
363 1457 467 1531 oppidi
487 1457 616 1530 Uzittae,
643 1460 726 1531 quod
746 1461 822 1518 iuter
837 1476 894 1520 sua
909 1464 1010 1519 castra
1023 1468 1053 1522 et

80 1542 238 1617 Scipionis
260 1542 289 1599 in
310 1541 440 1615 planicie
460 1541 594 1615 positum
615 1548 679 1600 erat
705 1543 926 1619 tenebaturque
947 1560 965 1603 a
987 1544 1051 1603 Sei·

81 1630 184 1704 piene,
201 1628 262 1686 duo
278 1625 403 1685 brachia
416 1625 544 1684 instituit
558 1626 627 1685 duci
643 1633 672 1685 et
688 1626 728 1684 ita
743 1627 881 1700 dirigere,
896 1635 929 1687 ut
943 1628 982 1687 ad
998 1645 1050 1687 an-

79 1715 186 1789 guium
202 1712 342 1770 dextrum
356 1710 574 1783 sinistrumque
589 1710 655 1769 eius
671 1710 776 1784 oppidi
792 1713 996 1771 convenirent.
1017 1712 1047 1772 id

80 1800 138 1856 hac
153 1796 272 1855 ratione
287 1810 365 1868 opus
386 1792 568 1865 instruebat,
594 1800 640 1867 ut,
665 1810 734 1853 cum
754 1796 883 1869 propius
905 1796 1050 1869 oppidum

80 1883 190 1957 copias
207 1879 394 1938 admovisset
409 1893 650 1953 oppugnareque
672 1879 840 1952 coepisset,
866 1888 944 1939 tecta
958 1881 1049 1944 latera

81 1968 147 2026 suis
169 1962 387 2023 munitionibus
407 1964 546 2035 haberet,
573 1976 611 2020 ne
632 1962 670 2021 ab
691 1964 842 2038 equitatus
863 1964 1051 2025 multitudine

81 2052 307 2109 circumventus
322 2047 360 2105 ab
387 2047 615 2121 oppugnatione
637 2047 853 2121 deterreretur,
882 2056 1050 2125 praeterea,

82 2152 142 2211 quo
161 2133 281 2191 facilius
303 2132 464 2205 conloquia
484 2131 549 2190 fieri
566 2138 709 2205 possent,
736 2139 765 2191 et
779 2132 806 2190 si
822 2133 872 2207 qui
888 2134 1050 2206 perfugere

82 2221 204 2287 vellent,
221 2216 252 2274 id
267 2216 349 2290 quod
364 2223 452 2274 antea
464 2216 722 2289 saepeaecidebat
736 2232 845 2289 magno
862 2231 929 2275 cum
945 2231 1050 2277 eorum

81 2303 237 2379 periculo,
263 2306 325 2358 tum
340 2300 428 2357 facile
443 2307 473 2358 et
486 2299 553 2358 sine
569 2300 703 2372 periculo
719 2300 813 2358 fieret.
842 2301 946 2359 Voluit
961 2302 1050 2360 etiam

81 2385 230 2461 experiri,
258 2398 326 2441 cum
339 2384 466 2457 propius
481 2384 599 2442 hostem
615 2384 813 2454 accessisset,
839 2384 1004 2443 haberetne
1020 2386 1049 2443 in

81 2472 183 2530 altimo
192 2467 345 2528 dimicare.
358 2467 534 2527 Accedebat
543 2468 631 2526 etiam
643 2469 682 2526 ad
693 2469 827 2542 reliquas
837 2483 956 2540 causas,
967 2469 1051 2542 quod

81 2558 106 2615 is
120 2557 209 2613 locus
225 2551 393 2625 depressus
408 2557 473 2609 erat
484 2552 627 2626 puteique
643 2551 682 2609 ibi
698 2552 763 2610 fieri
787 2553 951 2624 conplures
965 2560 1045 2625 pote·

79 2647 163 2699 rant:
176 2637 340 2711 aquatione
355 2635 434 2693 enim
447 2637 538 2708 longa
550 2642 580 2694 et
590 2644 719 2709 angusta
730 2636 878 2695 utebatur.
891 2637 966 2694 Duru
975 2636 1051 2695 haec

81 2739 192 2799 opera,
210 2736 288 2795 quae
304 2727 372 2778 ante
388 2720 464 2791 dixi,
480 2719 593 2777 fiebant
606 2736 624 2777 a
638 2720 823 2793 legionibus
845 2718 962 2777 interim
978 2736 1050 2793 pars

81 2809 146 2867 acie
169 2811 238 2864 ante
260 2821 338 2878 opus
360 2805 507 2862 instructa
528 2804 584 2862 sub
605 2803 693 2862 hoste
709 2804 823 2873 stabat;
850 2803 968 2877 equites
982 2804 1050 2862 bar-

80 2892 145 2952 bari
170 2891 309 2963 levisque
334 2894 502 2946 armaturae
527 2888 650 2961 proeliis
675 2887 796 2947 minutis
823 2887 991 2946 comminus
1008 2888 1049 2946 di·

79 2975 243 3035 micabant.

166 3059 227 3116 LII.
253 3057 365 3116 Caesar
379 3056 417 3114 ab
433 3072 470 3115 eo
487 3071 581 3130 opere
596 3072 663 3115 cum
678 3056 737 3115 iam
753 3055 810 3113 sub
824 3070 989 3129 uesperum
1000 3070 1051 3115 co·

79 3145 147 3220 pias
164 3144 193 3201 in
212 3147 312 3201 castra
324 3141 498 3212 reduceret,
521 3156 630 3214 magno
646 3140 772 3199 incursu
788 3154 855 3197 cum
872 3142 952 3199 ornni
967 3141 1050 3215 equi-

79 3236 144 3288 tatu
159 3227 282 3300 levique
297 3233 448 3284 armatura
463 3225 552 3296 Iuba,
570 3223 688 3298 Scipio,
704 3224 856 3282 Labienus
872 3225 900 3283 in
918 3224 1050 3298 legiona-

78 3313 143 3373 rios
160 3314 307 3386 impetum
326 3311 470 3369 feceruut.
499 3309 626 3383 Equites
649 3308 821 3368 Caesariani
840 3308 871 3367 vi
891 3308 1051 3369 universae

78 3397 265 3470 subitaeque
289 3395 422 3454 hostiurn
443 3394 640 3453 multitudinis
661 3395 742 3469 pulsi
764 3409 928 3469 parumper
947 3408 1069 3453 cesse.

79 3490 158 3545 runt.
190 3479 274 3556 Quae
294 3494 345 3540 res
365 3480 449 3541 aliter
469 3479 653 3543 adversariis
676 3480 795 3543 cecidit.
819 3478 967 3557 nunqua
985 3478 1061 3538 bae-
