2272 4176
417 183 468 239 LL.
483 182 530 239 DE
544 180 729 243 cumcunl
988 170 1050 239 431

79 336 248 393 invocatorem
261 335 327 392 benc
340 336 542 395 &compone
555 339 681 412 dqnbctc
690 341 789 412 populi
800 337 1050 395 Rornantmcm'tam

80 435 142 478 csse
156 422 315 477 sommare
329 421 454 479 debemus
467 426 538 494 —)=
559 423 634 481 hunc
649 425 758 481 facilem
774 430 801 480 et
817 422 984 480 cotidianum
1001 434 1048 474 no

79 509 158 563 visse
172 521 331 561 sermonem
345 523 418 562 nunc
431 524 482 579 pro
497 508 591 564 relicto
606 513 648 565 est
661 507 829 565 babendum.

164 588 231 649 cleti
248 590 281 660 I,
303 589 357 651 10=
385 591 466 659 Quod
487 611 504 650 a
525 590 554 650 C.
568 591 689 651 Caesare
710 594 739 649 in
757 595 847 667 primo
868 591 904 648 tle
923 588 1051 660 analogia

80 675 151 731 libro
167 674 370 746 scriptumest,
392 676 465 733 habe
480 694 592 750 semper
605 679 634 735 in
648 679 782 735 memoria
797 683 878 749 atque
890 677 918 731 in
928 680 1049 747 pectore,

80 764 110 814 ut
133 764 273 830 tamquam
293 762 439 834 scopulum
465 763 506 819 sie
531 763 621 835 fugias
647 763 798 819 inauditum
823 767 904 834 atque
929 758 1051 815 insolens

82 844 207 900 verbum.

161 928 260 1002 Pomp.
272 944 366 985 comm.
378 931 546 1003 crtDon-p.
556 929 617 993 230
627 932 723 988 Lina:
744 931 884 1003 Analogia
892 934 1051 998 cstcompa·

83 1014 160 1070 ratio.
196 1013 239 1068 Fit
252 1020 313 1070 octo
329 1015 429 1070 modis.
464 1017 501 1070 Vt
515 1017 568 1071 sint
582 1033 632 1072 sex
643 1018 705 1072 illae
716 1023 826 1089 partes,
842 1031 914 1086 quae
926 1011 1055 1069 accidunt

82 1098 196 1155 nomini.
238 1095 296 1154 Sex
316 1105 407 1154 autem
427 1100 556 1156 accidunt
576 1102 679 1156 nomini
694 1102 760 1157 ista:
786 1101 917 1172 qualitas,
941 1111 1053 1168 compa-

82 1182 168 1252 ratio,
196 1199 302 1255 genus,
329 1200 477 1256 numerus,
503 1185 609 1258 figura,
637 1203 728 1242 casus.
775 1186 848 1242 Ecce
874 1199 925 1239 sex
948 1188 1053 1254 partes.

82 1267 178 1324 Exitus
194 1269 364 1340 syllabarum
379 1277 408 1324 ut
422 1271 456 1325 sit
473 1270 577 1326 similis.
619 1272 688 1327 Puta
703 1271 770 1326 iilud
783 1271 811 1325 in
825 1286 858 1325 us
874 1269 929 1324 exit
943 1272 970 1323 et
986 1262 1054 1320 illud

83 1353 111 1407 in
125 1369 168 1409 us.
203 1353 419 1409 Penultimarum
433 1356 502 1411 ratio
517 1361 546 1410 ut
559 1356 594 1410 sit
608 1357 719 1426 similis,
740 1361 770 1411 ut
783 1360 830 1411 aut
843 1353 957 1412 vocales
968 1350 1052 1423 sylla·

83 1439 136 1494 bae
157 1437 211 1492 sint
233 1443 279 1494 aut
293 1444 486 1496 consonantes.
521 1440 628 1496 Deinde
647 1447 675 1496 ut
687 1446 812 1512 tempora
827 1440 881 1494 sint
894 1435 1008 1493 similia=
1030 1430 1053 1488 si

84 1523 130 1579 illa
147 1523 243 1579 breuis
264 1528 321 1594 est,
342 1529 369 1580 et
388 1525 434 1580 illa
453 1526 547 1581 breuis
569 1526 611 1581 sit
655 1525 696 1581 De
716 1525 775 1580 istis
790 1524 917 1579 omnibus
932 1521 1015 1576 rebus
1030 1519 1055 1572 si

85 1623 170 1662 unum
184 1606 274 1663 minus
288 1609 383 1679 luerit,
404 1610 459 1665 iam
475 1625 531 1665 non
540 1615 593 1666 stat
604 1610 749 1682 analogia;
772 1608 807 1665 de
819 1608 863 1663 his
874 1608 967 1674 rebus,
982 1618 1054 1675 quae

85 1692 192 1766 positae
212 1698 276 1747 suut
295 1693 371 1765 apud
391 1691 554 1765 Caesarem,
582 1695 606 1750 si
627 1695 693 1765 quid
708 1694 798 1748 minus
814 1691 909 1760 luerit,
929 1691 984 1746 iam
998 1703 1055 1743 non

85 1777 167 1834 stabit
187 1778 256 1832 ratio
271 1779 427 1851 analogiae.
465 1780 513 1835 Ait
529 1779 603 1834 enim
618 1777 735 1835 Caesarz
756 1777 815 1834 Nisi
830 1775 922 1832 omnia
936 1789 1054 1830 consen·

85 1862 150 1918 tiant
164 1861 236 1917 inter
251 1880 297 1933 se,
318 1878 374 1918 non
388 1869 480 1935 potest
492 1863 569 1933 fieri,
590 1868 619 1919 ut
632 1863 750 1919 nominis
766 1860 913 1918 similitudo
928 1858 971 1914 sit.

163 1946 242 2002 Idem
261 1947 322 2003 ilict
333 1966 365 2021 p·
378 1948 432 2009 27:
453 1949 583 2022 Legimus
601 1948 677 2021 apud
693 1949 812 2004 maiores
827 1951 936 2002 nostros
950 1942 1053 2016 primas

84 2031 160 2104 apud
174 2030 316 2087 Romanos
331 2032 369 2087 XI
382 2034 485 2089 litteras
500 2034 585 2089 luisse
602 2033 804 2102 tantummodo,
826 2037 856 2087 ut
871 2029 936 2086 dicit
951 2026 1055 2085 Caesar

84 2119 153 2174 libro
175 2117 368 2189 analogiarum
388 2119 487 2191 primo.
532 2119 563 2173 In
583 2119 652 2175 libro
674 2118 865 2190 analogiarum
883 2114 986 2172 Caesar
1000 2112 1055 2167 hoc

83 2202 168 2271 dixit,
190 2200 228 2255 Xl
242 2202 335 2257 luisse.

160 2284 299 2342 Priscian.
309 2303 343 2359 p.
354 2279 416 2346 545
430 2286 479 2343 P„-
507 2287 631 2359 Pompeii
647 2303 756 2359 quoque
766 2285 925 2359 genetivum
938 2298 990 2355 per
1002 2280 1055 2335 tria

82 2372 91 2427 i
105 2364 280 2438 scribebant,
302 2386 419 2441 quorum
436 2371 490 2427 duo
512 2373 657 2443 superiora
678 2373 740 2427 loco
755 2369 965 2426 consonantium
982 2365 1054 2420 acci-

80 2458 212 2530 piebant,
235 2461 264 2509 ut
281 2457 304 2510 si
328 2456 405 2511 dicas
425 2457 581 2528 Pompei-ii.
620 2456 691 2512 Nam
711 2456 796 2511 tribus
817 2456 825 2510 i
846 2453 944 2509 iunctis
966 2449 1055 2522 qualis

80 2543 173 2614 possit
190 2541 298 2612 syllaba
318 2542 511 2613 pronuntiarit
539 2540 610 2596 Nam
630 2548 800 2614 postremum
814 2540 823 2594 i
836 2555 887 2610 pro
908 2534 998 2595 vocab
1013 2537 1056 2588 est

80 2625 293 2697 accipiendum
316 2625 391 2696 quod
406 2624 518 2681 Caesari
534 2626 693 2681 doctissimo
708 2625 774 2680 artis
789 2621 984 2696 grammaticae
993 2619 1054 2693 pla-

80 2711 168 2768 citum
189 2708 330 2766 aVictore
352 2725 462 2781 quoque
482 2711 511 2765 in
530 2717 588 2766 arte
604 2711 784 2783 grammatica
799 2708 835 2765 de
850 2706 964 2780 syllabis
979 2720 1054 2761 com·

79 2797 227 2869 probatur.

163 2878 273 2934 Prona
286 2884 339 2934 art
350 2881 415 2935 min.
432 2879 486 2940 28:
510 2877 578 2935 Cum
592 2895 688 2934 omnes
701 2879 766 2934 artis
777 2878 879 2933 latores
890 2875 1052 2948 praecipue-

82 2981 138 3037 que
161 2962 266 3019 Caesar
286 2969 400 3036 propter
420 2965 555 3019 rationem
575 2963 716 3019 metricam
731 2969 758 3019 et
773 2967 970 3017 structurarum
986 2970 1053 3027 qua·

80 3051 174 3105 litates
195 3048 367 3119 singularum
386 3048 537 3103 litterarum
556 3065 641 3103 sonos
655 3047 858 3119 ponderarent,
879 3045 935 3100 hac
949 3041 1054 3097 ratione
1118 3090 1122 3099 .

80 3133 270 3191 semivocales
291 3133 371 3188 mutis
391 3132 591 3204 praeferendas
614 3131 821 3200 iudicaverunt,
844 3129 918 3202 quod
933 3127 1054 3185 semtvo

81 3220 160 3277 cales
181 3217 339 3291 geminatae
361 3217 398 3272 ad
418 3233 517 3272 sonum
538 3217 681 3273 vocalibus
697 3221 858 3284 occurrunt,
879 3212 934 3270 hoc
948 3216 1004 3282 est,
1025 3214 1055 3267 nt

81 3304 223 3378 syllabam
237 3304 330 3358 lacere
344 3303 465 3374 possint,
486 3307 516 3357 ut
530 3307 596 3373 puta
611 3299 663 3370 tla,
686 3316 748 3369 ars,
766 3315 860 3367 mons,
878 3299 953 3354 iners
968 3301 995 3352 et
1008 3312 1055 3352 ce-

80 3394 144 3446 tera
165 3388 240 3444 talia.
280 3387 317 3441 At
336 3403 405 3445 vero
427 3393 518 3442 mutae
534 3385 690 3459 geminatae
704 3384 728 3439 si
742 3384 886 3441 vocalibus
901 3385 1055 3452 occurrant,

81 3489 137 3532 uec
156 3474 296 3548 syllabam
315 3487 368 3528 neo
388 3489 487 3528 sonum
508 3473 612 3528 scilicet
630 3472 723 3527 iacere
736 3474 865 3545 possunt.
899 3465 971 3537 Quis
983 3467 1064 3522 enim
