2272 4176
344 174 501 237 BELLUM
520 175 698 238 taalenu.
943 178 1005 243 3⁹3

24 328 80 389 sui
95 327 213 389 sublati
228 326 362 390 universi
383 328 413 387 in
435 329 541 391 hostes
556 330 750 406 inpressione
765 332 845 393 lacta
858 332 888 392 in
902 333 1003 407 lugam

26 413 236 474 adversarios
252 412 416 481 dederunt;
431 415 533 475 multis
545 414 668 485 occisis.
680 417 889 491 compluribus
900 419 1004 476 vulne-

28 496 106 558 ratis
121 496 255 558 insecuti
275 511 331 571 per
343 497 401 557 tria
414 500 496 558 milia
510 514 658 573 passuum
671 516 773 575 usque
788 500 828 559 ad
843 502 937 560 colles
951 501 1005 561 ho-

27 581 134 643 stibus
150 581 270 642 adactis
285 596 320 640 se
334 582 373 640 ad
387 596 463 642 suos
478 582 638 657 recipiunt.
660 582 774 643 Caesar
788 584 818 643 in
833 583 939 645 horam
955 584 1006 644 de-

28 668 144 726 cimam
160 671 382 738 commoratus,
404 666 485 726 sicut
499 674 565 726 erat
578 668 759 742 instructus,
781 682 817 727 se
831 670 870 727 ad
886 684 943 727 sua
957 684 1006 727 ca-

30 759 98 811 stra
110 750 231 830 recepit
242 747 380 810 omnibus
391 750 603 811 incolumibus.
622 752 655 809 ln
667 768 728 826 quo
741 751 1007 827 proelioPacidius

30 834 170 909 graviter
185 834 245 909 pilo
261 848 317 909 per
332 834 483 893 cassidem
500 836 683 909 caputiatos
700 836 938 911 compluresque
952 836 1007 895 du-

32 934 86 978 ces
101 934 140 977 ac
156 918 341 979 fortissimus
358 918 490 994 quisque
504 919 652 979 interlecti
666 920 879 995 vulneratique
895 927 974 979 sunt.

115 1002 247 1063 LXXIX.
269 1001 433 1077 Postquam
451 1002 533 1062 nulla
547 1003 728 1063 condicione
740 1018 851 1076 cogere
863 1004 1008 1063 adversa·

32 1085 134 1146 sarias
150 1093 286 1162 poterat,
312 1093 345 1146 ut
363 1086 392 1144 in
408 1102 539 1162 aequum
560 1088 661 1148 locum
676 1087 899 1149 descenderent
913 1088 1007 1161 legio-

32 1186 170 1246 numque
185 1171 363 1246 periculum
371 1171 520 1245 lacerent,
547 1187 647 1245 neque
662 1171 730 1245 ipse
745 1172 873 1247 propius
889 1170 1008 1233 hostem

33 1262 137 1314 castra
152 1271 269 1330 ponere
285 1260 408 1329 propter
423 1271 523 1329 aquae
537 1256 693 1330 penuriam
708 1272 744 1316 se
759 1272 855 1331 posse
871 1256 1005 1315 animad-

33 1340 188 1413 vertebat,
215 1338 408 1399 adversarios
429 1356 491 1398 non
506 1340 616 1399 virtute
631 1354 737 1399 eorum
753 1340 924 1411 confidere,
950 1339 1007 1399 sed

33 1440 183 1498 aquarum
199 1423 302 1498 inopia
316 1424 411 1482 fretos
427 1423 589 1498 despicere
605 1438 640 1482 se
654 1424 810 1495 intellexit,
817 1424 1005 1497 ullomhpr.

34 1508 122 1567 tertia
134 1509 239 1582 vigilia
254 1522 399 1581 egressus
420 1506 459 1566 ab
475 1510 580 1581 Aggar
593 1523 647 1566 xvr
661 1507 744 1567 milia
759 1514 847 1567 nocte
863 1522 1004 1581 progres-

34 1608 87 1651 sus
114 1592 155 1651 ad
176 1591 345 1666 Thapsum,
372 1590 423 1650 ubi
445 1592 599 1665 Vergilius
625 1607 693 1651 cum
718 1591 826 1665 grandi
853 1592 1007 1664 praesidio

35 1681 193 1750 praeerat,
215 1682 316 1736 castra
331 1676 417 1749 ponit
432 1676 645 1750 oppidumque
659 1690 697 1734 eo
713 1675 762 1734 die
778 1674 1008 1733 circummunire

34 1760 137 1834 coepit
151 1761 282 1835 locaque
299 1759 411 1820 idonea
425 1766 660 1835 opportunaque
675 1760 832 1833 complura
847 1759 1007 1833 praesidiis

34 1858 198 1919 occupare,
215 1844 320 1904 hostes
335 1859 374 1904 ne
389 1844 501 1904 intrare
516 1844 555 1903 ad
571 1859 606 1903 se
616 1859 653 1903 ac
664 1844 734 1903 loca
743 1842 886 1903 interiora
897 1858 1008 1918 capere

34 1936 175 2003 possent.
198 1927 300 2003 Scipio
316 1929 433 1989 interim
449 1928 578 2002 cognitis
594 1927 735 1988 Caesaris
752 1928 887 1987 consiliis
902 1927 941 1985 ad
955 1941 1006 1986 ne-

35 2013 211 2073 cessitatem
225 2013 375 2073 adductus
394 2013 566 2083 dimicandi,
581 2028 620 2072 ne
635 2027 692 2087 per
706 2028 856 2072 summum
872 2012 1006 2071 dedecus

35 2096 205 2157 fidissimos
220 2097 285 2156 suis
299 2098 391 2157 rebus
406 2097 609 2172 Thapsitanos
624 2105 655 2158 et
668 2096 835 2171 Vergilium
850 2096 1006 2169 amitteret,

35 2181 198 2240 confestim
214 2179 375 2241 Caesarem
393 2197 448 2257 per
469 2183 629 2257 superiora
643 2183 712 2242 loca
727 2188 911 2241 consecutus
926 2181 1007 2240 milia

36 2280 186 2338 passuum
202 2271 271 2325 octo
287 2266 441 2339 aThapso
456 2265 536 2325 binis
550 2266 660 2326 castris
676 2266 826 2325 consedit.

117 2347 232 2407 LXXX.
257 2348 329 2410 Erat
344 2357 482 2423 stagnum
498 2351 672 2423 salinarum,
687 2351 765 2409 inter
780 2347 863 2424 quod
879 2354 909 2407 et
923 2356 1007 2408 ma're

35 2433 196 2508 angustiae
211 2434 362 2508 quaedam
378 2450 437 2493 non
454 2437 584 2509 amplius
599 2436 680 2494 mille
694 2441 724 2495 et
739 2434 923 2509 quingentos
935 2450 1005 2507 pas-

35 2534 90 2577 sus
113 2518 294 2586 intererant;
320 2534 398 2592 quas
415 2518 516 2592 Scipio
538 2520 649 2577 intrare
669 2525 699 2577 et
712 2517 906 2592 Thapsitanis
922 2520 1005 2577 auni-

35 2602 108 2660 lium
124 2602 204 2661 lerre
220 2600 395 2661 conabatur.
422 2601 508 2674 Quod
524 2604 654 2663 futurum
671 2603 831 2662 caesarem
847 2619 906 2661 non
922 2603 1005 2661 lelel-

35 2686 120 2745 lerat.
149 2685 287 2760 Namque
308 2686 406 2760 pridie
428 2686 457 2744 in
480 2702 516 2746 eo
539 2688 607 2747 loco
629 2687 754 2746 castello
774 2686 889 2745 munito
905 2686 1006 2759 ibique

36 2769 125 2828 trium
141 2769 294 2843 legionum
310 2770 463 2844 praesidio
479 2771 583 2831 relicto
599 2772 667 2846 ipse
682 2787 750 2830 cum
764 2770 892 2844 reliquis
908 2770 1005 2843 copiis

35 2853 149 2913 lunatis
167 2854 276 2914 castris
291 2854 446 2929 Thapsum
462 2855 607 2929 operibus
623 2854 873 2915 circummunivit.
901 2852 1005 2928 Scipio

35 2936 154 2997 interim
176 2940 320 2998 exclusus
342 2938 379 2997 ab
401 2938 521 3014 incepto
542 2939 648 2999 itinere
673 2954 767 3013 supra
791 2946 931 3013 stagnum
951 2954 1006 3012 po·

35 3027 119 3081 stero
135 3021 186 3081 die
200 3030 230 3083 et
245 3029 335 3083 nocte
349 3024 489 3083 conlecto
506 3024 593 3085 caelo
608 3022 728 3082 albente
743 3039 803 3082 non
819 3023 910 3096 longe
924 3037 943 3079 a
957 3037 1004 3081 ca-

35 3105 108 3165 stris
123 3107 350 3182 praesidioque,
367 3107 449 3181 quod
465 3123 560 3181 supra
572 3106 814 3179 commemoravi,
828 3122 850 3163 u
862 3106 1005 3182 passibus

34 3189 74 3250 ad
96 3205 182 3250 mare
202 3206 312 3251 versus
334 3191 473 3251 consedit
488 3198 518 3252 et
532 3200 633 3253 castra
650 3191 765 3250 munire
780 3190 889 3265 coepit.
920 3190 1004 3263 Quod

32 3280 201 3351 postquam
216 3274 338 3335 caesari
353 3275 520 3335 nuntiatum
534 3284 589 3350 est,
603 3274 696 3334 milite
711 3275 749 3335 ab
764 3288 857 3350 opere
864 3274 1006 3349 deducto,

33 3359 147 3421 castris
168 3357 323 3432 praesidio
343 3359 517 3435 Asprenate
537 3360 723 3435 proconsule
743 3374 810 3419 cum
836 3358 1003 3435 legionibus

16 3442 159 3507 duabus
177 3442 286 3505 relicto
306 3442 373 3523 ipse
394 3460 462 3507 cum
483 3445 629 3525 expedita
648 3445 738 3523 copia
757 3445 788 3507 in
811 3460 884 3505 euni
905 3446 1014 3505 lotum
