2272 4176
180 125 340 168 11111111
357 125 600 169 1111111111.
617 121 677 173 101.
695 120 755 173 101.
901 113 958 174 101

58 273 191 350 ugurtha,
215 273 285 334 dum
307 281 471 336 sustentare
492 292 561 335 suos
584 282 613 335 et
633 292 726 353 prope
747 277 806 336 iam
826 276 988 355 adeptamn

58 359 128 417 riam
142 358 271 417 retinere
286 358 365 434 cupit
387 359 601 419 circumventus
620 358 656 417 ab
680 360 835 436 equitibus,
858 360 960 422 dextra

58 459 96 500 ,ra
112 439 249 500 omnibus
264 441 368 500 occisis
384 441 463 502 solus
479 444 554 501 inter
571 441 627 502 tela
643 441 771 502 hostium
785 443 960 505 vitabundus

58 527 114 602 ipit.
148 526 241 602 Atque
263 526 379 583 interim
401 525 509 586 illarius
532 525 637 603 fugatis
660 525 806 603 equitibus
828 527 957 588 adcurrit
968 538 1001 589 10

58 611 84 667 io
99 610 168 676 suis,
186 625 259 685 quos
279 607 348 685 pelli
362 610 418 668 iarn
440 616 602 685 acceperat.
635 608 765 687 Denique
780 610 880 671 hostes
901 612 959 671 iam

58 710 105 769 [ue
124 692 189 750 lusi.
223 690 298 751 Tum
317 691 517 768 spectaculum
531 692 672 753 horribile
687 695 716 753 in
734 696 843 772 campis
857 701 958 772 paten-
969 710 998 759 11

63 797 69 834 :
89 776 171 852 sequi
186 774 304 852 lugere,
325 777 418 836 occidi
434 778 514 855 capi:
534 778 602 856 equi
616 785 702 855 atque
720 779 774 837 viri
789 777 906 846 adflicti,
924 796 959 838 ac

58 911 60 917 ,
81 858 248 918 volneribus
269 861 396 937 acceptis
414 878 510 939 neque
526 861 628 938 fugere
648 878 735 939 posse
758 879 853 940 neque
877 863 957 940 quie-

58 944 131 1019 pati,
150 944 202 1001 niti
222 942 310 1002 modo
332 946 478 1003 aestatim
494 943 661 1004 concidere:
677 952 826 1021 postremo
850 945 956 1014 omnia,

58 1028 133 1085 visus
155 1033 226 1094 erat,
250 1032 397 1087 constrata
416 1026 481 1088 telis
500 1030 588 1088 armis
607 1027 811 1098 cadaveribus,
835 1036 864 1089 et
881 1030 957 1088 inter

58 1127 133 1169 rmus
148 1109 254 1169 infecta
272 1113 422 1186 sanguine.

60 1193 131 1253 Post
146 1213 179 1253 ea
193 1193 251 1253 loci
266 1195 369 1254 consul
389 1195 459 1255 haut
477 1195 564 1257 dubie
578 1197 634 1256 iam
650 1199 741 1256 victor
759 1199 892 1274 pervenit
906 1192 1007 1257 111102

57 1278 117 1337 lum
139 1276 256 1345 Cirtam,
277 1295 334 1355 qno
353 1280 432 1339 initio
455 1279 604 1358 profectus
621 1281 794 1341 intenderat.
831 1280 874 1340 Eo
890 1289 982 1358 post2

66 1362 199 1439 quintum
211 1378 299 1439 quam
314 1363 421 1422 iterum
431 1362 551 1422 barbari
565 1363 640 1422 male
655 1370 856 1439 pugnaverant
869 1362 957 1441 legati

58 1444 122 1505 :cho
139 1447 266 1514 veniunt,
285 1448 334 1523 qui
355 1447 433 1524 regis
453 1445 550 1506 verbis
565 1445 601 1505 ab
617 1446 707 1506 llario
721 1448 860 1524 petivere,
884 1446 957 1505 duos

58 1549 64 1586 ι
81 1529 247 1589 fidissumos
269 1530 305 1589 ad
327 1548 394 1590 eum
412 1532 554 1589 mitteret:
575 1528 648 1589 relle
664 1530 700 1589 de
717 1547 748 1589 se
764 1538 792 1590 11
806 1530 842 1589 de
857 1529 956 1606 populi

58 1614 99 1672 ani
115 1613 268 1673 commodo
287 1614 408 1673 cumeis
424 1614 576 1673 disserere.
611 1612 663 1673 llle
683 1615 779 1673 statim
797 1613 829 1672 L.
846 1611 981 1674 Sullam3

78 1695 217 1756 Manlium
238 1699 281 1756 ire
299 1696 388 1757 iubet.
427 1698 482 1768 Qui
499 1714 676 1777 quamquam
697 1699 781 1757 acciti
801 1696 895 1765 ibant,
912 1703 956 1756 ta·

66 1780 178 1858 placuit
200 1779 290 1840 rerba
312 1780 390 1859 apud
411 1797 511 1856 regem
533 1779 645 1850 facere,
673 1781 715 1840 uti
736 1781 885 1857 ingenium
906 1786 957 1839 aut

58 1882 111 1924 ‚um
125 1865 293 1931 flecterent,
318 1872 367 1924 aut
382 1865 521 1942 cupidum
537 1866 618 1940 pacis
633 1864 832 1924 vehementius
849 1863 955 1924 adcen-

57 1955 87 2006 rt.
121 1947 221 2026 ltaque
241 1946 335 2017 Sulla,
352 1950 434 2007 cuius
449 1948 617 2017 facundiae,
640 1965 700 2006 non
715 1949 801 2007 aetati
817 1964 834 2005 a
849 1945 980 2007 Manliot

58 2049 157 2099 essum,
180 2049 274 2107 pauca
298 2032 388 2091 rerba
407 2031 529 2092 huiusce
550 2032 629 2092 modi
647 2031 776 2091 locutus:

59 2114 131 2174 ‘Iler
146 2114 272 2182 boccho,
289 2133 393 2192 magna
411 2114 516 2175 laetitia
540 2115 624 2175 nobis
641 2122 697 2184 est,
723 2115 801 2193 quod
819 2121 848 2174 te
866 2114 980 2177 talem5

58 2217 70 2257 1
86 2199 132 2258 dei
149 2215 291 2258 monuere
305 2201 349 2258 uti
370 2199 524 2277 aliquando
541 2217 644 2275 pacem
660 2216 747 2276 quam
761 2197 870 2258 bellum
883 2195 955 2257 mal·

60 2301 97 2342 eu
117 2290 148 2342 te
167 2288 319 2360 optumum
343 2301 410 2342 cum
431 2300 569 2359 pessumo
590 2284 720 2342 omnium
731 2281 872 2358 iugurtha
886 2282 955 2340 mis·

58 2385 70 2425 1
94 2365 360 2435 conmmaculareS,
384 2365 470 2426 simul
485 2365 570 2425 nobis
585 2367 739 2443 dempsere
753 2364 890 2424 acerbam
903 2381 955 2424 ne·

58 2449 199 2517 udinem,
215 2452 326 2527 pariter
342 2458 370 2509 te
383 2457 531 2510 errantem
549 2456 577 2509 et
592 2449 674 2509 illum
690 2448 955 2509 sceleratissumum

58 2535 122 2610 equi.
160 2533 204 2593 Ad
224 2533 281 2593 hoc
302 2533 411 2611 populo
432 2533 564 2593 Romano
583 2535 673 2592 iarna
695 2533 838 2610 principio
860 2532 980 2609 inperio

58 2635 80 2676 rs
96 2619 188 2677 visum
209 2619 318 2679 amicos
333 2636 421 2695 quam
443 2635 543 2678 servos
561 2635 716 2695 quaerere:
738 2616 885 2694 tutiusque
899 2617 955 2674 rati

61 2700 138 2761 tibus
160 2720 247 2779 quam
270 2705 376 2762 coactis
397 2703 564 2779 inperitare.
605 2700 670 2760 Tibi
685 2716 754 2759 vero
769 2697 848 2759 nulla
867 2712 981 2775 opor-7

57 2803 73 2844 r
92 2792 192 2846 nostra
212 2788 351 2854 amicitia,
379 2787 508 2865 primum
536 2786 602 2862 quia
623 2783 727 2862 procul
746 2781 900 2849 absumus,
924 2782 954 2840 in

58 2870 196 2931 oblensae
218 2872 396 2938 minumum,
426 2871 519 2945 gratia
546 2886 600 2944 par
622 2886 657 2927 ac
678 2867 703 2926 si
723 2882 817 2942 prope
839 2864 953 2924 adesse·

72 2954 139 3015 dein
155 2955 222 3032 quia
236 2955 365 3031 parentis
379 2953 495 3013 abunde
511 2951 667 3018 habemus,
684 2950 845 3009 amicorum
858 2965 954 3025 neque

58 3076 60 3093 ·
77 3056 173 3116 neque
189 3040 324 3117 cuiquam
342 3039 472 3098 omnium
487 3038 554 3096 satis
572 3034 634 3094 luit.
664 3034 758 3111 Atque
771 3031 828 3091 hoc
843 3033 979 3095 utiname

58 3125 153 3200 ncipio
175 3121 229 3183 tibi
250 3120 420 3200 placuisset!
440 3119 574 3200 prolecto
596 3136 632 3178 ex
646 3115 755 3196 populo
770 3113 903 3173 Romano
916 3114 953 3175 ad

58 3214 174 3285 tempus
190 3205 282 3267 multo
297 3204 382 3283 plura
398 3205 475 3265 bona
489 3204 667 3282 accepisses,
691 3217 779 3277 quam
795 3195 870 3256 mala
885 3215 953 3275 per·

58 3310 78 3351 rs
99 3307 140 3352 es.
169 3290 220 3352 Set
236 3291 372 3369 quoniam
386 3287 581 3351 humanarum
597 3302 696 3346 rerum
713 3283 843 3342 Fortuna
856 3279 979 3360 plera-o

58 3376 144 3451 regit,
172 3376 220 3449 cui
240 3374 351 3436 scilicet
370 3372 480 3453 placuit
500 3379 529 3434 et
550 3372 608 3431 rim
629 3374 658 3429 et
679 3367 803 3447 gratiam
822 3373 953 3426 nostram

193 3686 197 3695 -
218 3654 237 3697 -ῑ-
250 3643 462 3710 ,111111ς-1ιτὶ·
