2272 4176
121 122 183 185 220
437 119 487 178 OE
509 119 632 178 BELLO
657 120 771 178 ClVlLl

122 293 181 353 que
197 291 251 334 eos
267 274 448 351 propellant,
464 289 617 348 unamque
629 272 795 347 cohortem,
809 291 888 348 quae
899 282 1018 334 temere
1028 282 1092 335 ante

121 369 239 422 ceteras
265 366 352 417 extra
377 359 473 417 aciem
498 364 707 433 procurreret,
739 360 892 418 seclusam
913 359 952 418 ab
968 359 1091 434 reliquis

121 443 362 506 circumveniunt
382 449 474 518 atque
495 441 679 502 interficiunt
698 443 932 519 incolumesque
949 460 1021 504 cum
1034 460 1089 504 ma·

120 547 179 605 gna
194 529 311 605 praeda
325 528 433 588 eodem
448 535 542 603 ponte
556 528 586 586 in
602 534 703 587 castra
716 533 919 588 revertuntur.

125 646 129 655 ·
202 615 278 673 LVI.
301 614 377 672 Dum
398 611 475 671 haec
496 613 535 671 ad
549 612 679 671 Ilerdam
695 619 855 687 geruntur,
881 611 1089 674 Massilienses

120 701 168 759 usi
189 699 221 758 L.
243 698 363 757 Domitii
386 697 513 757 consilio
536 697 623 756 navis
645 698 753 771 longas
776 697 948 772 expediunt
968 714 1089 758 numero

121 800 202 858 xvn,
226 798 354 858 quarum
374 789 460 840 erant
474 797 506 839 rn
520 788 628 842 tectae.
657 781 752 840 Multa
766 780 827 841 huc
842 782 962 844 minora
977 782 1087 858 navigia
1119 821 1122 834 η.

121 869 244 941 addunt,
261 871 294 926 ut
307 866 376 941 ipsa
390 866 581 925 multitudine
594 871 701 926 nostra
716 866 826 926 classis
841 872 1003 927 terreatur.
1031 867 1090 931 Ma,
1117 875 1128 916 -3

120 968 212 1031 gnum
232 965 391 1010 numerum
412 951 650 1027 sagittariorum,
677 966 820 1027 magnum
834 950 1030 1027 Albicorum,
1054 950 1088 1012 de
1118 1001 1123 1004 .

122 1037 231 1112 quibus
258 1050 352 1109 supra
378 1035 618 1096 demonstratum
643 1042 705 1111 est,
734 1036 897 1110 imponunt
921 1042 1015 1113 atque
1035 1036 1087 1099 hos

122 1120 263 1196 praemiis
277 1119 609 1196 pollicitationibusque
623 1121 756 1180 incitant.
787 1120 893 1181 certas
908 1121 967 1181 sibi
982 1122 1086 1196 depos·

121 1206 160 1266 cit
174 1204 425 1263 navesDomitius
442 1211 533 1280 atque
547 1205 603 1265 has
618 1205 736 1267 colonis
746 1205 1000 1282 pastoribusque,
1015 1221 1085 1282 quos
1120 1254 1134 1281 ..

121 1305 226 1351 secum
241 1288 419 1362 adduxerat,
437 1291 578 1364 complet.
610 1289 661 1350 Sic
677 1290 817 1351 omnibus
833 1290 930 1351 rebus
945 1291 1085 1352 instructa
1132 1298 1134 1311 '

120 1376 221 1437 classe
235 1388 344 1447 magna
357 1373 471 1455 fiducia
485 1375 524 1433 ad
539 1380 661 1435 nostras
674 1390 769 1435 naves
781 1376 965 1452 procedunt,
983 1375 1085 1452 quibus
1131 1420 1134 1455 :

121 1464 261 1534 praeerat
271 1458 436 1518 D.Brutus.
451 1459 516 1517 Hae
532 1460 572 1518 ad
586 1460 724 1534 insulam,
741 1474 821 1536 quae
836 1466 885 1521 est
900 1460 1101 1543 contraimus-¹

120 1543 225 1617 sibam,
241 1544 387 1603 stationes
404 1543 588 1604 obtinebant.
1129 1574 1134 1579 ·

201 1628 290 1687 LVll.
318 1627 391 1687 Erat
411 1629 503 1688 multo
524 1628 649 1688 inferior
670 1644 796 1689 numero
817 1629 942 1691 navium
962 1630 1081 1701 Brutus,
1120 1658 1134 1675 -

121 1714 177 1773 sed
192 1715 306 1773 eleetos
322 1729 361 1772 ex
376 1713 516 1774 omnibus
535 1712 707 1788 legionibus
727 1713 913 1776 fortissimos
929 1714 1025 1790 viros,
1037 1730 1082 1774 an-

122 1799 306 1873 tOSlgHaBOS,
323 1799 531 1873 centurioneS,
548 1797 660 1857 Caesar
674 1798 702 1858 ai
718 1797 810 1858 classi
826 1798 1024 1875 adtribuerat,
1039 1797 1082 1875 qul
1130 1806 1134 1863 ξ’

121 1883 178 1942 sibi
198 1883 228 1941 id
249 1883 383 1942 muneris
406 1884 663 1957 depoposcerant.
691 1882 729 1942 Hi
743 1898 852 1943 marrus
868 1885 988 1944 ferreas
1002 1891 1084 1959 atque
1125 1926 1134 1951 .

120 1967 313 2040 harpagones
328 1975 513 2041 paraverant
526 1982 699 2043 magnoque
714 1983 841 2028 numero
857 1968 1008 2044 pilorum,
1031 1974 1082 2029 tra·
1124 1956 1134 2019 ff

119 2052 257 2124 gularum
271 2051 519 2126 reliquorumque
534 2053 663 2111 telorum
684 2067 719 2111 se
733 2052 951 2113 instruxerant.
982 2055 1027 2114 lta
1040 2068 1082 2114 ce·

118 2135 201 2208 gnito
216 2134 349 2194 hostium
364 2135 497 2195 adventu
509 2151 581 2194 suas
596 2152 692 2195 naves
708 2152 746 2196 ex
757 2143 849 2210 portu
863 2138 1008 2215 educunt,
1023 2154 1083 2198 eum

117 2217 361 2278 Massiliensibus
378 2218 554 2294 confligunt.
576 2219 745 2294 Pugnatum
761 2228 808 2282 est
820 2221 977 2298 utrimque
992 2223 1079 2285 tortis
1127 2274 1134 2301 ,

119 2302 194 2363 sime
209 2310 301 2378 atque
316 2303 478 2363 acerrime:
494 2319 596 2379 neque
610 2308 736 2365 multum
743 2306 842 2366 Albici
854 2307 970 2367 nostris
981 2306 1084 2368 virtute
1130 2310 1134 2321 '

118 2387 276 2463 cedebant,
288 2386 427 2447 homines
443 2389 546 2463 asperi
561 2395 591 2448 et
604 2389 749 2464 montani,
765 2385 922 2451 enercitati
936 2392 967 2451 in
982 2393 1084 2462 armis;

118 2478 210 2548 atque
224 2473 254 2532 hi
269 2473 361 2533 medo
378 2473 510 2547 digressi
526 2473 797 2534 aMassiliensibus
812 2482 969 2536 recentem
986 2489 1084 2538 eorum

118 2558 367 2633 pollicitationem
382 2557 490 2617 animis
504 2559 714 2633 continebant,
731 2564 939 2636 pastoresque
953 2559 1085 2623 indomiti

118 2658 174 2718 spe
196 2643 341 2703 libertatis
363 2642 485 2703 excitati
508 2644 565 2706 sub
586 2643 684 2703 oculis
706 2643 821 2704 domini
848 2661 938 2706 suam
957 2647 1087 2721 probare

118 2742 241 2803 operam
256 2727 429 2787 studebant,

198 2812 300 2871 LVlll.
318 2811 598 2886 lpsillllassilienses
611 2819 641 2873 et
653 2813 804 2872 eeleritate
814 2812 938 2873 navium
949 2822 981 2875 et
992 2815 1085 2876 scien·
1131 2822 1134 2829 '

117 2897 157 2958 tia
176 2898 413 2971 gubernatorum
434 2898 543 2958 confisi
564 2905 687 2959 nostros
710 2898 874 2958 eludebant
895 2898 1087 2975 impetusque

116 2996 222 3045 eorum
243 2980 436 3055 decipiebant
455 2990 499 3057 et,
526 2984 629 3059 quoad
649 2982 760 3043 licebat
779 2982 887 3043 latiore
906 2984 950 3043 uti
978 2985 1086 3060 spatio,

117 3066 266 3141 producta
286 3065 406 3140 longius
428 3067 493 3127 acie
509 3067 728 3129 circumvenire
741 3074 865 3129 nostros
883 3073 935 3129 aut
948 3070 1086 3143 pluribus

91 3167 94 3173 ·
117 3151 245 3211 navibus
261 3150 374 3211 adoriri
388 3153 525 3228 singulas
546 3161 598 3214 aut
610 3169 713 3214 remos
727 3158 973 3214 transcurrentes
990 3154 1085 3214 deter-

115 3251 202 3310 gere,
228 3236 255 3295 si
275 3244 418 3315 possent,
445 3239 686 3307 contendebant3
712 3251 780 3295 cum
802 3237 930 3313 propius
952 3247 1018 3298 erat
1036 3254 1085 3300 ne·

115 3321 252 3382 cessario
266 3328 406 3400 ventum,
432 3323 470 3384 ab
492 3323 621 3384 scientia
634 3322 871 3398 gubernatorum
887 3327 980 3397 atque
995 3322 1084 3383 artili-

116 3404 170 3467 ciis
191 3406 231 3467 ad
252 3405 393 3469 dautem
413 3414 626 3470 montanorum
648 3406 873 3482 confugiebant.
900 3407 1004 3469 Nostri
1018 3421 1083 3467 cum
1130 3422 1134 3431 ·

713 3700 770 3710 ...ια-ι-
