2272 4176
119 472 182 536 248
441 477 489 538 DE
509 476 633 537 BELLO
656 478 770 537 CIVILl

119 629 279 705 evestigio
294 630 334 689 ad
348 636 450 691 castra
465 630 644 693 corneliana
656 632 726 690 vela
742 630 913 691 &exisset
935 630 1003 706 Qua
1017 648 1083 708 pro

118 716 303 777 nuntiatione
317 716 406 791 lacta,
421 716 568 792 temporis
580 722 692 791 puncto
705 715 835 775 sublatis
847 717 969 777 ancoris
981 732 1084 778 omues

120 802 234 861 Uticam
247 801 421 876 relinquunt
435 809 465 862 et
479 818 539 877 quo
554 802 734 875 imperatum
749 806 798 859 est
811 806 980 862 manseuut.
1005 800 1084 877 Quat

116 901 166 946 res
184 886 316 946 omnium
329 902 431 945 rerum
447 887 536 961 copia
551 885 714 960 complevit
728 885 906 944 exercitum.

198 970 304 1031 XXVI.
347 971 403 1030 His
423 971 517 1032 rebus
540 970 635 1044 gestis
652 969 740 1029 eurio
763 985 799 1028 se
813 969 844 1028 in
859 978 964 1029 castra
976 972 1017 1030 ad
1029 972 1081 1031 Ba-

117 1056 242 1131 gradam
262 1055 370 1130 recipit
390 1062 480 1131 alque
499 1054 636 1115 universi
664 1055 817 1113 exercitus
845 1057 1083 1116 conclamatione

116 1142 279 1216 imperator
300 1141 471 1215 appellatur
496 1148 685 1215 posteroque
711 1138 761 1198 die
783 1139 952 1199 exercitum
971 1140 1081 1200 Uticae

116 1227 199 1286 ducit
219 1234 248 1285 et
268 1240 367 1299 prope
393 1226 540 1300 oppidum
566 1231 667 1284 castra
690 1223 785 1298 ponit.
824 1223 970 1284 Nondum
995 1240 1081 1301 opere

117 1317 285 1370 castrorum
309 1310 445 1383 perlecto
467 1309 585 1384 equites
607 1324 646 1367 ex
667 1309 797 1368 statione
819 1309 960 1369 nuntiant
979 1326 1082 1384 magua

116 1395 228 1454 auxilia
242 1394 376 1469 equitum
388 1394 585 1468 peditumque
596 1393 634 1451 ab
646 1408 719 1467 rege
730 1393 826 1452 missa
835 1394 955 1454 Uticam
967 1395 1081 1464 venirc;

116 1479 285 1554 eodemque
306 1486 444 1552 tempore
466 1478 511 1537 vis
536 1492 647 1552 magna
672 1477 808 1552 pulveris
834 1480 1031 1554 cernebatur,
1056 1488 1081 1540 el

115 1562 243 1636 vestigio
265 1562 410 1638 temporis
425 1563 557 1638 primum
571 1578 679 1636 agmen
697 1570 762 1622 erat
775 1562 804 1620 in
821 1572 1001 1638 conspectu.
1028 1565 1081 1624 No

115 1647 206 1707 vitate
220 1648 264 1706 rei
280 1648 368 1709 Curio
384 1655 542 1723 permotus
557 1647 719 1722 praemittit
732 1647 867 1723 equites,
891 1648 944 1724 qui
959 1649 1081 1725 primum

115 1733 258 1806 impetum
274 1733 444 1794 sustineant
459 1750 495 1793 ac
510 1738 681 1800 merentum
703 1733 770 1806 ipsc
786 1733 927 1792 celeriter
939 1735 978 1793 ab
994 1749 1082 1809 opere

117 1817 255 1877 deductis
278 1818 448 1893 legionibus
472 1817 568 1877 aciem
583 1816 712 1876 instruit.
747 1817 938 1892 Equitesque
954 1819 1080 1878 commit·

117 1908 180 1961 tunt
196 1904 344 1976 proelium
359 1910 403 1977 et,
425 1903 607 1979 priusquam
622 1904 712 1978 plane
727 1901 866 1974 legiones
889 1902 1038 1977 explicari
1057 1910 1082 1962 et

116 1988 285 2047 consistere
301 1995 437 2063 possent,
454 1995 516 2048 tota
531 1987 644 2047 auxilia
658 1986 740 2060 regis
757 1986 902 2060 impedita
917 2003 955 2046 ac
970 1995 1081 2063 pontiu

117 2072 201 2146 bata,
229 2073 311 2147 quod
332 2074 414 2133 nullo
437 2073 545 2132 ordine
560 2080 590 2131 et
604 2072 671 2130 sine
686 2071 793 2130 timore
808 2071 865 2130 iter
880 2073 1031 2148 fecerant,
1055 2073 1081 2133 iu

115 2158 217 2231 lugam
232 2157 384 2218 coniciunt
398 2157 595 2233 equitatuque
610 2155 691 2216 omni
707 2159 771 2214 lere
785 2156 937 2230 incolumi,
955 2159 1039 2233 quod
1052 2172 1083 2217 se

116 2257 170 2315 per
185 2243 274 2302 litora
289 2243 426 2302 celeriter
442 2243 471 2302 in
487 2242 635 2318 oppidum
650 2241 774 2315 recepit,
790 2257 934 2316 magnum
949 2243 1082 2318 peditura

116 2342 272 2386 numerum
287 2327 477 2387 interficiunt.

196 2411 315 2470 XXVll.
359 2411 502 2472 Proxima
526 2419 615 2470 nocte
638 2409 835 2469 centuriones
849 2408 945 2469 Marsi
967 2413 1029 2472 duo
1049 2427 1083 2470 cx

115 2494 223 2555 castris
237 2494 375 2555 Curionis
393 2513 461 2557 oum
476 2495 716 2570 manipularibus
728 2495 792 2554 suis
805 2494 928 2554 duobus
942 2504 972 2556 et
983 2495 1083 2572 viginti

114 2581 154 2639 ad
168 2579 282 2640 Attium
296 2581 413 2641 Varum
435 2581 619 2656 perfugiunt.
656 2580 694 2639 Hi
715 2579 781 2639 sive
795 2594 869 2638 vere
886 2596 979 2655 quam
993 2582 1083 2640 habu-

114 2671 199 2724 erant
220 2664 395 2739 opinionem
417 2667 456 2725 ad
478 2681 546 2724 eum
566 2666 738 2740 perierunt,
761 2664 827 2723 sive
849 2664 940 2723 etiam
963 2667 1083 2725 auribus

114 2749 187 2808 Vari
202 2749 339 2810 serviunt
353 2758 436 2825 (nam
452 2766 532 2825 quae
547 2752 704 2821 volumus,
732 2756 762 2807 ct
777 2748 929 2808 credimus
950 2750 1083 2823 libenter,

113 2847 142 2894 et
158 2851 236 2910 (quae
252 2837 398 2895 sentimus
414 2834 490 2910 ipsi,
510 2834 647 2909 reliquos
666 2832 785 2892 sentire
794 2839 988 2907 speramus),
1015 2851 1082 2894 con-

112 2920 232 2978 firmant
250 2920 372 2995 <quidem
388 2928 469 2979 certe
485 2919 574 2979 totius
587 2918 740 2977 exercitus
754 2917 871 2976 animos
884 2918 1003 2978 alienos
1017 2934 1083 2979 esse

112 3021 130 3062 a
152 3005 280 3064 Curione
304 3006 497 3079 maximeque
520 3020 599 3079 opus
621 3018 692 3062 csse
717 3002 747 3060 in
773 3010 973 3077 conspectum
1000 3020 1083 3063 exer-

113 3089 203 3149 citum
224 3089 329 3148 venire
351 3098 381 3150 et
402 3089 598 3164 colloquendi
621 3089 695 3146 dare
719 3088 901 3148 facultatem.
939 3087 1006 3161 Qua
1022 3089 1082 3164 opi·

111 3175 202 3233 nione
231 3175 380 3234 adductus
405 3174 507 3234 Varus
533 3180 658 3248 postero
691 3171 741 3230 die
766 3187 856 3231 mane
882 3172 1023 3246 legiones
1047 3188 1084 3232 cx

112 3259 220 3318 castris
243 3258 354 3318 educit.
389 3259 473 3318 Facit
493 3258 574 3318 idem
595 3257 700 3329 Curio,
727 3264 818 3332 atque
840 3274 901 3316 una
921 3260 1002 3317 valle
1024 3274 1082 3318 nou

111 3360 221 3418 magna
236 3342 392 3403 interiecta
407 3360 480 3403 suas
498 3352 624 3418 uterque
640 3341 746 3416 copias
761 3342 889 3401 instruit.

191 3428 325 3487 XXVlll.
348 3428 421 3488 Erat
434 3430 464 3487 in
481 3430 617 3488 exercitu
630 3428 703 3487 Vari
720 3426 833 3485 Sextus
849 3427 1010 3500 Quintilius
1022 3429 1080 3485 Va·

109 3529 177 3585 rus,
201 3529 290 3587 quem
313 3514 409 3573 luisse
433 3513 544 3574 Corfini
567 3530 661 3587 supra
682 3512 922 3570 demonstratum
943 3520 1000 3573 est.
1028 3512 1082 3571 Hic

110 3595 254 3656 dimissus
277 3615 295 3656 a
311 3599 442 3658 Caesare
463 3600 493 3657 in
508 3599 643 3657 Africam
658 3605 799 3671 venerat,
813 3597 1015 3672 legionesque
1030 3611 1081 3655 eas

111 3681 287 3739 traduxerat
302 3682 406 3757 Curio,
424 3701 502 3759 quas
518 3682 729 3757 superioribus
744 3682 934 3755 temporibus
950 3680 1080 3742 Corfinio

110 3771 268 3840 receperat
289 3766 416 3836 Caesar,
443 3768 521 3826 adeo
545 3772 575 3826 ut
596 3767 702 3836 paucis
717 3766 838 3825 mutatis
854 3767 1079 3839 centurionibus

431 4018 539 4040 ”h
