<?xml version="1.0" encoding="UTF-8"?>
<!DOCTYPE html PUBLIC "-//W3C//DTD XHTML 1.0 Transitional//EN"
    "http://www.w3.org/TR/xhtml1/DTD/xhtml1-transitional.dtd">
<html xmlns="http://www.w3.org/1999/xhtml" xml:lang="en" lang="en">
 <head>
  <title>
</title>
<meta http-equiv="Content-Type" content="text/html;charset=utf-8" />
  <meta name='ocr-system' content='tesseract 3.04.00' />
  <meta name='ocr-capabilities' content='ocr_page ocr_carea ocr_par ocr_line ocrx_word'/>
</head>
<body>
  <div class='ocr_page' id='page_1' title='image "./commentarii00caesgoog_0479.png"; bbox 0 0 2272 4176; ppageno 0'>
   <div class='ocr_carea' id='block_1_1' title="bbox 85 428 904 512">
    <p class='ocr_par' dir='ltr' id='par_1_1' title="bbox 85 428 904 512">
     <span class='ocr_line' id='line_1_1' title="bbox 85 428 904 512; baseline -0.007 0"><span class='ocrx_word' id='word_1_1' title='bbox 85 455 104 512; x_wconf 78' lang='lat' dir='ltr'>d</span> <span class='ocrx_word' id='word_1_2' title='bbox 260 470 303 510; x_wconf 80' lang='lat' dir='ltr'>on</span> <span class='ocrx_word' id='word_1_3' title='bbox 323 465 496 509; x_wconf 76' lang='lat' dir='ltr'>carrorum:</span> <span class='ocrx_word' id='word_1_4' title='bbox 517 428 762 507; x_wconf 72' lang='lat' dir='ltr'>conrvnarroun</span> <span class='ocrx_word' id='word_1_5' title='bbox 783 462 812 506; x_wconf 84' lang='lat' dir='ltr'>o.</span> <span class='ocrx_word' id='word_1_6' title='bbox 828 454 857 509; x_wconf 78' lang='lat'>6·</span> <span class='ocrx_word' id='word_1_7' title='bbox 876 453 904 509; x_wconf 91' lang='grc'>7.</span> 
     </span>
    </p>
   </div>
   <div class='ocr_carea' id='block_1_2' title="bbox 59 612 1104 3528">
    <p class='ocr_par' dir='ltr' id='par_1_2' title="bbox 59 612 1061 775">
     <span class='ocr_line' id='line_1_2' title="bbox 59 612 1059 695; baseline -0.004 -17"><span class='ocrx_word' id='word_1_8' title='bbox 59 616 124 678; x_wconf 75' lang='lat' dir='ltr'>tili</span> <span class='ocrx_word' id='word_1_9' title='bbox 139 623 295 695; x_wconf 84' lang='lat' dir='ltr'><strong>postquam</strong></span> <span class='ocrx_word' id='word_1_10' title='bbox 307 617 337 676; x_wconf 91' lang='lat' dir='ltr'>iu</span> <span class='ocrx_word' id='word_1_11' title='bbox 355 632 412 675; x_wconf 90' lang='lat' dir='ltr'>una</span> <span class='ocrx_word' id='word_1_12' title='bbox 428 614 543 674; x_wconf 88' lang='lat' dir='ltr'>moenia</span> <span class='ocrx_word' id='word_1_13' title='bbox 558 630 733 681; x_wconf 88' lang='lat' dir='ltr'>convenere,</span> <span class='ocrx_word' id='word_1_14' title='bbox 750 612 863 690; x_wconf 79' lang='lat' dir='ltr'>dispari</span> <span class='ocrx_word' id='word_1_15' title='bbox 879 628 996 689; x_wconf 88' lang='lat' dir='ltr'>genere,</span> <span class='ocrx_word' id='word_1_16' title='bbox 1011 614 1059 674; x_wconf 92' lang='lat' dir='ltr'>dis·</span> 
     </span>
     <span class='ocr_line' id='line_1_3' title="bbox 88 694 1061 775; baseline 0 -17"><span class='ocrx_word' id='word_1_17' title='bbox 88 699 174 759; x_wconf 88' lang='lat' dir='ltr'>sirnili</span> <span class='ocrx_word' id='word_1_18' title='bbox 187 698 298 775; x_wconf 83' lang='lat' dir='ltr'>lingua,</span> <span class='ocrx_word' id='word_1_19' title='bbox 319 698 367 759; x_wconf 92' lang='lat' dir='ltr'>alii</span> <span class='ocrx_word' id='word_1_20' title='bbox 386 698 443 758; x_wconf 90' lang='lat' dir='ltr'>alio</span> <span class='ocrx_word' id='word_1_21' title='bbox 460 714 544 757; x_wconf 90' lang='lat' dir='ltr'>more</span> <span class='ocrx_word' id='word_1_22' title='bbox 557 697 695 765; x_wconf 78' lang='lat' dir='ltr'>viventes,</span> <span class='ocrx_word' id='word_1_23' title='bbox 717 694 894 757; x_wconf 79' lang='lat' dir='ltr'>incredibile</span> <span class='ocrx_word' id='word_1_24' title='bbox 907 706 1061 758; x_wconf 85' lang='lat' dir='ltr'>memoratu</span> 
     </span>
    </p>

    <p class='ocr_par' dir='ltr' id='par_1_3' title="bbox 63 779 1077 1030">
     <span class='ocr_line' id='line_1_4' title="bbox 63 779 1060 860; baseline -0.002 -17"><span class='ocrx_word' id='word_1_25' title='bbox 63 790 132 847; x_wconf 80' lang='lat' dir='ltr'>test</span> <span class='ocrx_word' id='word_1_26' title='bbox 153 801 241 860; x_wconf 90' lang='lat' dir='ltr'>quam</span> <span class='ocrx_word' id='word_1_27' title='bbox 256 782 341 843; x_wconf 82' lang='lat' dir='ltr'>facile</span> <span class='ocrx_word' id='word_1_28' title='bbox 362 780 532 841; x_wconf 75' lang='lat' dir='ltr'>coaluerint„</span> <span class='ocrx_word' id='word_1_29' title='bbox 567 779 618 841; x_wconf 86' lang='lat' dir='ltr'>Set</span> <span class='ocrx_word' id='word_1_30' title='bbox 631 785 788 859; x_wconf 91' lang='lat' dir='ltr'>postquam</span> <span class='ocrx_word' id='word_1_31' title='bbox 803 797 855 840; x_wconf 89' lang='lat' dir='ltr'>res</span> <span class='ocrx_word' id='word_1_32' title='bbox 869 798 981 849; x_wconf 86' lang='lat' dir='ltr'>eorum,</span> <span class='ocrx_word' id='word_1_33' title='bbox 1002 783 1060 841; x_wconf 79' lang='lat' dir='ltr'>ciri·</span> 
     </span>
     <span class='ocr_line' id='line_1_5' title="bbox 87 863 1060 943; baseline 0 -18"><span class='ocrx_word' id='word_1_34' title='bbox 87 866 144 925; x_wconf 90' lang='lat' dir='ltr'>bus</span> <span class='ocrx_word' id='word_1_35' title='bbox 155 865 288 926; x_wconf 89' lang='lat' dir='ltr'>moribus</span> <span class='ocrx_word' id='word_1_36' title='bbox 299 866 377 942; x_wconf 89' lang='lat' dir='ltr'>agris</span> <span class='ocrx_word' id='word_1_37' title='bbox 388 870 481 933; x_wconf 88' lang='lat' dir='ltr'>aucta,</span> <span class='ocrx_word' id='word_1_38' title='bbox 494 865 564 924; x_wconf 90' lang='lat' dir='ltr'>satis</span> <span class='ocrx_word' id='word_1_39' title='bbox 574 880 717 943; x_wconf 89' lang='lat' dir='ltr'>prospera</span> <span class='ocrx_word' id='word_1_40' title='bbox 728 864 861 941; x_wconf 88' lang='lat' dir='ltr'>satisque</span> <span class='ocrx_word' id='word_1_41' title='bbox 871 863 984 943; x_wconf 88' lang='lat' dir='ltr'>pollem</span> <span class='ocrx_word' id='word_1_42' title='bbox 994 865 1060 925; x_wconf 79' lang='lat' dir='ltr'>vide·</span> 
     </span>
     <span class='ocr_line' id='line_1_6' title="bbox 87 946 1077 1030; baseline -0.002 -22"><span class='ocrx_word' id='word_1_43' title='bbox 87 949 185 1018; x_wconf 86' lang='lat' dir='ltr'>batur,</span> <span class='ocrx_word' id='word_1_44' title='bbox 207 950 293 1009; x_wconf 88' lang='lat' dir='ltr'>sicuti</span> <span class='ocrx_word' id='word_1_45' title='bbox 306 948 447 1030; x_wconf 87' lang='lat' dir='ltr'>pleraque</span> <span class='ocrx_word' id='word_1_46' title='bbox 465 946 632 1008; x_wconf 82' lang='lat' dir='ltr'>mortalium</span> <span class='ocrx_word' id='word_1_47' title='bbox 647 946 804 1015; x_wconf 86' lang='lat' dir='ltr'>habentur,</span> <span class='ocrx_word' id='word_1_48' title='bbox 826 948 936 1009; x_wconf 81' lang='lat' dir='ltr'>irividia</span> <span class='ocrx_word' id='word_1_49' title='bbox 949 967 984 1008; x_wconf 83' lang='lat' dir='ltr'>ex</span> <span class='ocrx_word' id='word_1_50' title='bbox 998 966 1077 1026; x_wconf 80' lang='lat' dir='ltr'>opu-u</span> 
     </span>
    </p>

    <p class='ocr_par' dir='ltr' id='par_1_4' title="bbox 60 1029 1062 1193">
     <span class='ocr_line' id='line_1_7' title="bbox 60 1029 1060 1109; baseline 0.001 -18"><span class='ocrx_word' id='word_1_51' title='bbox 60 1033 177 1093; x_wconf 69' lang='lat' dir='ltr'>aientia</span> <span class='ocrx_word' id='word_1_52' title='bbox 193 1039 256 1092; x_wconf 87' lang='lat' dir='ltr'>orta</span> <span class='ocrx_word' id='word_1_53' title='bbox 277 1039 330 1093; x_wconf 88' lang='lat' dir='ltr'>est.</span> <span class='ocrx_word' id='word_1_54' title='bbox 360 1031 453 1108; x_wconf 77' lang='lat' dir='ltr'>Igitur</span> <span class='ocrx_word' id='word_1_55' title='bbox 466 1047 553 1107; x_wconf 90' lang='lat' dir='ltr'>reges</span> <span class='ocrx_word' id='word_1_56' title='bbox 567 1029 728 1109; x_wconf 79' lang='lat' dir='ltr'>populique</span> <span class='ocrx_word' id='word_1_57' title='bbox 744 1029 873 1091; x_wconf 80' lang='lat' dir='ltr'>finitumi</span> <span class='ocrx_word' id='word_1_58' title='bbox 892 1030 971 1093; x_wconf 91' lang='lat' dir='ltr'>bello</span> <span class='ocrx_word' id='word_1_59' title='bbox 982 1038 1060 1108; x_wconf 90' lang='lat' dir='ltr'>temp·</span> 
     </span>
     <span class='ocr_line' id='line_1_8' title="bbox 89 1113 1062 1193; baseline -0.001 -18"><span class='ocrx_word' id='word_1_60' title='bbox 89 1114 162 1185; x_wconf 86' lang='lat' dir='ltr'>tare,</span> <span class='ocrx_word' id='word_1_61' title='bbox 179 1120 268 1193; x_wconf 92' lang='lat' dir='ltr'>pauci</span> <span class='ocrx_word' id='word_1_62' title='bbox 280 1134 316 1176; x_wconf 86' lang='lat' dir='ltr'>ex</span> <span class='ocrx_word' id='word_1_63' title='bbox 327 1116 428 1175; x_wconf 91' lang='lat' dir='ltr'>amicis</span> <span class='ocrx_word' id='word_1_64' title='bbox 439 1113 546 1176; x_wconf 83' lang='lat' dir='ltr'>auxilio</span> <span class='ocrx_word' id='word_1_65' title='bbox 557 1131 639 1176; x_wconf 88' lang='lat' dir='ltr'>esse:</span> <span class='ocrx_word' id='word_1_66' title='bbox 659 1131 729 1175; x_wconf 89' lang='lat' dir='ltr'>nam</span> <span class='ocrx_word' id='word_1_67' title='bbox 744 1116 838 1175; x_wconf 86' lang='lat' dir='ltr'>ceteri</span> <span class='ocrx_word' id='word_1_68' title='bbox 849 1121 933 1176; x_wconf 90' lang='lat' dir='ltr'>metu</span> <span class='ocrx_word' id='word_1_69' title='bbox 947 1115 1062 1193; x_wconf 89' lang='lat' dir='ltr'>perculsi</span> 
     </span>
    </p>

    <p class='ocr_par' dir='ltr' id='par_1_5' title="bbox 60 1195 1091 1674">
     <span class='ocr_line' id='line_1_9' title="bbox 60 1195 1062 1277; baseline -0.002 -18"><span class='ocrx_word' id='word_1_70' title='bbox 60 1209 107 1259; x_wconf 78' lang='lat' dir='ltr'>oa</span> <span class='ocrx_word' id='word_1_71' title='bbox 120 1198 258 1277; x_wconf 86' lang='lat' dir='ltr'>periculis</span> <span class='ocrx_word' id='word_1_72' title='bbox 272 1198 404 1260; x_wconf 89' lang='lat' dir='ltr'>aberant.</span> <span class='ocrx_word' id='word_1_73' title='bbox 419 1198 457 1258; x_wconf 78' lang='lat' dir='ltr'>dt</span> <span class='ocrx_word' id='word_1_74' title='bbox 465 1196 590 1258; x_wconf 85' lang='lat' dir='ltr'>Romani</span> <span class='ocrx_word' id='word_1_75' title='bbox 601 1197 680 1257; x_wconf 93' lang='lat' dir='ltr'>domi</span> <span class='ocrx_word' id='word_1_76' title='bbox 691 1195 872 1276; x_wconf 87' lang='lat' dir='ltr'>militiaeque</span> <span class='ocrx_word' id='word_1_77' title='bbox 882 1199 985 1260; x_wconf 91' lang='lat' dir='ltr'>intenti</span> <span class='ocrx_word' id='word_1_78' title='bbox 995 1198 1062 1259; x_wconf 88' lang='lat' dir='ltr'>lesti-</span> 
     </span>
     <span class='ocr_line' id='line_1_10' title="bbox 90 1279 1064 1359; baseline -0.001 -18"><span class='ocrx_word' id='word_1_79' title='bbox 90 1300 173 1350; x_wconf 88' lang='lat' dir='ltr'>nare,</span> <span class='ocrx_word' id='word_1_80' title='bbox 186 1299 300 1359; x_wconf 88' lang='lat' dir='ltr'>parare,</span> <span class='ocrx_word' id='word_1_81' title='bbox 319 1280 392 1341; x_wconf 91' lang='lat' dir='ltr'>alius</span> <span class='ocrx_word' id='word_1_82' title='bbox 402 1280 491 1341; x_wconf 90' lang='lat' dir='ltr'>alium</span> <span class='ocrx_word' id='word_1_83' title='bbox 501 1280 623 1348; x_wconf 90' lang='lat' dir='ltr'>hortari,</span> <span class='ocrx_word' id='word_1_84' title='bbox 641 1279 776 1341; x_wconf 77' lang='lat' dir='ltr'>hostibus</span> <span class='ocrx_word' id='word_1_85' title='bbox 786 1280 905 1341; x_wconf 89' lang='lat' dir='ltr'>obviam</span> <span class='ocrx_word' id='word_1_86' title='bbox 916 1282 970 1350; x_wconf 89' lang='lat' dir='ltr'>ire,</span> <span class='ocrx_word' id='word_1_87' title='bbox 983 1281 1064 1342; x_wconf 88' lang='lat' dir='ltr'>liber·</span> 
     </span>
     <span class='ocr_line' id='line_1_11' title="bbox 90 1363 1091 1445; baseline -0.001 -22"><span class='ocrx_word' id='word_1_88' title='bbox 90 1373 179 1425; x_wconf 85' lang='lat' dir='ltr'>tatem</span> <span class='ocrx_word' id='word_1_89' title='bbox 192 1366 316 1442; x_wconf 91' lang='lat' dir='ltr'>patriam</span> <span class='ocrx_word' id='word_1_90' title='bbox 332 1364 519 1443; x_wconf 91' lang='lat' dir='ltr'>parentisque</span> <span class='ocrx_word' id='word_1_91' title='bbox 533 1365 623 1424; x_wconf 91' lang='lat' dir='ltr'>armis</span> <span class='ocrx_word' id='word_1_92' title='bbox 636 1370 747 1440; x_wconf 85' lang='lat' dir='ltr'>tegere.</span> <span class='ocrx_word' id='word_1_93' title='bbox 781 1363 862 1434; x_wconf 90' lang='lat' dir='ltr'>Post,</span> <span class='ocrx_word' id='word_1_94' title='bbox 879 1364 931 1425; x_wconf 94' lang='lat' dir='ltr'>ubi</span> <span class='ocrx_word' id='word_1_95' title='bbox 945 1365 1065 1445; x_wconf 88' lang='lat' dir='ltr'>pericula</span> <span class='ocrx_word' id='word_1_96' title='bbox 1075 1384 1091 1423; x_wconf 87' lang='lat' dir='ltr'>u</span> 
     </span>
     <span class='ocr_line' id='line_1_12' title="bbox 91 1447 1064 1526; baseline 0.002 -21"><span class='ocrx_word' id='word_1_97' title='bbox 91 1451 199 1508; x_wconf 72' lang='lat' dir='ltr'>virtute</span> <span class='ocrx_word' id='word_1_98' title='bbox 218 1447 429 1525; x_wconf 82' lang='lat' dir='ltr'>propulerant,</span> <span class='ocrx_word' id='word_1_99' title='bbox 450 1448 537 1508; x_wconf 92' lang='lat' dir='ltr'>sociis</span> <span class='ocrx_word' id='word_1_100' title='bbox 553 1454 640 1525; x_wconf 91' lang='lat' dir='ltr'>atque</span> <span class='ocrx_word' id='word_1_101' title='bbox 662 1448 763 1507; x_wconf 90' lang='lat' dir='ltr'>amicis</span> <span class='ocrx_word' id='word_1_102' title='bbox 778 1448 885 1508; x_wconf 84' lang='lat' dir='ltr'>auxilia</span> <span class='ocrx_word' id='word_1_103' title='bbox 907 1448 1064 1526; x_wconf 83' lang='lat' dir='ltr'>portabant,</span> 
     </span>
     <span class='ocr_line' id='line_1_13' title="bbox 93 1529 1064 1611; baseline 0.003 -22"><span class='ocrx_word' id='word_1_104' title='bbox 93 1532 243 1609; x_wconf 84' lang='lat' dir='ltr'>magisque</span> <span class='ocrx_word' id='word_1_105' title='bbox 263 1531 364 1591; x_wconf 90' lang='lat' dir='ltr'>dandis</span> <span class='ocrx_word' id='word_1_106' title='bbox 386 1549 476 1609; x_wconf 90' lang='lat' dir='ltr'>quam</span> <span class='ocrx_word' id='word_1_107' title='bbox 494 1530 673 1611; x_wconf 80' lang='lat' dir='ltr'>accipiundis</span> <span class='ocrx_word' id='word_1_108' title='bbox 693 1529 835 1591; x_wconf 86' lang='lat' dir='ltr'>benificiis</span> <span class='ocrx_word' id='word_1_109' title='bbox 858 1533 999 1592; x_wconf 88' lang='lat' dir='ltr'>amicitias</span> <span class='ocrx_word' id='word_1_110' title='bbox 1020 1550 1064 1610; x_wconf 86' lang='lat' dir='ltr'>pa·</span> 
     </span>
     <span class='ocr_line' id='line_1_14' title="bbox 92 1614 206 1674; baseline -0.009 -1"><span class='ocrx_word' id='word_1_111' title='bbox 92 1614 206 1674; x_wconf 86' lang='lat' dir='ltr'>rabant.</span> 
     </span>
    </p>

    <p class='ocr_par' dir='ltr' id='par_1_6' title="bbox 63 1695 1091 1945">
     <span class='ocr_line' id='line_1_15' title="bbox 63 1695 1064 1775; baseline 0.002 -20"><span class='ocrx_word' id='word_1_112' title='bbox 63 1704 84 1755; x_wconf 80' lang='lat' dir='ltr'>o</span> <span class='ocrx_word' id='word_1_113' title='bbox 176 1697 326 1773; x_wconf 89' lang='lat' dir='ltr'>luperium</span> <span class='ocrx_word' id='word_1_114' title='bbox 343 1695 525 1773; x_wconf 81' lang='lat' dir='ltr'>legittimum,</span> <span class='ocrx_word' id='word_1_115' title='bbox 542 1715 651 1758; x_wconf 89' lang='lat' dir='ltr'>nomen</span> <span class='ocrx_word' id='word_1_116' title='bbox 669 1699 765 1775; x_wconf 88' lang='lat' dir='ltr'>iupcri</span> <span class='ocrx_word' id='word_1_117' title='bbox 778 1700 895 1774; x_wconf 87' lang='lat' dir='ltr'>regium</span> <span class='ocrx_word' id='word_1_118' title='bbox 911 1698 1064 1760; x_wconf 88' lang='lat' dir='ltr'>habebant:</span> 
     </span>
     <span class='ocr_line' id='line_1_16' title="bbox 92 1780 1091 1861; baseline 0.005 -22"><span class='ocrx_word' id='word_1_119' title='bbox 92 1780 204 1849; x_wconf 91' lang='lat' dir='ltr'>delecti,</span> <span class='ocrx_word' id='word_1_120' title='bbox 229 1780 335 1859; x_wconf 90' lang='lat' dir='ltr'>quibus</span> <span class='ocrx_word' id='word_1_121' title='bbox 352 1798 460 1858; x_wconf 89' lang='lat' dir='ltr'>corpus</span> <span class='ocrx_word' id='word_1_122' title='bbox 477 1783 562 1841; x_wconf 90' lang='lat' dir='ltr'>annis</span> <span class='ocrx_word' id='word_1_123' title='bbox 576 1781 740 1849; x_wconf 81' lang='lat' dir='ltr'>infirmum,</span> <span class='ocrx_word' id='word_1_124' title='bbox 762 1781 916 1858; x_wconf 81' lang='lat' dir='ltr'>ingenium</span> <span class='ocrx_word' id='word_1_125' title='bbox 934 1785 1091 1861; x_wconf 70' lang='lat' dir='ltr'>sapientiori</span> 
     </span>
     <span class='ocr_line' id='line_1_17' title="bbox 94 1863 1066 1945; baseline 0.001 -23"><span class='ocrx_word' id='word_1_126' title='bbox 94 1865 217 1924; x_wconf 72' lang='lat' dir='ltr'>infidum</span> <span class='ocrx_word' id='word_1_127' title='bbox 241 1871 317 1932; x_wconf 90' lang='lat' dir='ltr'>erat,</span> <span class='ocrx_word' id='word_1_128' title='bbox 340 1866 384 1925; x_wconf 89' lang='lat' dir='ltr'>rei</span> <span class='ocrx_word' id='word_1_129' title='bbox 405 1863 540 1943; x_wconf 89' lang='lat' dir='ltr'>publicae</span> <span class='ocrx_word' id='word_1_130' title='bbox 561 1865 781 1925; x_wconf 86' lang='lat' dir='ltr'>consultabant:</span> <span class='ocrx_word' id='word_1_131' title='bbox 803 1866 830 1925; x_wconf 92' lang='lat' dir='ltr'>ei</span> <span class='ocrx_word' id='word_1_132' title='bbox 848 1864 895 1926; x_wconf 85' lang='lat' dir='ltr'>vel</span> <span class='ocrx_word' id='word_1_133' title='bbox 918 1874 1011 1945; x_wconf 84' lang='lat' dir='ltr'>aetate</span> <span class='ocrx_word' id='word_1_134' title='bbox 1028 1864 1066 1925; x_wconf 82' lang='lat' dir='ltr'>rel</span> 
     </span>
    </p>

    <p class='ocr_par' dir='ltr' id='par_1_7' title="bbox 70 1947 1096 2369">
     <span class='ocr_line' id='line_1_18' title="bbox 70 1947 1066 2026; baseline 0.004 -21"><span class='ocrx_word' id='word_1_135' title='bbox 70 1955 184 2008; x_wconf 76' lang='lat' dir='ltr'>tcnrae</span> <span class='ocrx_word' id='word_1_136' title='bbox 199 1948 383 2008; x_wconf 86' lang='lat' dir='ltr'>similitudine</span> <span class='ocrx_word' id='word_1_137' title='bbox 398 1954 495 2025; x_wconf 85' lang='lat' dir='ltr'>patres</span> <span class='ocrx_word' id='word_1_138' title='bbox 516 1947 748 2026; x_wconf 89' lang='lat' dir='ltr'>adpellabantur.</span> <span class='ocrx_word' id='word_1_139' title='bbox 790 1949 871 2017; x_wconf 86' lang='lat' dir='ltr'>Post,</span> <span class='ocrx_word' id='word_1_140' title='bbox 892 1949 945 2010; x_wconf 91' lang='lat' dir='ltr'>ubi</span> <span class='ocrx_word' id='word_1_141' title='bbox 961 1952 1066 2026; x_wconf 87' lang='lat' dir='ltr'>regium</span> 
     </span>
     <span class='ocr_line' id='line_1_19' title="bbox 93 2030 1067 2111; baseline 0.002 -21"><span class='ocrx_word' id='word_1_142' title='bbox 93 2035 247 2109; x_wconf 88' lang='lat' dir='ltr'>inperium,</span> <span class='ocrx_word' id='word_1_143' title='bbox 257 2033 335 2110; x_wconf 90' lang='lat' dir='ltr'>quod</span> <span class='ocrx_word' id='word_1_144' title='bbox 346 2033 426 2092; x_wconf 89' lang='lat' dir='ltr'>initio</span> <span class='ocrx_word' id='word_1_145' title='bbox 438 2031 656 2092; x_wconf 85' lang='lat' dir='ltr'>conservandae</span> <span class='ocrx_word' id='word_1_146' title='bbox 667 2030 808 2091; x_wconf 87' lang='lat' dir='ltr'>libertatis</span> <span class='ocrx_word' id='word_1_147' title='bbox 820 2040 910 2111; x_wconf 89' lang='lat' dir='ltr'>atque</span> <span class='ocrx_word' id='word_1_148' title='bbox 922 2034 1067 2109; x_wconf 89' lang='lat' dir='ltr'>augendae</span> 
     </span>
     <span class='ocr_line' id='line_1_20' title="bbox 94 2114 1067 2194; baseline 0 -19"><span class='ocrx_word' id='word_1_149' title='bbox 94 2117 137 2175; x_wconf 85' lang='lat' dir='ltr'>rei</span> <span class='ocrx_word' id='word_1_150' title='bbox 152 2116 286 2194; x_wconf 88' lang='lat' dir='ltr'>publicae</span> <span class='ocrx_word' id='word_1_151' title='bbox 301 2115 457 2183; x_wconf 86' lang='lat' dir='ltr'>luerat,··in</span> <span class='ocrx_word' id='word_1_152' title='bbox 471 2114 639 2192; x_wconf 87' lang='lat' dir='ltr'>superbiam</span> <span class='ocrx_word' id='word_1_153' title='bbox 655 2115 944 2194; x_wconf 85' lang='lat' dir='ltr'>dominationemque</span> <span class='ocrx_word' id='word_1_154' title='bbox 958 2134 989 2177; x_wconf 91' lang='lat' dir='ltr'>se</span> <span class='ocrx_word' id='word_1_155' title='bbox 1005 2135 1067 2176; x_wconf 93' lang='lat' dir='ltr'>con-</span> 
     </span>
     <span class='ocr_line' id='line_1_21' title="bbox 96 2198 1096 2278; baseline 0.004 -22"><span class='ocrx_word' id='word_1_156' title='bbox 96 2202 191 2268; x_wconf 82' lang='lat' dir='ltr'>rortit,</span> <span class='ocrx_word' id='word_1_157' title='bbox 213 2202 354 2260; x_wconf 89' lang='lat' dir='ltr'>inmutato</span> <span class='ocrx_word' id='word_1_158' title='bbox 376 2217 459 2259; x_wconf 86' lang='lat' dir='ltr'>more</span> <span class='ocrx_word' id='word_1_159' title='bbox 479 2217 575 2259; x_wconf 91' lang='lat' dir='ltr'>annua</span> <span class='ocrx_word' id='word_1_160' title='bbox 592 2200 705 2277; x_wconf 86' lang='lat' dir='ltr'>inperia</span> <span class='ocrx_word' id='word_1_161' title='bbox 726 2198 870 2276; x_wconf 89' lang='lat' dir='ltr'>binosque</span> <span class='ocrx_word' id='word_1_162' title='bbox 892 2202 1096 2278; x_wconf 77' lang='lat' dir='ltr'>inperatoresso</span> 
     </span>
     <span class='ocr_line' id='line_1_22' title="bbox 94 2281 1070 2369; baseline 0.002 -27"><span class='ocrx_word' id='word_1_163' title='bbox 94 2284 148 2343; x_wconf 86' lang='lat' dir='ltr'>sibi</span> <span class='ocrx_word' id='word_1_164' title='bbox 164 2284 277 2344; x_wconf 85' lang='lat' dir='ltr'>iecere:</span> <span class='ocrx_word' id='word_1_165' title='bbox 302 2301 337 2343; x_wconf 90' lang='lat' dir='ltr'>eo</span> <span class='ocrx_word' id='word_1_166' title='bbox 352 2284 439 2342; x_wconf 91' lang='lat' dir='ltr'>modo</span> <span class='ocrx_word' id='word_1_167' title='bbox 455 2285 585 2342; x_wconf 89' lang='lat' dir='ltr'>minume</span> <span class='ocrx_word' id='word_1_168' title='bbox 598 2300 686 2369; x_wconf 90' lang='lat' dir='ltr'>posse</span> <span class='ocrx_word' id='word_1_169' title='bbox 703 2281 846 2359; x_wconf 90' lang='lat' dir='ltr'>putabant</span> <span class='ocrx_word' id='word_1_170' title='bbox 860 2301 914 2361; x_wconf 91' lang='lat' dir='ltr'>per</span> <span class='ocrx_word' id='word_1_171' title='bbox 931 2283 1070 2344; x_wconf 86' lang='lat' dir='ltr'>licentiam</span> 
     </span>
    </p>

    <p class='ocr_par' dir='ltr' id='par_1_8' title="bbox 64 2365 1070 2530">
     <span class='ocr_line' id='line_1_23' title="bbox 64 2365 1070 2445; baseline -0.003 -16"><span class='ocrx_word' id='word_1_172' title='bbox 64 2372 82 2429; x_wconf 86' lang='lat'><strong>7</strong></span> <span class='ocrx_word' id='word_1_173' title='bbox 96 2367 271 2427; x_wconf 88' lang='lat' dir='ltr'>insolescere</span> <span class='ocrx_word' id='word_1_174' title='bbox 287 2369 416 2426; x_wconf 91' lang='lat' dir='ltr'>animum</span> <span class='ocrx_word' id='word_1_175' title='bbox 436 2365 606 2427; x_wconf 91' lang='lat' dir='ltr'>humanum.</span> <span class='ocrx_word' id='word_1_176' title='bbox 640 2365 692 2425; x_wconf 90' lang='lat' dir='ltr'>Set</span> <span class='ocrx_word' id='word_1_177' title='bbox 709 2384 743 2425; x_wconf 93' lang='lat' dir='ltr'>ea</span> <span class='ocrx_word' id='word_1_178' title='bbox 760 2371 932 2442; x_wconf 90' lang='lat' dir='ltr'>tempestate</span> <span class='ocrx_word' id='word_1_179' title='bbox 951 2386 1070 2445; x_wconf 83' lang='lat' dir='ltr'>coepere</span> 
     </span>
     <span class='ocr_line' id='line_1_24' title="bbox 94 2449 1070 2530; baseline 0.003 -23"><span class='ocrx_word' id='word_1_180' title='bbox 94 2470 125 2511; x_wconf 80' lang='lat' dir='ltr'>se</span> <span class='ocrx_word' id='word_1_181' title='bbox 149 2452 271 2528; x_wconf 92' lang='lat' dir='ltr'>quisque</span> <span class='ocrx_word' id='word_1_182' title='bbox 288 2452 379 2526; x_wconf 85' lang='lat' dir='ltr'>magis</span> <span class='ocrx_word' id='word_1_183' title='bbox 395 2449 532 2510; x_wconf 82' lang='lat' dir='ltr'>extollere</span> <span class='ocrx_word' id='word_1_184' title='bbox 548 2449 699 2527; x_wconf 81' lang='lat' dir='ltr'>magisque</span> <span class='ocrx_word' id='word_1_185' title='bbox 716 2450 866 2524; x_wconf 84' lang='lat' dir='ltr'>ingenium</span> <span class='ocrx_word' id='word_1_186' title='bbox 888 2452 918 2509; x_wconf 91' lang='lat' dir='ltr'>in</span> <span class='ocrx_word' id='word_1_187' title='bbox 937 2461 1070 2530; x_wconf 85' lang='lat' dir='ltr'>prompto</span> 
     </span>
    </p>

    <p class='ocr_par' dir='ltr' id='par_1_9' title="bbox 72 2531 1067 2610">
     <span class='ocr_line' id='line_1_25' title="bbox 72 2531 1067 2610; baseline 0.005 -22"><span class='ocrx_word' id='word_1_188' title='bbox 72 2533 216 2594; x_wconf 62' lang='lat' dir='ltr'>citabere.</span> <span class='ocrx_word' id='word_1_189' title='bbox 255 2535 328 2593; x_wconf 82' lang='lat' dir='ltr'>Nam</span> <span class='ocrx_word' id='word_1_190' title='bbox 348 2533 468 2608; x_wconf 86' lang='lat' dir='ltr'>regibus</span> <span class='ocrx_word' id='word_1_191' title='bbox 487 2532 558 2592; x_wconf 91' lang='lat' dir='ltr'>boni</span> <span class='ocrx_word' id='word_1_192' title='bbox 581 2550 668 2610; x_wconf 90' lang='lat' dir='ltr'>quam</span> <span class='ocrx_word' id='word_1_193' title='bbox 689 2531 757 2591; x_wconf 90' lang='lat' dir='ltr'>mali</span> <span class='ocrx_word' id='word_1_194' title='bbox 778 2535 977 2610; x_wconf 89' lang='lat' dir='ltr'>suspectiores</span> <span class='ocrx_word' id='word_1_195' title='bbox 996 2545 1067 2601; x_wconf 89' lang='lat' dir='ltr'>sunt,</span> 
     </span>
    </p>

    <p class='ocr_par' dir='ltr' id='par_1_10' title="bbox 69 2614 1104 3528">
     <span class='ocr_line' id='line_1_26' title="bbox 69 2614 1093 2696; baseline -0.002 -16"><span class='ocrx_word' id='word_1_196' title='bbox 69 2628 268 2696; x_wconf 69' lang='lat' dir='ltr'>tscmperque</span> <span class='ocrx_word' id='word_1_197' title='bbox 283 2617 324 2676; x_wconf 89' lang='lat' dir='ltr'>eis</span> <span class='ocrx_word' id='word_1_198' title='bbox 336 2615 428 2675; x_wconf 90' lang='lat' dir='ltr'>aliena</span> <span class='ocrx_word' id='word_1_199' title='bbox 444 2617 534 2676; x_wconf 86' lang='lat' dir='ltr'>virtus</span> <span class='ocrx_word' id='word_1_200' title='bbox 550 2614 739 2676; x_wconf 83' lang='lat' dir='ltr'>formidulosa</span> <span class='ocrx_word' id='word_1_201' title='bbox 755 2622 807 2676; x_wconf 87' lang='lat' dir='ltr'>cst.</span> <span class='ocrx_word' id='word_1_202' title='bbox 839 2616 892 2677; x_wconf 90' lang='lat' dir='ltr'>Set</span> <span class='ocrx_word' id='word_1_203' title='bbox 908 2619 1009 2678; x_wconf 84' lang='lat' dir='ltr'>civitas</span> <span class='ocrx_word' id='word_1_204' title='bbox 1027 2621 1093 2678; x_wconf 63' lang='lat' dir='ltr'>iri-2³</span> 
     </span>
     <span class='ocr_line' id='line_1_27' title="bbox 96 2698 1071 2777; baseline 0.002 -18"><span class='ocrx_word' id='word_1_205' title='bbox 96 2699 234 2762; x_wconf 79' lang='lat' dir='ltr'>credibile</span> <span class='ocrx_word' id='word_1_206' title='bbox 250 2705 413 2760; x_wconf 90' lang='lat' dir='ltr'>memoratu</span> <span class='ocrx_word' id='word_1_207' title='bbox 432 2706 476 2758; x_wconf 89' lang='lat' dir='ltr'>est</span> <span class='ocrx_word' id='word_1_208' title='bbox 490 2699 594 2776; x_wconf 90' lang='lat' dir='ltr'>adepta</span> <span class='ocrx_word' id='word_1_209' title='bbox 604 2698 737 2759; x_wconf 89' lang='lat' dir='ltr'>libertate</span> <span class='ocrx_word' id='word_1_210' title='bbox 752 2707 894 2777; x_wconf 87' lang='lat' dir='ltr'>quantum</span> <span class='ocrx_word' id='word_1_211' title='bbox 913 2701 997 2762; x_wconf 79' lang='lat' dir='ltr'>brevi</span> <span class='ocrx_word' id='word_1_212' title='bbox 1013 2721 1071 2762; x_wconf 89' lang='lat' dir='ltr'>cre·</span> 
     </span>
     <span class='ocr_line' id='line_1_28' title="bbox 69 2781 1071 2861; baseline -0.001 -13"><span class='ocrx_word' id='word_1_213' title='bbox 69 2787 184 2848; x_wconf 74' lang='lat' dir='ltr'>decrit:</span> <span class='ocrx_word' id='word_1_214' title='bbox 196 2791 275 2844; x_wconf 90' lang='lat' dir='ltr'>tanta</span> <span class='ocrx_word' id='word_1_215' title='bbox 287 2782 392 2861; x_wconf 92' lang='lat' dir='ltr'>cupido</span> <span class='ocrx_word' id='word_1_216' title='bbox 403 2781 514 2857; x_wconf 85' lang='lat' dir='ltr'>gloriae</span> <span class='ocrx_word' id='word_1_217' title='bbox 528 2785 695 2842; x_wconf 90' lang='lat' dir='ltr'>incesserat.</span> <span class='ocrx_word' id='word_1_218' title='bbox 716 2783 777 2842; x_wconf 93' lang='lat' dir='ltr'>lam</span> <span class='ocrx_word' id='word_1_219' title='bbox 789 2785 918 2860; x_wconf 92' lang='lat' dir='ltr'>primum</span> <span class='ocrx_word' id='word_1_220' title='bbox 932 2786 1071 2847; x_wconf 79' lang='lat' dir='ltr'>iuventus.</span> 
     </span>
     <span class='ocr_line' id='line_1_29' title="bbox 96 2865 1072 2944; baseline 0.001 -17"><span class='ocrx_word' id='word_1_221' title='bbox 96 2868 181 2929; x_wconf 86' lang='lat' dir='ltr'>simul</span> <span class='ocrx_word' id='word_1_222' title='bbox 198 2886 231 2926; x_wconf 91' lang='lat' dir='ltr'>ac</span> <span class='ocrx_word' id='word_1_223' title='bbox 244 2865 309 2926; x_wconf 83' lang='lat' dir='ltr'>belli</span> <span class='ocrx_word' id='word_1_224' title='bbox 327 2867 439 2944; x_wconf 91' lang='lat' dir='ltr'>patiens</span> <span class='ocrx_word' id='word_1_225' title='bbox 453 2873 529 2933; x_wconf 90' lang='lat' dir='ltr'>erat,</span> <span class='ocrx_word' id='word_1_226' title='bbox 548 2868 577 2924; x_wconf 92' lang='lat' dir='ltr'>in</span> <span class='ocrx_word' id='word_1_227' title='bbox 594 2867 696 2925; x_wconf 88' lang='lat' dir='ltr'>castris</span> <span class='ocrx_word' id='word_1_228' title='bbox 712 2885 766 2942; x_wconf 89' lang='lat' dir='ltr'>per</span> <span class='ocrx_word' id='word_1_229' title='bbox 781 2866 915 2927; x_wconf 89' lang='lat' dir='ltr'>laborem</span> <span class='ocrx_word' id='word_1_230' title='bbox 932 2887 988 2928; x_wconf 90' lang='lat' dir='ltr'>usu</span> <span class='ocrx_word' id='word_1_231' title='bbox 1003 2870 1072 2929; x_wconf 82' lang='lat' dir='ltr'>urili-</span> 
     </span>
     <span class='ocr_line' id='line_1_30' title="bbox 99 2949 1072 3030; baseline -0.001 -19"><span class='ocrx_word' id='word_1_232' title='bbox 99 2956 166 3013; x_wconf 92' lang='lat' dir='ltr'>tiam</span> <span class='ocrx_word' id='word_1_233' title='bbox 177 2950 315 3017; x_wconf 88' lang='lat' dir='ltr'>discebat,</span> <span class='ocrx_word' id='word_1_234' title='bbox 330 2950 479 3027; x_wconf 81' lang='lat' dir='ltr'>magisque</span> <span class='ocrx_word' id='word_1_235' title='bbox 492 2950 520 3008; x_wconf 93' lang='lat' dir='ltr'>in</span> <span class='ocrx_word' id='word_1_236' title='bbox 534 2949 648 3009; x_wconf 90' lang='lat' dir='ltr'>decoris</span> <span class='ocrx_word' id='word_1_237' title='bbox 662 2968 750 3009; x_wconf 84' lang='lat' dir='ltr'>armis</span> <span class='ocrx_word' id='word_1_238' title='bbox 762 2958 790 3009; x_wconf 90' lang='lat' dir='ltr'>et</span> <span class='ocrx_word' id='word_1_239' title='bbox 801 2950 977 3012; x_wconf 90' lang='lat' dir='ltr'>militaribus</span> <span class='ocrx_word' id='word_1_240' title='bbox 995 2954 1072 3030; x_wconf 81' lang='lat' dir='ltr'>equis</span> 
     </span>
     <span class='ocr_line' id='line_1_31' title="bbox 73 3033 1103 3114; baseline 0.002 -19"><span class='ocrx_word' id='word_1_241' title='bbox 73 3046 187 3114; x_wconf 80' lang='lat' dir='ltr'>bquam</span> <span class='ocrx_word' id='word_1_242' title='bbox 203 3034 231 3092; x_wconf 91' lang='lat' dir='ltr'>iu</span> <span class='ocrx_word' id='word_1_243' title='bbox 248 3034 352 3091; x_wconf 89' lang='lat' dir='ltr'>scortis</span> <span class='ocrx_word' id='word_1_244' title='bbox 366 3039 453 3108; x_wconf 90' lang='lat' dir='ltr'>atque</span> <span class='ocrx_word' id='word_1_245' title='bbox 472 3034 609 3093; x_wconf 85' lang='lat' dir='ltr'>conviviis</span> <span class='ocrx_word' id='word_1_246' title='bbox 626 3033 786 3093; x_wconf 91' lang='lat' dir='ltr'>lubidinem</span> <span class='ocrx_word' id='word_1_247' title='bbox 797 3033 956 3095; x_wconf 88' lang='lat' dir='ltr'>habebant.</span> <span class='ocrx_word' id='word_1_248' title='bbox 986 3037 1103 3112; x_wconf 60' lang='lat' dir='ltr'>igiturne</span> 
     </span>
     <span class='ocr_line' id='line_1_32' title="bbox 98 3113 1072 3197; baseline -0.003 -19"><span class='ocrx_word' id='word_1_249' title='bbox 98 3119 201 3179; x_wconf 84' lang='lat' dir='ltr'>talibus</span> <span class='ocrx_word' id='word_1_250' title='bbox 221 3116 289 3175; x_wconf 80' lang='lat' dir='ltr'>viris</span> <span class='ocrx_word' id='word_1_251' title='bbox 310 3132 370 3173; x_wconf 92' lang='lat' dir='ltr'>non</span> <span class='ocrx_word' id='word_1_252' title='bbox 387 3113 471 3174; x_wconf 93' lang='lat' dir='ltr'>labor</span> <span class='ocrx_word' id='word_1_253' title='bbox 486 3116 631 3185; x_wconf 65' lang='lat' dir='ltr'>insolitus</span> <span class='ocrx_word' id='word_1_254' title='bbox 655 3135 715 3176; x_wconf 90' lang='lat' dir='ltr'>non</span> <span class='ocrx_word' id='word_1_255' title='bbox 736 3116 819 3177; x_wconf 88' lang='lat' dir='ltr'>locus</span> <span class='ocrx_word' id='word_1_256' title='bbox 834 3117 912 3179; x_wconf 89' lang='lat' dir='ltr'>ullus</span> <span class='ocrx_word' id='word_1_257' title='bbox 927 3137 1013 3197; x_wconf 87' lang='lat' dir='ltr'>asper</span> <span class='ocrx_word' id='word_1_258' title='bbox 1030 3130 1072 3178; x_wconf 85' lang='lat' dir='ltr'>aut</span> 
     </span>
     <span class='ocr_line' id='line_1_33' title="bbox 99 3199 1073 3265; baseline -0.001 -2"><span class='ocrx_word' id='word_1_259' title='bbox 99 3203 207 3263; x_wconf 85' lang='lat' dir='ltr'>arduus</span> <span class='ocrx_word' id='word_1_260' title='bbox 223 3204 298 3265; x_wconf 87' lang='lat' dir='ltr'>erat,</span> <span class='ocrx_word' id='word_1_261' title='bbox 317 3215 378 3256; x_wconf 90' lang='lat' dir='ltr'>nou</span> <span class='ocrx_word' id='word_1_262' title='bbox 389 3205 519 3259; x_wconf 89' lang='lat' dir='ltr'>armatus</span> <span class='ocrx_word' id='word_1_263' title='bbox 531 3199 622 3259; x_wconf 89' lang='lat' dir='ltr'>bostis</span> <span class='ocrx_word' id='word_1_264' title='bbox 635 3200 858 3260; x_wconf 79' lang='lat' dir='ltr'>formidolosus:</span> <span class='ocrx_word' id='word_1_265' title='bbox 874 3204 968 3263; x_wconf 83' lang='lat' dir='ltr'>virtus</span> <span class='ocrx_word' id='word_1_266' title='bbox 983 3207 1073 3263; x_wconf 90' lang='lat' dir='ltr'>omnia</span> 
     </span>
     <span class='ocr_line' id='line_1_34' title="bbox 72 3280 1073 3363; baseline -0.001 -18"><span class='ocrx_word' id='word_1_267' title='bbox 72 3288 258 3348; x_wconf 68' lang='lat' dir='ltr'>edomuerat.</span> <span class='ocrx_word' id='word_1_268' title='bbox 282 3282 332 3341; x_wconf 88' lang='lat' dir='ltr'>Set</span> <span class='ocrx_word' id='word_1_269' title='bbox 342 3280 452 3357; x_wconf 90' lang='lat' dir='ltr'>gloriae</span> <span class='ocrx_word' id='word_1_270' title='bbox 469 3301 639 3344; x_wconf 85' lang='lat' dir='ltr'>maxumum</span> <span class='ocrx_word' id='word_1_271' title='bbox 653 3292 800 3344; x_wconf 88' lang='lat' dir='ltr'>certamen</span> <span class='ocrx_word' id='word_1_272' title='bbox 816 3285 893 3345; x_wconf 91' lang='lat' dir='ltr'>inter</span> <span class='ocrx_word' id='word_1_273' title='bbox 908 3288 988 3363; x_wconf 89' lang='lat' dir='ltr'>ipsos</span> <span class='ocrx_word' id='word_1_274' title='bbox 1001 3296 1073 3346; x_wconf 87' lang='lat' dir='ltr'>erat:</span> 
     </span>
     <span class='ocr_line' id='line_1_35' title="bbox 98 3364 1074 3447; baseline -0.002 -18"><span class='ocrx_word' id='word_1_275' title='bbox 98 3391 129 3431; x_wconf 84' lang='lat' dir='ltr'>se</span> <span class='ocrx_word' id='word_1_276' title='bbox 146 3369 267 3447; x_wconf 87' lang='lat' dir='ltr'>quisquc</span> <span class='ocrx_word' id='word_1_277' title='bbox 283 3364 397 3424; x_wconf 86' lang='lat' dir='ltr'>hostem</span> <span class='ocrx_word' id='word_1_278' title='bbox 413 3365 511 3435; x_wconf 81' lang='lat' dir='ltr'>ferire,</span> <span class='ocrx_word' id='word_1_279' title='bbox 526 3386 645 3427; x_wconf 90' lang='lat' dir='ltr'>murum</span> <span class='ocrx_word' id='word_1_280' title='bbox 658 3368 846 3437; x_wconf 88' lang='lat' dir='ltr'>adscendere,</span> <span class='ocrx_word' id='word_1_281' title='bbox 864 3373 994 3447; x_wconf 86' lang='lat' dir='ltr'>conspici</span> <span class='ocrx_word' id='word_1_282' title='bbox 1010 3372 1074 3430; x_wconf 91' lang='lat' dir='ltr'>dum</span> 
     </span>
     <span class='ocr_line' id='line_1_36' title="bbox 99 3447 1104 3528; baseline -0.004 -13"><span class='ocrx_word' id='word_1_283' title='bbox 99 3455 154 3515; x_wconf 90' lang='lat' dir='ltr'>talc</span> <span class='ocrx_word' id='word_1_284' title='bbox 169 3451 280 3511; x_wconf 89' lang='lat' dir='ltr'>lacinus</span> <span class='ocrx_word' id='word_1_285' title='bbox 295 3447 413 3518; x_wconf 89' lang='lat' dir='ltr'>laceret,</span> <span class='ocrx_word' id='word_1_286' title='bbox 429 3451 621 3528; x_wconf 84' lang='lat' dir='ltr'>properabat:</span> <span class='ocrx_word' id='word_1_287' title='bbox 639 3470 688 3511; x_wconf 90' lang='lat' dir='ltr'>eas</span> <span class='ocrx_word' id='word_1_288' title='bbox 700 3452 819 3520; x_wconf 79' lang='lat' dir='ltr'>diuitias,</span> <span class='ocrx_word' id='word_1_289' title='bbox 833 3472 899 3513; x_wconf 91' lang='lat' dir='ltr'>eam</span> <span class='ocrx_word' id='word_1_290' title='bbox 915 3453 1022 3514; x_wconf 89' lang='lat' dir='ltr'>bonam</span> <span class='ocrx_word' id='word_1_291' title='bbox 1036 3455 1104 3515; x_wconf 76' lang='lat' dir='ltr'>itt-m</span> 
     </span>
    </p>
   </div>
   <div class='ocr_carea' id='block_1_3' title="bbox 79 3532 1075 3778">
    <p class='ocr_par' dir='ltr' id='par_1_11' title="bbox 79 3532 1075 3778">
     <span class='ocr_line' id='line_1_37' title="bbox 101 3532 1074 3616; baseline -0.003 -16"><span class='ocrx_word' id='word_1_292' title='bbox 101 3556 176 3600; x_wconf 88' lang='lat' dir='ltr'>mam</span> <span class='ocrx_word' id='word_1_293' title='bbox 201 3549 394 3610; x_wconf 75' lang='lat' dir='ltr'>magnamque</span> <span class='ocrx_word' id='word_1_294' title='bbox 416 3532 596 3595; x_wconf 89' lang='lat' dir='ltr'>nobilitatem</span> <span class='ocrx_word' id='word_1_295' title='bbox 617 3536 773 3612; x_wconf 91' lang='lat' dir='ltr'>putabant:</span> <span class='ocrx_word' id='word_1_296' title='bbox 797 3535 892 3596; x_wconf 91' lang='lat' dir='ltr'>laudis</span> <span class='ocrx_word' id='word_1_297' title='bbox 915 3538 1005 3605; x_wconf 82' lang='lat' dir='ltr'>avidi,</span> <span class='ocrx_word' id='word_1_298' title='bbox 1027 3557 1074 3616; x_wconf 86' lang='lat' dir='ltr'>pe·</span> 
     </span>
     <span class='ocr_line' id='line_1_38' title="bbox 102 3614 1075 3694; baseline -0.006 -11"><span class='ocrx_word' id='word_1_299' title='bbox 102 3623 203 3685; x_wconf 77' lang='lat' dir='ltr'>cuniae</span> <span class='ocrx_word' id='word_1_300' title='bbox 216 3614 352 3677; x_wconf 84' lang='lat' dir='ltr'>liberales</span> <span class='ocrx_word' id='word_1_301' title='bbox 367 3624 466 3677; x_wconf 90' lang='lat' dir='ltr'>erant:</span> <span class='ocrx_word' id='word_1_302' title='bbox 488 3617 610 3694; x_wconf 86' lang='lat' dir='ltr'>gloriam</span> <span class='ocrx_word' id='word_1_303' title='bbox 629 3620 791 3694; x_wconf 86' lang='lat' dir='ltr'>ingentem,</span> <span class='ocrx_word' id='word_1_304' title='bbox 816 3620 927 3680; x_wconf 80' lang='lat' dir='ltr'>divitias</span> <span class='ocrx_word' id='word_1_305' title='bbox 942 3621 1075 3681; x_wconf 83' lang='lat' dir='ltr'>honestas</span> 
     </span>
     <span class='ocr_line' id='line_1_39' title="bbox 79 3700 1075 3778; baseline -0.007 -8"><span class='ocrx_word' id='word_1_306' title='bbox 79 3704 248 3771; x_wconf 74' lang='lat' dir='ltr'>trolebant.</span> <span class='ocrx_word' id='word_1_307' title='bbox 283 3700 446 3760; x_wconf 86' lang='lat' dir='ltr'>Memorare</span> <span class='ocrx_word' id='word_1_308' title='bbox 462 3719 577 3777; x_wconf 89' lang='lat' dir='ltr'>possem</span> <span class='ocrx_word' id='word_1_309' title='bbox 593 3701 698 3778; x_wconf 91' lang='lat' dir='ltr'>quibus</span> <span class='ocrx_word' id='word_1_310' title='bbox 715 3704 741 3760; x_wconf 92' lang='lat' dir='ltr'>in</span> <span class='ocrx_word' id='word_1_311' title='bbox 761 3703 832 3762; x_wconf 89' lang='lat' dir='ltr'>locis</span> <span class='ocrx_word' id='word_1_312' title='bbox 853 3722 1005 3767; x_wconf 85' lang='lat' dir='ltr'>maxumas</span> <span class='ocrx_word' id='word_1_313' title='bbox 1026 3705 1075 3766; x_wconf 92' lang='lat' dir='ltr'>bo·</span> 
     </span>
    </p>
   </div>
   <div class='ocr_carea' id='block_1_4' title="bbox 0 0 1140 4176">
    <p class='ocr_par' dir='ltr' id='par_1_12' title="bbox 0 0 1140 4176">
     <span class='ocr_line' id='line_1_40' title="bbox 0 0 1140 4176; baseline 0 0"><span class='ocrx_word' id='word_1_314' title='bbox 0 0 1140 4176; x_wconf 95' lang='lat' dir='ltr'> </span> 
     </span>
    </p>
   </div>
   <div class='ocr_carea' id='block_1_5' title="bbox 666 4022 742 4100">
    <p class='ocr_par' dir='ltr' id='par_1_13' title="bbox 666 4022 742 4100">
     <span class='ocr_line' id='line_1_41' title="bbox 666 4022 742 4100; baseline 0 0"><span class='ocrx_word' id='word_1_315' title='bbox 666 4022 742 4100; x_wconf 65' lang='lat' dir='ltr'>st·</span> 
     </span>
    </p>
   </div>
  </div>
 </body>
</html>
