2272 4176
290 210 404 272 tinuit
425 202 463 272 v.
832 222 872 288 ει
917 166 920 171 ¹
975 270 980 277 .

64 377 144 433 r'seut
158 365 190 432 in
209 377 396 448 prospectu,
423 371 543 446 equites
558 371 626 453 ³9·
641 364 730 434 Atrio
744 373 784 435 ad
798 373 872 437 cae·

63 464 174 531 rerunt,
191 457 243 533 qui
257 457 433 517 nuntiarent
447 457 610 529 superiore
623 463 716 518 nocte
730 474 873 522 maxum
974 484 977 491 ·

64 547 207 615 apostate
227 557 328 617 prope
342 555 449 600 omncs
465 555 561 600 naves
577 539 719 601 adflictas
734 548 827 619 atque
840 544 872 605 ln
889 618 892 623 Ι

65 632 114 685 tas
130 639 218 700 esse,
245 625 331 702 quod
351 639 454 699 neque
475 639 609 684 ancorae
630 625 785 701 funesque
799 626 871 689 sub-
921 656 927 665 ·

63 723 157 783 reque
172 716 283 770 nautae
297 709 584 783 gubernatoresque
599 709 661 768 vim
675 710 739 785 pati
753 716 871 786 tempe·

64 800 150 852 sent:
177 793 280 879 itaque
300 809 341 852 ex
362 808 407 852 eo
416 807 570 854 concursu
584 791 708 853 navium
727 809 871 905 magnum

64 872 206 936 nmodum
221 883 392 951 acceptum

64 960 104 1019 lis
125 960 219 1021 rebus
241 961 372 1036 cognitis
395 959 508 1019 Caesar
528 959 666 1035 legiones
689 961 868 1037 equitatum·

64 1045 110 1102 ari
124 1043 241 1129 atque
232 1062 263 1103 m
278 1045 385 1105 itinere
399 1043 546 1104 resistere
560 1043 658 1119 iubet,
680 1043 749 1121 ipse
762 1046 802 1106 ad
816 1063 868 1107 na·

64 1127 144 1196 itur;
172 1118 278 1188 ea'dem
301 1130 380 1203 iere,
408 1142 488 1203 quae
509 1142 549 1186 ex
569 1129 685 1189 nuntiis
698 1129 870 1227 litterisque

64 1219 99 1285 tt,
126 1227 230 1272 coram
250 1212 415 1288 perspicit,
443 1210 489 1270 sic
509 1217 543 1271 ut
556 1211 681 1273 amissis
696 1212 818 1275 circiter
830 1228 870 1291 ιιι

64 1296 177 1369 liquos
191 1303 291 1356 tamen
307 1295 392 1356 refici
406 1309 504 1370 posse
518 1309 629 1369 magno
644 1297 768 1371 negotio
783 1298 868 1360 vide

64 1395 143 1454 aque
165 1395 204 1438 ex
225 1380 398 1454 legionibus
420 1379 526 1439 fabros
548 1378 653 1454 deligit
667 1385 751 1440 etex
773 1382 868 1443 conti·

64 1481 67 1519 ι
83 1463 201 1523 arcessi
217 1463 317 1532 iubct;
332 1461 467 1523 Labieno
483 1461 597 1537 scribit,
613 1469 655 1538 ut,
672 1479 764 1538 quem
775 1464 868 1539 pluri-

64 1553 98 1620 rt,
113 1548 151 1606 iis
166 1547 354 1621 legionibus,
380 1560 460 1622 quae
475 1551 547 1605 sunt
561 1547 645 1620 apud
659 1562 745 1621 eum,
770 1564 867 1611 naves

64 1632 137 1705 Ipse,
155 1630 212 1689 etsi
226 1646 278 1690 res
293 1637 358 1691 erat
372 1631 485 1689 multae
500 1644 615 1704 operae
630 1646 667 1690 ac
680 1630 807 1707 laboris,
822 1639 866 1695 tc·

64 1715 264 1773 nudissimum
287 1730 370 1774 esse·
381 1713 486 1773 statuit
500 1727 607 1774 omnes
623 1728 720 1775 naves
735 1714 866 1778 subduci

64 1798 131 1857 stris
146 1813 209 1857 una
222 1799 390 1858 munitione
405 1797 559 1872 coniungi.
589 1797 622 1855 ln
637 1796 684 1856 his
698 1796 793 1857 rebus
808 1800 863 1859 cir·

74 1898 96 1940 x
118 1881 272 1941 consumit
292 1897 331 1940 ne
351 1881 509 1941 nocturnis
535 1878 660 1956 quidem
674 1880 863 1955 temporibus

64 1981 86 2023 n
108 1966 235 2024 militum
255 1965 446 2024 intermissis.
477 1963 643 2024 Subductis
667 1964 797 2025 navibus
814 1981 860 2027 ca·

64 2050 164 2123 gregie
179 2049 302 2109 munitis
318 2050 443 2109 eosdem
459 2050 575 2124 copias,
593 2055 760 2122 quassate,
776 2064 860 2123 prae
888 2100 890 2105 .

64 2135 116 2192 bus
132 2133 270 2207 reliquit,
286 2133 354 2208 ipse
370 2132 494 2206 eodem,
510 2132 592 2192 unde
607 2133 755 2206 redierat,
769 2133 860 2208 proii-

64 2216 97 2276 lo
114 2233 183 2276 cum
197 2218 349 2291 venisset,
375 2216 507 2275 maiores
523 2217 581 2274 iam
596 2215 734 2291 undique
748 2215 779 2275 in
794 2232 860 2278 eum

64 2301 124 2358 riae
144 2300 357 2360 Britannorum
379 2305 586 2360 convenerant
606 2314 725 2358 summa
745 2299 862 2375 imperii

64 2384 269 2444 lministrondi
286 2383 437 2444 communi
453 2382 581 2443 oonsilio
598 2382 750 2456 permissa
762 2383 862 2444 Cessi-

66 2468 153 2527 euius
169 2469 248 2527 fines
264 2485 282 2527 a
297 2467 452 2527 niaritimis
470 2465 640 2526 civitatibus
656 2464 770 2526 flumen
786 2467 860 2526 divi·

71 2554 245 2625 appellatur
258 2553 411 2624 Tamesis,
438 2551 546 2609 amari
561 2549 681 2609 circiter
695 2549 776 2609 milio
790 2565 861 2624 pas-

64 2652 85 2693 ι.
108 2635 186 2714 Huic
203 2636 364 2709 superiore
380 2644 516 2708 tempore
532 2649 600 2693 cum
615 2633 741 2707 reliquis
757 2632 861 2693 cibita-

65 2719 168 2778 nentia
182 2719 262 2778 bella
274 2719 526 2786 intercesserant;
541 2717 598 2776 scd
610 2723 716 2776 nostro
728 2716 860 2778 adventu

64 2803 165 2862 itonni
180 2802 261 2862 hunc
277 2805 329 2864 toti
343 2804 422 2863 bello
434 2801 627 2876 imperioque
637 2801 860 2874 praefecerant

64 2887 231 2946 dritarmiae
246 2904 319 2961 pars
335 2884 462 2947 interior'
475 2886 512 2944 ab
535 2886 572 2945 iis
595 2884 753 2959 incolitur,
780 2901 860 2960 quos

67 2974 137 3030 sula
153 2971 212 3045 ipsi
229 2972 374 3032 memoria
388 2969 542 3045 proditum
558 2969 678 3040 dicunt,
701 2968 860 3029 marituma
938 2981 943 2991 ·

71 3099 80 3128 ,
106 3056 157 3129 qui
175 3056 309 3129 praedae
324 3071 360 3114 ac
376 3053 445 3113 belli
464 3053 611 3111 inserendi
627 3066 723 3111 causa
738 3067 776 3109 ex
790 3052 858 3111 Bel·

64 3146 142 3199 trunt
164 3139 231 3213 (qui
254 3155 360 3198 omnes
384 3140 447 3196 lere
462 3137 499 3196 iis
515 3136 688 3196 nominibus
705 3133 858 3195 ciuitatum

64 3238 86 3301 ι,
105 3224 218 3298 quibus
235 3224 291 3281 orti
307 3239 344 3281 ex
358 3221 530 3281 civitatibus
547 3236 584 3281 eo
597 3222 815 3294 pervenerunt)
831 3228 858 3280 el

64 3322 88 3367 o·
100 3306 142 3367 ibi
164 3315 400 3382 permanserunt
415 3311 507 3379 atque
522 3321 614 3379 agros
632 3304 733 3362 colere
748 3317 858 3379 coepe-

64 3408 139 3452 uum
152 3398 201 3451 est
211 3391 327 3450 infinita
342 3390 501 3450 multitudo
514 3387 761 3460 creberrimaque
775 3386 855 3448 aedi·

64 3476 172 3535 lallicis
188 3475 371 3550 consimilia,
391 3489 540 3550 pecorum
558 3487 690 3552 magnus
704 3487 865 3535 numerus

64 3572 212 3617 crassas
644 3571 663 3629 o

64 3778 115 3845 ιζ
