2272 4176
62 453 126 518 804
375 450 426 511 DE
446 450 571 513 mutto
594 451 711 514 clvttt

65 608 146 669 versi
160 614 431 683 procucurrerunt,
457 606 618 681 omnisque
632 606 793 667 multitudo
808 604 1025 681 sagittariorum

63 711 97 754 se
112 693 262 769 proludit;
289 707 418 766 quorum
438 690 582 765 impetum
597 697 701 751 noster
715 691 867 767 equitatus
881 708 946 752 non
961 693 1025 765 tulit,

63 778 118 837 sed
134 776 277 851 paulatim
291 778 360 835 loco
374 780 475 834 motus
497 775 605 834 cassita
630 775 816 850 equitesque
829 772 955 851 Pompei
976 776 1025 835 lroc

63 861 163 920 acrius
178 861 291 920 instare
306 869 335 918 et
352 875 387 919 se
400 858 550 919 turmatim
562 859 717 934 explicare
729 859 889 934 aciemque
901 868 1026 919 nostram

64 947 196 1004 alatcre
217 952 321 1018 aperto
343 943 500 1002 circumire
522 949 697 1018 coeperunt.
739 942 830 1016 Quod
851 943 902 1002 ubi
925 943 1026 1003 Caesar

63 1028 284 1099 animadvertit,
308 1032 433 1100 quartae
447 1026 540 1100 aciei,
563 1043 654 1101 quam
668 1028 843 1087 instituerat
857 1042 914 1087 sex
928 1028 1025 1087 eohor-

64 1113 145 1186 tium,
161 1112 244 1171 dedit
258 1113 387 1184 signum.
416 1111 461 1169 llll
476 1111 613 1170 celeriter
628 1119 890 1185 procucurrerunt
903 1113 1025 1171 inlesus-

65 1212 125 1271 que
145 1195 241 1269 signis
263 1202 345 1254 tanta
357 1194 388 1253 vi
402 1194 432 1253 in
447 1194 574 1269 Pompei
592 1195 711 1269 equites
727 1195 876 1269 impetum
891 1196 1025 1267 lecerunt,

63 1288 96 1340 ut
110 1295 215 1339 eorum
230 1296 317 1339 neum
331 1279 512 1339 consisteret
523 1295 692 1353 omnesque
704 1280 849 1338 conversi
861 1296 922 1339 non
937 1284 1024 1339 solum

64 1367 131 1425 loco
148 1364 344 1435 excederent,
369 1364 423 1421 sed
440 1362 577 1437 protinus
598 1363 710 1422 incitati
728 1364 802 1437 luga
817 1371 938 1423 montes
953 1364 1023 1423 altis·

64 1449 158 1508 simos
174 1454 320 1521 peterent.
351 1446 465 1519 Quibus
481 1447 630 1506 submotis
647 1461 754 1506 omnes
771 1447 921 1521 sagittarii
937 1448 1025 1507 lundi-

62 1540 207 1605 toresque
224 1531 361 1590 destituti.
376 1531 506 1589 inermes
528 1530 595 1589 sine
616 1531 772 1604 praesidio
789 1531 941 1591 interlecti
955 1540 1026 1591 suin.

62 1616 178 1675 Eodem
186 1614 298 1686 impetu
306 1614 447 1674 cohortes
460 1615 613 1673 sinistrum
626 1630 722 1675 cornu
729 1615 938 1689 pugnantibus
947 1616 1024 1675 etiam

64 1709 126 1759 tum
140 1714 176 1756 ac
190 1697 401 1757 resistentibus
416 1698 446 1757 in
461 1698 525 1758 acie
533 1697 725 1774 Pompeianis
738 1699 955 1759 circumierunt
965 1715 1024 1759 eos-

65 1799 124 1858 que
139 1798 157 1840 a
171 1789 255 1855 tergo
272 1789 342 1841 sunt
356 1782 463 1842 adorti.

145 1866 247 1926 XClV.
269 1866 385 1925 Eodem
400 1874 537 1940 tempore
551 1866 668 1927 tertiam
689 1867 785 1925 aciem
800 1866 930 1941 Caesar,
957 1882 1025 1943 quae

66 1952 167 2028 quieta
188 1952 285 2010 lucrat
306 1958 336 2009 et
356 1965 391 2008 se
411 1951 494 2010 adid
509 1959 628 2026 tempus
644 1951 712 2010 loco
728 1957 877 2024 tenuerat,
906 1968 1023 2026 procur·

65 2051 131 2096 rere
152 2035 248 2094 iussit.
280 2037 324 2094 lta
339 2050 406 2093 curn
426 2042 565 2094 recentes
581 2041 673 2108 atque
689 2034 797 2107 integri
813 2035 949 2095 defessis
965 2054 1023 2095 suo·

66 2120 241 2193 cessissent,
257 2119 307 2178 alii
322 2126 419 2178 autem
436 2135 454 2178 a
468 2126 553 2193 tergo
569 2119 767 2192 adorirentur,
784 2119 940 2178 sustinere
948 2120 1023 2180 Pom·

66 2204 166 2280 petant
197 2220 257 2262 non
289 2210 451 2277 potuerunt
475 2212 566 2278 atque
592 2204 725 2262 universi
750 2209 837 2276 terga
867 2211 1024 2264 verterunt

65 2290 168 2363 Neque
182 2303 255 2347 vero
269 2287 428 2346 Caesarem
440 2288 551 2362 lelellit,
568 2288 640 2362 quin
652 2287 737 2346 abiis
752 2286 941 2363 coltorlibuS,
957 2304 1027 2364 quae

65 2380 170 2433 eontra
184 2372 347 2445 equitatum
362 2372 391 2429 in
407 2379 514 2445 quarta
527 2372 592 2431 acie
608 2373 773 2431 collocatae
788 2379 904 2444 essent,
920 2374 1025 2433 initium

65 2457 208 2516 victoriae
224 2456 365 2528 oriretur,
392 2462 425 2513 ut
445 2456 512 2529 ipse
532 2457 562 2514 in
584 2456 779 2515 cohortandis
802 2455 948 2517 militibus
964 2474 1024 2533 pro-

65 2540 261 2599 nuntiaverat.
290 2540 338 2598 Ab
359 2537 407 2597 his
429 2539 508 2598 enim
528 2541 657 2613 primum
677 2539 828 2614 equitatus
845 2549 895 2599 est
915 2544 1026 2615 pulsus,

65 2626 103 2685 ab
131 2624 229 2682 isdem
256 2624 353 2681 laetae
380 2623 491 2681 caedes
520 2624 744 2698 sagittariorum
770 2640 806 2681 ac
836 2625 1026 2698 funditorum,

66 2710 103 2768 ab
118 2708 214 2767 isdem
232 2707 314 2765 acies
326 2705 512 2781 Pompeiana
526 2724 545 2766 a
560 2708 682 2768 sinistra
698 2715 782 2782 parte
798 2714 864 2766 erat
880 2700 1025 2784 circumit?

66 2802 157 2868 atque
171 2791 285 2850 initium
302 2793 392 2864 fugae
406 2793 526 2849 lactum.
554 2791 617 2851 Sed
629 2791 807 2867 Pompeius,
823 2799 854 2850 ut
869 2794 1027 2868 equitatmn

66 2893 155 2938 suum
169 2878 291 2950 pulsum
308 2874 380 2932 vidit
394 2883 486 2950 atquc
501 2891 567 2934 carn
582 2884 712 2950 partem,
730 2876 777 2934 cui
791 2878 926 2936 maxime
942 2879 1028 2939 confi·

67 2961 165 3034 debat,
180 2959 367 3034 perterritam
382 2960 598 3034 animadvertit,
614 2961 679 3019 aliis
696 2975 820 3033 quoque
835 2961 959 3022 diffisus
971 2963 1030 3022 acie

67 3045 201 3105 excessit
216 3044 417 3118 protinusque
432 3061 466 3102 se
481 3044 510 3102 in
527 3051 627 3104 eastra
642 3060 721 3118 equo
738 3044 863 3103 contulit
875 3053 906 3104 et
916 3047 954 3106 iis
967 3063 1029 3106 cen-

67 3128 244 3201 turionibuS,
261 3145 338 3202 quos
353 3127 383 3184 in
399 3129 528 3188 statione
543 3129 583 3187 ad
595 3129 778 3202 praetoriam
789 3136 911 3201 portam
924 3147 1030 3207 posue-

66 3223 121 3289 rat,
137 3215 226 3285 clare,
242 3219 275 3270 ut
290 3213 397 3271 milites
414 3214 600 3285 exaudirent,
620 3212 758 3283 chmt‘m',
774 3212 881 3287 inquit,
896 3220 1032 3275 castraret

67 3298 217 3373 defendite
228 3297 398 3370 dilabenter,
417 3299 445 3355 si
453 3298 527 3371 quid
536 3298 639 3356 dorius
650 3297 802 3357 occiderit.
828 3296 1031 3374 Eporeliquos

65 3391 167 3458 portos
186 3386 329 3458 circumeo
350 3388 378 3440 et
398 3389 561 3441 rostrorum
577 3382 735 3456 praesidio
762 3383 912 3453 confirmo.
954 3385 1031 3443 Haec

69 3482 136 3526 cum
152 3466 289 3540 dixisset
306 3481 340 3525 se
353 3466 383 3524 in
395 3465 579 3539 praetorium
595 3467 727 3537 contulit,
744 3480 880 3525 summae
896 3467 940 3525 rei
957 3466 1027 3526 dilli-

69 3550 144 3608 dens
160 3559 189 3610 et
201 3558 302 3609 tamen
318 3557 459 3609 eventum
474 3557 649 3624 expectans.

149 3633 237 3693 XCV.
267 3634 379 3694 Caesar
389 3633 581 3708 Pompeianis
593 3650 632 3692 ex
647 3634 720 3707 luga
733 3633 811 3692 intra
827 3634 937 3693 vallum
954 3650 1028 3695 com·

69 3715 164 3791 pulsis
186 3716 451 3799 nullumspatium
469 3716 638 3793 perterritis
664 3717 737 3776 dare
763 3725 907 3792 oportere
931 3718 1026 3780 exist
