2272 4176
69 468 105 527 ll
149 484 192 525 ne
214 482 388 525 carrcrsse
411 481 652 525 courvsarrous
675 480 703 523 o.
725 473 770 528 26.
791 472 836 529 tt.
858 473 901 527 aa
916 473 959 527 29.

64 632 221 693 Antonium
246 631 381 710 pactione
402 632 567 707 provinciae
587 629 775 709 perpulerat,
802 648 842 691 ne
862 636 963 691 eontra
979 647 1032 690 reu
1075 654 1078 693 ῑ

64 715 212 794 publicam
236 716 371 775 sentiret:
402 716 514 774 circum
542 732 574 775 se
601 714 749 793 praesidia
775 714 937 773 amicorum
957 720 1033 791 attpre
1076 738 1078 745 ·

39 799 214 864 sclicntium
225 795 338 859 occulte
353 795 489 858 habebat.
512 796 671 875 Postquam
681 797 746 857 dies
761 798 946 857 comitiorum
956 798 1032 865 venit,
1066 858 1075 871 ,

65 892 91 943 et
115 881 252 942 Catilinae
271 898 367 958 neque
382 882 482 957 petitio
497 897 594 959 neque
611 880 733 943 insidiae
753 898 831 959 quas
851 876 1033 961 [consulibus]
1072 908 1076 961 3

64 968 93 1026 in
110 983 214 1042 campo
228 965 339 1025 lecerat
353 981 495 1041 prospere
510 982 640 1033 cessere,
656 965 809 1025 constituit
824 964 934 1025 bellurn
946 964 1050 1023 laceres

65 1056 93 1109 et
108 1056 238 1109 extrema
253 1048 349 1107 omnia
372 1049 516 1125 experiri,
539 1049 677 1126 quoniam
693 1065 771 1127 quae
789 1047 906 1109 occulte
924 1054 1035 1125 tempta·
1069 1086 1073 1093 -

64 1140 146 1192 cerat
161 1149 264 1209 aspera
279 1130 422 1209 foedaque
437 1139 604 1192 evenerant.
1068 1118 1075 1158 ³

13 1216 53 1275 27
147 1215 240 1291 igitur
252 1214 285 1274 G.
298 1213 436 1274 Manlium
450 1212 588 1275 Faesulas
603 1221 691 1293 atoue
706 1215 738 1275 in
753 1232 822 1275 eam
836 1222 951 1293 partem
960 1212 1037 1275 Etru·

63 1302 139 1367 riae,
163 1298 335 1376 Septimium
354 1297 499 1377 quendam
519 1296 683 1359 Camertem
709 1300 741 1358 in
767 1314 878 1375 agrum
898 1298 1035 1363 Picenum,

64 1384 97 1441 C.
115 1382 220 1443 lulium
240 1384 269 1442 in
284 1380 417 1459 Apuliam
437 1382 558 1450 dimisit,
577 1389 732 1461 praeterea
753 1382 847 1443 alium
869 1381 942 1451 alio,
959 1396 1060 1459 queue

37 1466 172 1543 aubique
186 1473 365 1543 oportunum
380 1464 435 1525 sibi
451 1466 515 1526 lore
530 1465 679 1527 credebat.
702 1464 821 1526 interea
831 1465 945 1527 Romae
957 1462 1036 1525 multa

63 1548 149 1609 simul
170 1545 281 1609 moliri:
307 1546 505 1629 [consulibus]
524 1550 643 1609 insidias
662 1548 801 1618 temlero,
822 1566 932 1627 parare
949 1550 1037 1609 ineen-

63 1632 125 1699 dia,
149 1637 294 1708 oportuna
311 1630 375 1691 loca
390 1635 510 1692 armatis
529 1631 696 1693 hominibus
717 1632 874 1694 obsidere:
896 1634 960 1711 ipse
980 1646 1036 1691 curu

62 1714 120 1773 telo
136 1731 216 1783 csse,
233 1714 302 1774 item
313 1713 385 1774 alios
399 1714 512 1785 iubere,
528 1716 640 1777 hortari
654 1717 697 1776 uti
707 1733 828 1795 semper
842 1716 948 1777 intenti
956 1714 1036 1793 parati

63 1805 175 1858 essent:
199 1798 261 1858 dies
283 1799 436 1877 noctisque
457 1799 595 1860 festinare
615 1798 751 1877 vigilare,
775 1818 875 1879 neque
897 1798 1069 1872 insomniisn¹

36 1889 159 1960 tneque
181 1881 283 1942 labore
305 1881 427 1959 fatigari.
471 1883 624 1943 Postremo
644 1882 696 1944 ubi
722 1881 815 1943 multa
839 1884 961 1962 agitanti
975 1878 1035 1941 nihl

61 1967 209 2042 procedit,
238 1983 342 2026 rursus
364 1969 536 2043 intempesta
557 1974 644 2027 nocte
667 1968 880 2027 coniurationis
901 1966 1035 2045 principes

35 2058 204 2110 tconrocat
214 2067 305 2126 penes
320 2049 356 2108 lli.
370 2050 506 2110 Porcium
516 2051 650 2120 Laecam,
666 2049 766 2129 ibique
777 2050 871 2111 multa
884 2052 923 2111 de
937 2050 1034 2127 ignaria
1076 2073 1078 2088 ·

63 2152 165 2193 eorum
184 2140 303 2212 questus
321 2134 407 2193 docet
421 2151 453 2194 se
470 2132 609 2195 Manlium
627 2134 813 2210 praemisisse
835 2135 873 2195 ad
894 2152 959 2195 earn
972 2130 1034 2192 mul·
1072 2158 1075 2163 ·

62 2218 224 2285 titudinem,
249 2235 336 2294 quam
351 2217 387 2277 ad
405 2218 548 2296 capiunda
562 2235 643 2276 arma
658 2225 822 2292 paraverat,
843 2220 915 2280 item
929 2216 997 2277 alios
1010 2218 1058 2275 irat

63 2300 117 2359 alia
142 2300 206 2359 loca
229 2307 388 2376 oportuna,
413 2303 461 2379 qui
483 2302 595 2361 initium
620 2299 689 2361 belli
714 2300 864 2371 lacerent,
895 2320 986 2381 seque
1006 2298 1035 2359 ad

63 2386 225 2442 exercitum
239 2384 383 2459 proficisci
407 2402 530 2462 cupere,
552 2386 576 2443 si
592 2386 673 2461 prius
695 2383 869 2445 Ciceronem
885 2385 1036 2463 obpressis·

11 2463 50 2525 28
63 2474 119 2525 set:
144 2484 211 2525 eum
232 2469 292 2526 suis
309 2468 435 2528 consiliis
457 2467 581 2528 multum
603 2466 740 2528 obiicere.
769 2469 865 2545 igitur
885 2468 1036 2547 perterritis

63 2569 97 2609 ac
118 2549 317 2610 dubitantibus
339 2554 443 2612 ceteris
465 2552 499 2612 G.
523 2551 674 2613 Cornelius
693 2570 783 2630 eques
802 2552 956 2613 Romanus
977 2568 1035 2629 ope·

62 2652 126 2692 ram
156 2651 238 2693 suam
268 2633 413 2711 pollicitus
441 2643 470 2695 et
496 2654 563 2695 cum
591 2654 626 2696 eo
649 2635 680 2695 L.
704 2635 902 2712 Vargunteius
930 2643 1058 2697 senators

64 2719 242 2777 constituere
267 2736 301 2778 ea
328 2726 414 2779 nocte
440 2718 528 2798 paulo
556 2726 622 2798 post
649 2736 716 2779 cum
739 2722 859 2781 armatis
879 2719 1036 2780 bominibus

63 2799 179 2834 *''⁶***
203 2802 287 2862 sicuti
308 2802 464 2863 salutatum
486 2805 608 2863 introire
628 2803 664 2863 ad
689 2802 863 2865 Ciceronem
886 2822 922 2865 ae
945 2806 980 2865 de
1000 2806 1036 2861 in·

35 2886 177 2962 eproriso
203 2885 302 2946 domui
320 2904 390 2947 suae
412 2890 578 2963 inparatum
598 2887 766 2948 conlodere.
809 2887 917 2951 Curius
938 2888 988 2949 ubi
1001 2890 1036 2946 iu·

61 2967 185 3044 tellegit,
211 2978 351 3047 quantum
371 2971 493 3049 periculi
516 2970 629 3031 consuli
647 2971 818 3048 inpendeat,
841 2989 972 3050 propere
992 2986 1036 3049 per

34 3051 192 3112 3Fulviam
215 3052 348 3114 Ciceroni
369 3052 481 3124 dolum,
512 3056 561 3132 qui
582 3054 758 3133 parabatur,
781 3058 923 3117 enuntiat
946 3056 987 3117 lta
1003 3052 1061 3113 ittts

62 3138 146 3195 ianua
162 3136 302 3212 prohibiti
321 3143 433 3197 tantum
453 3139 564 3198 lacinus
579 3139 689 3199 lrustra
706 3148 908 3216 susceperant.

35 3227 50 3271 4
145 3218 261 3280 interea
275 3220 398 3281 llanlius
413 3222 442 3280 in
459 3222 575 3282 Etruria
590 3221 707 3300 plebem
723 3221 896 3293 sollicitare,
917 3232 1038 3301 egestate

61 3303 203 3362 simulac
227 3302 328 3364 dolore
350 3306 472 3366 iniuriae
495 3324 638 3366 novarum
659 3323 762 3365 rerum
784 3308 938 3385 cupidam,
967 3305 1038 3387 quod
1075 3295 1078 3356 l

61 3386 157 3448 Sullae
182 3387 379 3449 dominatione
395 3405 482 3465 agros
504 3389 640 3470 bonaque
657 3391 759 3449 'omnia
781 3393 937 3461 amiserat,
960 3408 1038 3471 prae·

60 3477 140 3530 terea
170 3470 299 3531 latrones
327 3474 468 3551 cuiusque
491 3476 622 3550 generiS,
652 3492 779 3552 qnorum
806 3476 834 3536 in
863 3494 897 3537 ea
923 3478 1064 3552 regiones

59 3570 165 3630 magna
190 3557 272 3631 copia
292 3563 370 3624 erat,
393 3557 550 3619 nonnullos
573 3577 608 3618 ex
628 3556 754 3621 Sullanis
776 3559 913 3627 coloniis,
938 3559 1039 3639 quibus
1076 3596 1078 3610 .

59 3635 159 3696 lubido
175 3645 262 3716 atque
278 3636 395 3700 luxuria
408 3659 444 3700 ex
459 3644 572 3718 magnis
591 3642 701 3718 rapinis
719 3641 791 3701 nihil
807 3643 910 3703 relicui
924 3644 1034 3705 lecerat

8 3719 47 3779 29
145 3720 184 3780 Ea
209 3739 276 3779 cum
299 3723 433 3783 Ciceroni
455 3727 675 3789 nuntiarentur,
699 3727 816 3802 ancipiti
831 3725 909 3787 malo
927 3742 1023 3804 permo
