2272 4176
452 111 565 172 LIBER
579 112 643 170 Vll.
970 110 1029 175 141

60 260 199 327 oratione
222 259 423 340 magistratus
444 272 474 325 et
493 264 630 341 praemio
651 262 808 339 deductis,
838 281 906 327 cum
926 282 962 328 se
978 271 1029 329 vel

59 346 302 425 principeseius
318 348 434 410 consilii
444 350 510 410 lore
522 350 749 425 profiterentur,
764 348 840 412 ratio
854 350 1029 426 periclendi

10 435 22 447 ’
60 434 279 509 quaerebatur,
293 434 378 510 quod
389 433 539 495 civitatem
551 442 668 496 temere
679 436 719 495 ad
733 434 1029 510 suscipiendumbel·

60 521 116 578 lum
131 517 251 578 adduci
266 535 364 595 posse
376 535 437 580 non
452 519 656 580 confidebant.
685 519 808 591 Placuit,
824 520 867 580 uti
879 521 1030 583 Litavicus

60 604 163 663 decem
177 602 242 662 illis
259 603 396 675 milibus,
419 621 498 679 quae
513 603 635 664 Caesari
649 604 689 664 ad
704 604 817 664 bellum
833 604 1030 678 mitterentur,

11 693 17 750 ,²
60 686 285 763 praeficeretur
293 695 386 763 atque
398 703 434 748 ea
444 688 585 748 ducenda
596 694 725 761 curaret,
735 689 910 764 fratresque
919 690 983 751 eius
994 692 1032 751 ad

61 773 226 832 Caesarem
239 780 484 847 praecurrerent.
500 773 630 847 Reliqua
642 788 703 849 qun
713 772 889 849 rationeagi
901 778 1031 851 placeat,

61 856 262 917 constituunt.

10 933 18 1002 'l
136 941 305 1003 XXXVIII.
319 939 473 1001 Litavicus
486 945 613 1014 accepto
626 940 769 1015 exercitu,
786 955 855 999 cum
867 941 948 1001 milia
958 957 1029 1018 pas-

60 1044 145 1092 suum
166 1026 290 1087 circiter
309 1040 374 1084 xxx
396 1025 433 1085 ab
451 1024 602 1098 Gergouia
623 1025 760 1098 abesset,
787 1027 965 1086 convocatis
981 1044 1030 1088 su-

60 1114 115 1176 bito
123 1111 273 1171 militibus
281 1110 459 1170 lacrimans:
475 1110 536 1181 Quo
546 1112 771 1185 proficiscimur,
786 1108 890 1185 inquit,
904 1114 966 1171 mite
957 1114 969 1143 ·'
945 1110 1030 1173 ties?

12 1199 157 1276 Omnis
169 1202 273 1257 noster
285 1198 446 1271 equitatus
472 1198 566 1257 omnis
579 1195 681 1254 nobitit
645 1197 854 1265 ttosinteriit,·
878 1198 1029 1273 principes

13 1277 21 1334 't
60 1286 197 1356 deitato,
218 1280 409 1356 Eporedorix
421 1286 450 1340 et
470 1280 689 1352 Viridomarus,
710 1281 871 1340 insimulato
849 1282 1029 1355 tiprootitr'o-

17 1380 20 1390 '
59 1372 108 1445 nt‘s,
123 1367 315 1430 abItomonis
329 1366 440 1425 indicto
454 1381 546 1425 conso
560 1364 710 1437 interfecti
720 1370 796 1424 sarit.
777 1364 894 1425 tHoec
908 1367 972 1425 ab
960 1370 1029 1442 ipsis

59 1454 304 1530 concretaque·
315 1468 355 1511 ex
368 1453 434 1526 ipso
448 1451 539 1510 coede
549 1449 711 1524 fromunt:
732 1466 802 1509 nom
815 1466 868 1523 eoo
880 1450 1029 1522 fratribus

59 1546 143 1616 nque
154 1536 292 1599 omnibns
311 1537 382 1595 meis
392 1537 567 1610 propinquis
586 1534 749 1607 intersectis
763 1536 814 1595 dot
801 1538 863 1595 tore
873 1536 1029 1610 prohibeor

60 1641 132 1702 quoe
143 1629 232 1698 peste
246 1628 315 1681 sont
327 1622 536 1697 pronuntiare.
576 1619 788 1678 Producuntur
808 1619 853 1693 hi,
881 1636 958 1694 quos
980 1622 1029 1681 ille

59 1709 227 1773 edocuerat
242 1720 322 1780 quae
337 1704 396 1764 dini
410 1706 516 1778 vellet,
532 1711 623 1780 atque
639 1702 760 1778 eadem,
783 1719 863 1778 quae
877 1702 1029 1765 Litavicus

61 1792 317 1869 pronuntiaverat,
332 1788 514 1850 multitudIni
523 1792 695 1865 exponunt:
711 1788 828 1863 equites
835 1788 1028 1851 Haeduorum

10 1907 13 1914 ·
60 1878 245 1951 interlectos
263 1875 346 1949 quod
362 1874 513 1935 conlocuti
530 1889 596 1933 curn
611 1873 758 1933 Arvernis
777 1872 965 1945 dicerentur;
985 1874 1028 1951 ip

62 1980 110 2025 sos
132 1977 169 2022 se
190 1961 268 2020 inter
289 1958 508 2019 multitudinem
531 1960 657 2020 militurn
683 1958 855 2018 occultasse
880 1964 971 2034 atque
992 1974 1028 2019 ex

10 2115 14 2124 ¹
61 2048 158 2108 media
181 2045 277 2106 caede
298 2044 425 2119 fugisse.
455 2046 650 2105 Conclamant
669 2042 787 2103 Haedui
815 2050 844 2102 et
864 2042 1028 2103 Litavicum

11 2131 17 2154 ’·
62 2132 233 2206 obsen’ant,
248 2135 282 2190 ut
297 2129 355 2188 sibi
372 2125 518 2190 consulat.
535 2130 628 2200 Onesi
641 2144 717 2201 uero,
733 2127 830 2201 inquit
843 2127 902 2203 ille,
916 2131 1031 2190 consilii

59 2220 94 2278 sit
112 2234 162 2279 res
184 2231 222 2276 ac
243 2230 302 2275 non
322 2231 438 2275 necesse
457 2217 496 2274 sit
514 2215 595 2274 rroots
617 2214 790 2287 Gereonium
809 2214 984 2275 contendere
1003 2224 1031 2275 et

60 2320 122 2364 cunt
136 2302 283 2361 Aroerms
296 2308 406 2359 nosmet
419 2302 604 2373 contancere.
632 2296 679 2356 An
694 2298 776 2357 ondit
765 2303 858 2356 temris
865 2301 959 2372 ,quin
973 2317 1029 2359 ne-

59 2388 137 2463 sorio
154 2386 299 2460 facinore
319 2384 445 2444 admisso
464 2384 623 2443 Romani
611 2399 671 2442 tom
692 2383 736 2440 ott
748 2397 800 2441 nos
814 2384 843 2441 in
846 2384 1030 2449 terfier'endos

59 2476 253 2538 concurrant.
229 2464 262 2529 7
276 2469 414 2542 Proinde
430 2486 455 2528 se
445 2469 567 2542 iqnid
554 2485 585 2527 en
599 2456 680 2527 nobis
695 2468 788 2526 enimi
799 2472 850 2539 est,
860 2484 1028 2542 persequo-

10 2629 13 2636 ,
59 2571 241 2618 marcorum
255 2561 384 2626 mortem,
399 2571 448 2628 qm
445 2552 663 2648 r'nottpnissiroe
680 2553 898 2625 intertornata
878 2557 965 2625 otqne
979 2553 1029 2612 Itos

18 2685 21 2696 .
59 2643 214 2703 latrones
202 2646 234 2699 r'n
235 2642 423 2711 terficiornns.
453 2636 591 2697 Ostendit
605 2637 688 2695 cives
702 2637 875 2710 Romanos,
898 2636 950 2709 qui
965 2636 1030 2697 eius

60 2725 206 2802 praesidii
222 2723 337 2782 fiducia
349 2739 411 2782 uua
427 2728 526 2781 erant:
552 2737 694 2795 magnum
713 2735 871 2779 numerum
890 2720 1031 2782 frumenti

60 2816 309 2882 commeatusque
325 2808 439 2883 diripit,
456 2808 543 2882 ipsos
559 2806 720 2865 crudeliter
735 2804 925 2865 excruciatos
941 2805 1031 2864 inter·

15 2937 18 2943 ·
59 2896 125 2958 licit.
162 2892 296 2954 Nuntios
323 2900 386 2952 tota
408 2893 526 2952 civitate
545 2890 740 2950 Haeduorum]
764 2889 895 2963 dimittit,
923 2890 1031 2950 eodem

10 2987 16 3022 :=
59 2980 216 3041 mendacio
231 2978 271 3037 de
287 2978 381 3036 caede
396 2977 530 3052 equitum
546 2983 575 3034 et
589 2975 758 3050 principum
774 2980 947 3048 permovet;
962 2974 1032 3035 llor-

59 3072 149 3141 tatur,
177 3073 211 3125 ut
232 3063 322 3123 simili
343 3063 459 3122 ratione
481 3070 573 3136 atque
599 3060 666 3134 ipse
688 3058 794 3119 lecerit
813 3075 886 3118 suas
905 3058 1030 3121 iniurias

10 3143 14 3190 '-
59 3155 293 3229 persequantur.

136 3234 274 3296 XXXIX
289 3231 645 3308 Eporedorixllteduus,
652 3246 770 3292 summo
782 3232 850 3294 loco
862 3240 949 3295 natus
958 3234 1030 3298 adu

10 3314 176 3387 lescens
203 3330 236 3384 et
261 3333 402 3379 summae
417 3318 566 3378 deurit
513 3333 552 3393 po
555 3317 676 3389 tentiae,
690 3323 723 3375 et
736 3331 796 3375 una
812 3315 1032 3392 Viridomarus,

61 3409 120 3485 pari
135 3414 236 3468 :aetate
251 3411 284 3463 et
298 3403 404 3479 gratia,
421 3404 474 3464 secl
488 3420 601 3479 genere
617 3400 745 3479 dispari,
761 3419 857 3485 quem
870 3404 988 3471 Caesar
1004 3401 1048 3466 dn
