2272 4176
170 546 213 609 84
463 546 515 607 Du
536 544 662 606 BELLO
685 544 852 607 clauco

170 720 226 762 eos
242 703 355 776 impetu
369 701 450 759 laeto
464 700 641 774 repulerunt
654 712 757 772 neque
777 697 873 758 finem
893 698 1048 774 sequendi
1062 696 1074 765 l

170 795 254 860 runt,
271 786 378 861 quoad
390 784 529 843 subsidio
545 780 654 842 confisi
669 782 807 857 aquilea,
830 797 902 842 cum
916 790 993 857 post
1005 784 1074 845 selo

170 888 226 930 nes
234 870 381 942 viderent,
391 866 573 942 praecipites
580 866 687 926 hostes
700 872 839 939 egerunt,
852 850 1074 943 magnoqueeil

171 971 296 1015 nurnero
312 953 470 1011 interfecto
487 965 589 1026 neque
603 948 652 1009 sui
667 949 832 1023 colligendi
843 964 949 1025 neque
961 946 1070 1011 eon‘'

170 1048 222 1099 aut
243 1055 282 1097 ex
303 1036 423 1096 essedis
446 1034 607 1094 desiliendi
628 1034 801 1093 facultatem
822 1034 986 1096 dederunt.
1033 1045 1070 1085 ιὰ

170 1126 243 1197 luga
264 1122 403 1196 protinus
425 1134 506 1193 quae
521 1118 658 1196 undique
674 1125 887 1177 convenerant
898 1118 1017 1179 auxilia
1036 1118 1066 1168 »i

171 1213 284 1277 serunt,
300 1219 402 1278 neque
416 1208 489 1276 pest
504 1202 535 1261 id
550 1210 670 1276 tempus
684 1216 832 1275 umquam
846 1202 976 1262 summis
988 1202 1068 1283 nell,-

170 1291 267 1365 eepiis
282 1290 387 1347 hostes
404 1286 636 1346 contenderunt.
1058 1286 1070 1349 ,¹

252 1372 359 1431 XVlll.
382 1370 494 1430 Caesar
510 1371 632 1444 cognito
650 1368 779 1430 consilio
795 1383 906 1429 eorum
920 1369 1063 1434 adllum

170 1456 277 1514 rnesirn
292 1456 322 1513 in
338 1455 415 1513 fines
432 1453 653 1514 Cassivellauni
668 1453 839 1511 exereitum
854 1453 961 1523 duxit;
1038 1479 1043 1504 ι

170 1554 237 1596 nien
255 1555 315 1596 uno
333 1539 455 1597 onnrine
470 1541 539 1597 loco
554 1537 701 1613 pedibus,
717 1544 810 1610 atque
824 1534 887 1596 hoe
899 1552 1011 1613 aegre,
1044 1614 1051 1621 .

170 1630 279 1696 potest.
294 1622 339 1680 Eo
356 1638 426 1681 eum
439 1622 585 1696 venisset,
600 1621 733 1680 animum
747 1620 881 1679 advertit
894 1621 937 1680 ad
950 1622 980 1681 al
1000 1644 1003 1652 ·
1031 1649 1034 1670 ι

169 1706 257 1764 urinis
273 1707 371 1779 ripam
386 1722 513 1779 magnas
529 1720 601 1764 esse
613 1704 719 1779 copias
731 1703 868 1763 hostium
879 1704 1060 1779 instructas&

169 1797 270 1848 :uitem
285 1796 349 1847 erat
365 1791 462 1848 acutis
478 1789 608 1849 sudibus
622 1787 769 1862 praefixis
785 1787 920 1862 munita,
946 1788 974 1847 ei
1002 1813 1025 1838 »ι
1041 1813 1059 1836 a

169 1873 290 1946 gereris
306 1872 364 1931 sub
380 1889 462 1945 aqua
477 1873 598 1931 defixae
612 1872 707 1931 sudes
722 1870 851 1930 ilumiue
864 1871 1055 1945 tegebantrrr.

169 1957 261 2015 rebus
285 1955 415 2029 cognitis
438 1972 456 2014 a
477 1956 605 2030 captivis
626 1955 829 2030 perfugisque
845 1954 961 2015 Caesar
973 1972 995 2031 p
1016 1979 1047 2006 si

168 2041 305 2114 equitatu
327 2039 487 2099 confestim
508 2039 646 2112 legiones
668 2038 819 2112 subsequi
834 2038 937 2099 iussit
967 2036 1029 2099 Sed
1048 2063 1065 2100 ιι

168 2126 285 2183 leritate
301 2130 399 2198 atque·
409 2138 445 2182 eo
461 2124 576 2196 impetu
590 2122 700 2181 nrilites
714 2122 830 2196 ierunt,
859 2138 931 2182 cum
952 2122 1057 2198 capita-

168 2225 207 2266 ex
220 2215 455 2282 aquaextarent,
468 2215 500 2267 ut
512 2207 617 2265 hostes
629 2205 773 2280 impeturn
785 2205 945 2279 legionum
954 2210 1048 2283 atque
1054 2209 1059 2284 ζ

170 2301 230 2350 trun
246 2292 399 2349 sustinere
413 2307 474 2351 non
489 2295 620 2365 possent
632 2290 781 2362 ripasque
796 2289 984 2349 dimitterent
996 2304 1033 2349 ac
1051 2360 1054 2365 ¹

168 2391 225 2448 gae
240 2374 431 2433 mandarent.
1047 2382 1054 2451 j

249 2457 327 2518 XIX.
353 2457 610 2530 Cassivellaunus,
619 2454 1005 2530 utsuprademonstmvim
1031 2474 1047 2506 ε

169 2541 311 2614 deposita
325 2558 381 2615 spe
395 2541 598 2601 contentionis
611 2539 745 2599 dimissis
757 2538 961 2613 amplioribus
972 2538 1054 2615 eep'

169 2624 247 2683 libus
263 2625 382 2684 circiter
398 2633 542 2698 quattuor
556 2623 783 2683 essedariorum
798 2623 935 2698 relicta,
960 2622 1048 2683 itinn

169 2715 232 2766 stra
250 2709 395 2768 servabat
414 2711 604 2783 paulumque
624 2722 663 2773 ex,
683 2707 734 2765 via
747 2705 921 2767 excedebat
936 2706 1046 2767 loeisv

171 2791 281 2865 peditis
303 2808 339 2850 ae
362 2792 555 2851 silvestribus
577 2805 648 2850 sese
658 2789 837 2850 occultabat
851 2796 947 2865 atque
960 2790 999 2851 iis

170 2876 243 2948 bus,
266 2875 379 2949 quibus
397 2891 455 2933 nos
471 2876 527 2934 iter
541 2877 677 2935 tacturos
692 2881 897 2949 cognoverat,
922 2888 1051 2951 pecora„

170 2959 307 3018 homines
323 2974 362 3016 ex
377 2958 459 3032 agris
475 2958 504 3017 in
520 2959 614 3019 silvas
630 2956 833 3030 compellebat
848 2965 888 3032 et,
905 2972 975 3017 eum
988 2974 1052 3036 eqq

169 3049 274 3101 noster
293 3041 418 3101 liberius
440 3042 610 3116 praedandi
626 3040 831 3115 vastandique
846 3056 944 3101 causa
957 3056 993 3101 se
1005 3047 1053 3103 mr

168 3127 315 3198 eiecerat,
342 3126 482 3187 omnibus
503 3126 561 3185 viis
583 3125 763 3199 semitisque
788 3124 967 3185 essedarios
992 3138 1051 3190 ett'q

169 3209 323 3268 emittebat
337 3216 366 3268 et
380 3225 490 3284 magno
506 3226 575 3270 oum
589 3210 726 3283 periculo
738 3215 917 3269 nostrormn
926 3204 1037 3284 equi'

168 3293 205 3352 iis
229 3291 413 3366 confligebat
433 3301 526 3369 atque
546 3294 606 3354 hoc
626 3300 709 3354 metu
723 3292 813 3351 letius
828 3292 936 3365 vagari
950 3290 1039 3368 [ἰνο1

168 3376 417 3453 Relinquebatur,
433 3378 704 3453 utnequelengius
720 3376 758 3435 ab
773 3375 896 3449 agmine

169 3462 235 3521 cedi
245 3461 357 3521 Caesar
367 3469 531 3536 pateretur,
547 3469 577 3520 et
591 3467 706 3521 tanturn
720 3460 751 3518 in
767 3458 849 3533 agris
863 3458 1024 3519 vastandis

169 3546 290 3620 diisque
305 3545 454 3606 iaciendis
469 3545 610 3607 hostibus
625 3554 796 3616 noceretur,
814 3549 963 3617 quantum
976 3540 1014 3601 lal

169 3646 229 3703 que
244 3630 350 3689 itinere
365 3632 523 3706 legionarii
539 3630 648 3689 milites
664 3629 788 3688 erficere
802 3633 955 3703 poteraut.

249 3711 313 3772 Η.
336 3714 458 3775 Interim
470 3714 687 3787 lrinobanteS,
716 3727 816 3786 prope
836 3710 1012 3771 firmissima

168 3791 326 3865 regionmn
341 3796 463 3872 civitas,
478 3814 519 3859 ex
533 3812 597 3873 qua
609 3794 849 3857 Mandubracius
864 3796 1012 3857 adulesee
