2272 4176
302 152 459 214 BELLUM
482 154 800 217 ALEXANDRINUM.
978 152 1039 217 331

60 310 145 371 vallo
160 314 347 384 castrorum,
362 308 464 367 aversi
479 324 518 369 ex
532 308 673 383 flumine,
694 308 726 369 in
741 327 801 386 quo
815 309 928 370 multae
942 325 1040 370 naves

61 400 233 456 instructae
249 393 452 454 funditoribus
469 402 499 454 et
511 394 675 469 sagittariis
687 402 811 455 nostros
823 395 1040 469 inpugnabant.

149 478 257 539 XXXI.
287 479 416 552 Caesar,
441 494 509 537 oum
524 480 642 538 videret
656 480 765 539 milites
781 479 883 539 aerius
898 480 1039 553 proeliari

63 581 124 626 uon
139 579 238 641 posse
252 579 310 622 nec
325 569 423 622 tamen
438 564 565 622 multum
576 562 685 639 proflei
698 571 823 638 propter
834 564 970 624 locorum
985 565 1040 623 dif-

63 651 231 710 ficultatem
254 662 384 722 euinque
406 648 537 706 animum
552 648 724 708 adverteret
738 649 983 707 excelsissimum
997 651 1041 707 lo·

64 751 133 794 eum
155 740 330 794 castrorum
349 733 487 791 relietum
510 747 581 791 esse
595 733 633 792 ab
649 733 883 806 Alexandrinis,
913 733 997 807 quod
1012 740 1042 791 et

65 835 119 894 per
135 834 171 878 se
186 818 321 877 munitus
337 822 435 889 esset,
462 824 491 874 et
511 816 612 876 studio
636 816 745 891 partim
760 817 917 892 pugnandi
934 817 1042 891 partim

65 902 226 978 spectandi
249 901 496 960 decucurrissent
516 901 546 959 in
569 916 638 959 eum
659 902 775 975 locum,
801 902 831 959 in
848 918 908 975 quo
924 916 1041 975 pugua-

66 989 167 1061 batur‚
197 985 340 1046 cohortes
362 986 414 1044 illo
437 984 596 1043 circumire
617 993 718 1045 eastra
733 992 763 1044 et
777 1002 927 1044 summurn
942 988 1042 1046 locum

65 1070 193 1146 adgredi
210 1070 299 1130 iussit
312 1069 413 1143 iisque
429 1068 621 1128 Carfulenum
641 1070 802 1144 praefecit,
830 1077 859 1129 et
873 1070 963 1128 animi
980 1086 1041 1129 ma·

64 1156 223 1231 gnitudine
239 1161 268 1213 et
282 1153 326 1212 rei
340 1153 475 1212 militaris
492 1154 619 1211 scientia
633 1154 730 1213 virum
743 1162 958 1228 praestantem
975 1154 1041 1227 Quo

65 1248 95 1300 ut
109 1246 238 1300 ventum
253 1244 308 1310 est,
325 1237 432 1312 paucis
449 1237 684 1296 defendentibus
701 1239 910 1311 munitionem,
927 1238 1041 1298 nostris

65 1332 172 1385 eontra
186 1322 330 1383 militibus
346 1321 492 1380 acerrime
508 1322 712 1395 pugnantibus
729 1324 851 1382 diverso
864 1324 998 1383 elamore
1013 1330 1043 1382 et

64 1410 183 1485 proelio
209 1406 358 1482 perterriti
372 1406 572 1465 Alexandrini
592 1407 780 1479 trepidantes
803 1407 832 1464 in
848 1422 954 1466 omnes
971 1423 1036 1481 par-

64 1502 108 1554 tes
132 1500 306 1553 castrorum
328 1490 500 1549 discurrere
523 1497 698 1563 coeperunt.
729 1491 862 1564 Quorum
884 1492 1040 1565 perturba-

64 1580 145 1638 tione
160 1584 336 1637 nostrorum
351 1573 442 1633 animi
458 1575 536 1633 adeo
553 1581 623 1633 sunt
634 1573 755 1648 incitati,
771 1582 804 1633 ut
820 1590 918 1649 paene
933 1576 1042 1636 eodem

64 1671 203 1736 tempore
219 1677 258 1719 ex
274 1658 415 1718 omnibus
430 1658 584 1732 partibus,
611 1658 698 1733 primi
720 1666 820 1717 tannen
843 1658 1041 1718 editissimum

65 1755 238 1807 castrorum
253 1746 353 1804 locum
369 1748 531 1817 caperent;
559 1757 598 1800 ex
612 1758 673 1817 quo
689 1742 886 1801 decurrentes
902 1759 1041 1817 magnam

63 1830 288 1891 multitudinem
302 1827 436 1887 hostium
452 1825 481 1885 in
498 1827 607 1886 castris
629 1826 854 1887 interfecerunt.
885 1826 973 1900 Quod
988 1842 1040 1901 pe·

63 1916 195 1975 riculum
219 1912 356 1989 plerique
377 1911 578 1970 Alexandrini
600 1912 751 1984 fugientes
772 1911 937 1970 acervatim
952 1927 987 1970 se
1003 1912 1042 1971 de

68 2002 144 2062 rallo
161 1996 401 2073 praecipitarunt
415 1996 445 2053 in
461 2011 526 2053 eam
543 2002 669 2069 partem,
686 2011 765 2069 quae
780 1994 895 2054 llunnni
911 2002 976 2054 erat
988 1995 1037 2054 ad·

64 2083 176 2143 iuncta.
221 2082 334 2141 Horum
361 2080 465 2154 primis
491 2080 519 2137 in
546 2081 615 2153 ipsa
636 2081 723 2138 fossa
744 2080 917 2140 munitionis
932 2095 1037 2153 magna

65 2170 154 2226 ruina
171 2166 332 2240 oppressis
349 2164 440 2222 ceteri
456 2164 623 2223 faciliorem
638 2165 740 2237 lugam
755 2164 935 2224 habuerunt.
963 2165 1036 2225 Con-

65 2261 124 2312 stat
146 2251 266 2325 fugisse
288 2265 327 2307 ex
350 2248 457 2307 castris
472 2263 576 2321 regem
591 2249 692 2322 ipsum
708 2256 927 2323 receptumque
943 2249 973 2306 in
988 2264 1037 2307 na-

65 2353 131 2395 vem
147 2334 339 2394 multitudine
355 2349 475 2403 eornrn,
504 2333 555 2405 qui
579 2334 615 2392 ad
631 2333 786 2406 proximas
803 2348 900 2391 naves
917 2334 1028 2392 adnata

63 2422 144 2491 bant,
164 2419 305 2478 demerso
321 2417 441 2490 narigio
459 2416 586 2489 perisse,

147 2502 266 2562 XXXll.
284 2503 326 2560 lte
339 2500 513 2558 felicissime
522 2501 739 2573 celerrimeque
754 2505 841 2573 gesta
853 2499 965 2558 Caesar
978 2515 1040 2557 ma·

63 2606 142 2663 gnae
163 2587 310 2645 victoriae
333 2585 445 2643 fiducia
467 2584 604 2656 proximo
627 2585 761 2642 terrestri
783 2583 889 2642 itinere
905 2585 1039 2642 Alexan-

63 2675 170 2732 dream
186 2688 255 2730 eum
276 2669 430 2743 equitibus
447 2668 601 2727 contendit
615 2676 706 2742 atque
722 2684 759 2727 ea
775 2673 860 2741 parte
876 2667 982 2741 oppidi
995 2666 1039 2725 vi·

64 2767 129 2818 ctor
151 2755 279 2827 introiit,
308 2768 387 2827 quae
410 2751 564 2826 praesidio
580 2752 712 2811 hostium
728 2752 894 2811 tenebatur.
933 2752 1041 2825 Neque

63 2858 131 2901 enm
149 2839 310 2900 eonsilium
326 2854 413 2897 snum
430 2835 549 2909 fefellit,
578 2837 651 2910 quin
673 2836 778 2895 hostes
800 2851 836 2893 eo
855 2835 971 2910 proelio
987 2851 1039 2894 au-

64 2928 126 2986 dito
149 2925 222 2983 nillil
245 2923 303 2981 iarn
325 2923 363 2979 de
386 2922 465 2979 bello
482 2926 587 2977 essent
602 2920 772 2994 cogitaturi.
801 2919 932 2993 Dignum
949 2918 1040 2977 adre-

64 3012 152 3070 niens
169 3010 298 3067 fructum
314 3006 431 3064 virtutis
448 3012 477 3063 et
492 3003 582 3061 animi
596 3004 813 3078 magnitudinis
829 3004 904 3062 tulit.
936 3001 1040 3062 Omnis

63 3095 144 3154 enirn
165 3092 325 3151 multitudo
348 3090 573 3164 oppidanorum
594 3089 686 3147 armis
704 3088 850 3164 proiectis
865 3086 1039 3146 munitioni·

63 3180 184 3254 busque
206 3177 272 3235 suis
293 3175 406 3234 relictis
421 3179 509 3233 reste
524 3187 561 3231 ea
582 3180 713 3248 sumpta,
726 3189 787 3248 qua
806 3173 963 3246 supplices
986 3171 1034 3232 do·

61 3266 213 3323 minantes
231 3259 390 3335 deprecari
407 3264 609 3331 consuerunt,
634 3258 796 3332 sacrisque
813 3256 952 3316 omnibus
969 3272 1034 3330 pro·

62 3349 141 3419 latis,
158 3362 291 3423 quorum
305 3343 452 3417 religione
466 3342 585 3417 precari
601 3342 739 3403 offensos
754 3340 909 3416 iratosque
921 3341 1039 3401 animos

62 3448 169 3511 regum
186 3436 275 3492 erant
288 3429 383 3504 soliti,
405 3427 577 3488 advenienti
592 3427 715 3489 Caesari
730 3434 932 3489 occurrerunt
942 3442 1047 3502 sequa
