<?xml version="1.0" encoding="UTF-8"?>
<!DOCTYPE html PUBLIC "-//W3C//DTD XHTML 1.0 Transitional//EN"
    "http://www.w3.org/TR/xhtml1/DTD/xhtml1-transitional.dtd">
<html xmlns="http://www.w3.org/1999/xhtml" xml:lang="en" lang="en">
 <head>
  <title>
</title>
<meta http-equiv="Content-Type" content="text/html;charset=utf-8" />
  <meta name='ocr-system' content='tesseract 3.04.00' />
  <meta name='ocr-capabilities' content='ocr_page ocr_carea ocr_par ocr_line ocrx_word'/>
</head>
<body>
  <div class='ocr_page' id='page_1' title='image "./commentarii00caesgoog_0067.png"; bbox 0 0 2272 4176; ppageno 0'>
   <div class='ocr_carea' id='block_1_1' title="bbox 318 39 1085 389">
    <p class='ocr_par' dir='ltr' id='par_1_1' title="bbox 318 39 1085 493">
     <span class='ocr_line' id='line_1_1' title="bbox 318 39 1085 389; baseline -0.001 -49"><span class='ocrx_word' id='word_1_1' title='bbox 318 39 1085 389; x_wconf 73' lang='grc'>1-</span> 
     </span>
    </p>
   </div>
   <div class='ocr_carea' id='block_1_2' title="bbox 71 501 746 565">
    <p class='ocr_par' dir='ltr' id='par_1_2' title="bbox 71 501 746 565">
     <span class='ocr_line' id='line_1_2' title="bbox 71 501 746 565; baseline -0.003 -1"><span class='ocrx_word' id='word_1_2' title='bbox 71 501 112 564; x_wconf 76' lang='grc'>54</span> <span class='ocrx_word' id='word_1_3' title='bbox 365 503 415 564; x_wconf 80' lang='lat' dir='ltr'>DE</span> <span class='ocrx_word' id='word_1_4' title='bbox 433 502 558 565; x_wconf 84' lang='lat' dir='ltr'>BELLO</span> <span class='ocrx_word' id='word_1_5' title='bbox 583 501 746 564; x_wconf 84' lang='lat' dir='ltr'><strong>GALLICO</strong></span> 
     </span>
    </p>
   </div>
   <div class='ocr_carea' id='block_1_3' title="bbox 63 656 1083 3861">
    <p class='ocr_par' dir='ltr' id='par_1_3' title="bbox 67 656 1083 1997">
     <span class='ocr_line' id='line_1_3' title="bbox 71 656 1041 743; baseline 0.002 -25"><span class='ocrx_word' id='word_1_6' title='bbox 71 656 209 718; x_wconf 89' lang='lat' dir='ltr'>timorem</span> <span class='ocrx_word' id='word_1_7' title='bbox 215 659 424 720; x_wconf 86' lang='lat' dir='ltr'>Romanorum</span> <span class='ocrx_word' id='word_1_8' title='bbox 436 656 590 735; x_wconf 83' lang='lat' dir='ltr'>proponit,</span> <span class='ocrx_word' id='word_1_9' title='bbox 607 656 716 731; x_wconf 92' lang='lat' dir='ltr'>quibus</span> <span class='ocrx_word' id='word_1_10' title='bbox 729 656 878 743; x_wconf 75' lang='lat' dir='ltr'>angustiis</span> <span class='ocrx_word' id='word_1_11' title='bbox 890 658 960 734; x_wconf 87' lang='lat' dir='ltr'>ipse</span> <span class='ocrx_word' id='word_1_12' title='bbox 971 658 1041 720; x_wconf 84' lang='lat' dir='ltr'>cae·</span> 
     </span>
     <span class='ocr_line' id='line_1_4' title="bbox 71 741 1043 820; baseline 0.003 -19"><span class='ocrx_word' id='word_1_13' title='bbox 71 758 123 801; x_wconf 89' lang='lat' dir='ltr'>sar</span> <span class='ocrx_word' id='word_1_14' title='bbox 138 741 291 804; x_wconf 89' lang='lat' dir='ltr'>aVenetis</span> <span class='ocrx_word' id='word_1_15' title='bbox 306 744 574 818; x_wconf 68' lang='lat' dir='ltr'>prematurdocet</span> <span class='ocrx_word' id='word_1_16' title='bbox 589 755 691 815; x_wconf 91' lang='lat' dir='ltr'>neque</span> <span class='ocrx_word' id='word_1_17' title='bbox 704 741 827 816; x_wconf 88' lang='lat' dir='ltr'>longius</span> <span class='ocrx_word' id='word_1_18' title='bbox 844 741 958 803; x_wconf 86' lang='lat' dir='ltr'>abesse</span> <span class='ocrx_word' id='word_1_19' title='bbox 973 742 1043 820; x_wconf 89' lang='lat' dir='ltr'>quin</span> 
     </span>
     <span class='ocr_line' id='line_1_5' title="bbox 72 824 1045 901; baseline 0.006 -16"><span class='ocrx_word' id='word_1_20' title='bbox 72 827 213 901; x_wconf 86' lang='lat' dir='ltr'>proxima</span> <span class='ocrx_word' id='word_1_21' title='bbox 226 834 317 890; x_wconf 91' lang='lat' dir='ltr'>nocte</span> <span class='ocrx_word' id='word_1_22' title='bbox 334 827 465 888; x_wconf 88' lang='lat' dir='ltr'>Sabinus</span> <span class='ocrx_word' id='word_1_23' title='bbox 481 827 559 885; x_wconf 88' lang='lat' dir='ltr'>clam</span> <span class='ocrx_word' id='word_1_24' title='bbox 573 840 613 884; x_wconf 88' lang='lat' dir='ltr'>ex</span> <span class='ocrx_word' id='word_1_25' title='bbox 628 825 738 885; x_wconf 91' lang='lat' dir='ltr'>castris</span> <span class='ocrx_word' id='word_1_26' title='bbox 754 824 922 887; x_wconf 88' lang='lat' dir='ltr'>exercitum</span> <span class='ocrx_word' id='word_1_27' title='bbox 935 828 1045 891; x_wconf 86' lang='lat' dir='ltr'>educat</span> 
     </span>
     <span class='ocr_line' id='line_1_6' title="bbox 70 908 1077 986; baseline 0.004 -16"><span class='ocrx_word' id='word_1_28' title='bbox 70 913 155 972; x_wconf 91' lang='lat' dir='ltr'>etad</span> <span class='ocrx_word' id='word_1_29' title='bbox 171 911 334 974; x_wconf 84' lang='lat' dir='ltr'>Caesarem</span> <span class='ocrx_word' id='word_1_30' title='bbox 350 911 452 972; x_wconf 84' lang='lat' dir='ltr'>auxilii</span> <span class='ocrx_word' id='word_1_31' title='bbox 467 908 583 968; x_wconf 88' lang='lat' dir='ltr'>lerendi</span> <span class='ocrx_word' id='word_1_32' title='bbox 599 925 694 969; x_wconf 89' lang='lat' dir='ltr'>causa</span> <span class='ocrx_word' id='word_1_33' title='bbox 708 909 933 984; x_wconf 83' lang='lat' dir='ltr'>proficiscatur.</span> <span class='ocrx_word' id='word_1_34' title='bbox 957 911 1044 986; x_wconf 79' lang='lat' dir='ltr'>Quod</span> <span class='ocrx_word' id='word_1_35' title='bbox 1073 972 1077 979; x_wconf 91' lang='grc'>,</span> 
     </span>
     <span class='ocr_line' id='line_1_7' title="bbox 69 995 1041 1071; baseline 0.003 -17"><span class='ocrx_word' id='word_1_36' title='bbox 69 996 121 1055; x_wconf 93' lang='lat' dir='ltr'>ubi</span> <span class='ocrx_word' id='word_1_37' title='bbox 143 997 277 1057; x_wconf 91' lang='lat' dir='ltr'>auditum</span> <span class='ocrx_word' id='word_1_38' title='bbox 299 1003 360 1069; x_wconf 90' lang='lat' dir='ltr'>est,</span> <span class='ocrx_word' id='word_1_39' title='bbox 388 995 579 1054; x_wconf 89' lang='lat' dir='ltr'>conclamant</span> <span class='ocrx_word' id='word_1_40' title='bbox 595 1009 701 1055; x_wconf 89' lang='lat' dir='ltr'>omnes</span> <span class='ocrx_word' id='word_1_41' title='bbox 718 995 914 1055; x_wconf 80' lang='lat' dir='ltr'>occasionem</span> <span class='ocrx_word' id='word_1_42' title='bbox 930 997 1041 1071; x_wconf 90' lang='lat' dir='ltr'>negotii</span> 
     </span>
     <span class='ocr_line' id='line_1_8' title="bbox 69 1079 1036 1155; baseline 0.001 -16"><span class='ocrx_word' id='word_1_43' title='bbox 69 1080 150 1140; x_wconf 90' lang='lat' dir='ltr'>bene</span> <span class='ocrx_word' id='word_1_44' title='bbox 171 1081 298 1154; x_wconf 88' lang='lat' dir='ltr'>gerendi</span> <span class='ocrx_word' id='word_1_45' title='bbox 320 1079 514 1138; x_wconf 90' lang='lat' dir='ltr'>amittendam</span> <span class='ocrx_word' id='word_1_46' title='bbox 536 1094 597 1138; x_wconf 91' lang='lat' dir='ltr'>non</span> <span class='ocrx_word' id='word_1_47' title='bbox 614 1093 701 1152; x_wconf 89' lang='lat' dir='ltr'>esse,</span> <span class='ocrx_word' id='word_1_48' title='bbox 729 1079 767 1138; x_wconf 90' lang='lat' dir='ltr'>ad</span> <span class='ocrx_word' id='word_1_49' title='bbox 783 1085 886 1139; x_wconf 92' lang='lat' dir='ltr'>castra</span> <span class='ocrx_word' id='word_1_50' title='bbox 899 1080 935 1140; x_wconf 94' lang='lat' dir='ltr'>iri</span> <span class='ocrx_word' id='word_1_51' title='bbox 951 1096 1036 1155; x_wconf 90' lang='lat' dir='ltr'>opor·</span> 
     </span>
     <span class='ocr_line' id='line_1_9' title="bbox 71 1161 1027 1226; baseline 0.001 -3"><span class='ocrx_word' id='word_1_52' title='bbox 71 1171 144 1225; x_wconf 88' lang='lat' dir='ltr'>tere.</span> <span class='ocrx_word' id='word_1_53' title='bbox 184 1164 296 1225; x_wconf 80' lang='lat' dir='ltr'>Multae</span> <span class='ocrx_word' id='word_1_54' title='bbox 315 1178 366 1222; x_wconf 91' lang='lat' dir='ltr'>res</span> <span class='ocrx_word' id='word_1_55' title='bbox 388 1164 428 1222; x_wconf 93' lang='lat' dir='ltr'>ad</span> <span class='ocrx_word' id='word_1_56' title='bbox 448 1162 508 1222; x_wconf 93' lang='lat' dir='ltr'>hoc</span> <span class='ocrx_word' id='word_1_57' title='bbox 530 1162 691 1224; x_wconf 90' lang='lat' dir='ltr'>consilium</span> <span class='ocrx_word' id='word_1_58' title='bbox 708 1163 811 1223; x_wconf 80' lang='lat' dir='ltr'>Gallos</span> <span class='ocrx_word' id='word_1_59' title='bbox 827 1161 1027 1226; x_wconf 79' lang='lat' dir='ltr'>hortabantur</span> 
     </span>
     <span class='ocr_line' id='line_1_10' title="bbox 71 1247 1040 1324; baseline 0 -15"><span class='ocrx_word' id='word_1_60' title='bbox 71 1249 263 1324; x_wconf 87' lang='lat' dir='ltr'>superiorum</span> <span class='ocrx_word' id='word_1_61' title='bbox 278 1248 393 1306; x_wconf 89' lang='lat' dir='ltr'>dierum</span> <span class='ocrx_word' id='word_1_62' title='bbox 411 1247 516 1307; x_wconf 86' lang='lat' dir='ltr'>Sabini</span> <span class='ocrx_word' id='word_1_63' title='bbox 532 1247 698 1321; x_wconf 90' lang='lat' dir='ltr'>cunctatio,</span> <span class='ocrx_word' id='word_1_64' title='bbox 716 1248 864 1322; x_wconf 79' lang='lat' dir='ltr'>perfugae</span> <span class='ocrx_word' id='word_1_65' title='bbox 881 1249 1040 1309; x_wconf 87' lang='lat' dir='ltr'>conflrma-</span> 
     </span>
     <span class='ocr_line' id='line_1_11' title="bbox 71 1331 1042 1408; baseline 0.001 -16"><span class='ocrx_word' id='word_1_66' title='bbox 71 1333 120 1408; x_wconf 90' lang='lat' dir='ltr'>tio‚</span> <span class='ocrx_word' id='word_1_67' title='bbox 136 1334 240 1407; x_wconf 92' lang='lat' dir='ltr'>inopia</span> <span class='ocrx_word' id='word_1_68' title='bbox 254 1331 445 1405; x_wconf 82' lang='lat' dir='ltr'>cibariorum,</span> <span class='ocrx_word' id='word_1_69' title='bbox 463 1332 510 1390; x_wconf 90' lang='lat' dir='ltr'>cui</span> <span class='ocrx_word' id='word_1_70' title='bbox 525 1333 569 1392; x_wconf 89' lang='lat' dir='ltr'>rei</span> <span class='ocrx_word' id='word_1_71' title='bbox 585 1347 693 1407; x_wconf 90' lang='lat' dir='ltr'>parum</span> <span class='ocrx_word' id='word_1_72' title='bbox 705 1331 866 1405; x_wconf 88' lang='lat' dir='ltr'>diligenter</span> <span class='ocrx_word' id='word_1_73' title='bbox 877 1332 917 1392; x_wconf 92' lang='lat' dir='ltr'>ab</span> <span class='ocrx_word' id='word_1_74' title='bbox 929 1333 967 1393; x_wconf 91' lang='lat' dir='ltr'>iis</span> <span class='ocrx_word' id='word_1_75' title='bbox 979 1340 1042 1394; x_wconf 88' lang='lat' dir='ltr'>orat</span> 
     </span>
     <span class='ocr_line' id='line_1_12' title="bbox 69 1415 1041 1491; baseline 0.001 -15"><span class='ocrx_word' id='word_1_76' title='bbox 69 1418 236 1491; x_wconf 90' lang='lat' dir='ltr'>provisum,</span> <span class='ocrx_word' id='word_1_77' title='bbox 252 1431 325 1491; x_wconf 89' lang='lat' dir='ltr'>spes</span> <span class='ocrx_word' id='word_1_78' title='bbox 338 1416 477 1476; x_wconf 82' lang='lat' dir='ltr'>Venetici</span> <span class='ocrx_word' id='word_1_79' title='bbox 492 1416 563 1476; x_wconf 92' lang='lat' dir='ltr'>belli</span> <span class='ocrx_word' id='word_1_80' title='bbox 579 1424 608 1476; x_wconf 91' lang='lat' dir='ltr'>et</span> <span class='ocrx_word' id='word_1_81' title='bbox 624 1416 706 1490; x_wconf 92' lang='lat' dir='ltr'>quod</span> <span class='ocrx_word' id='word_1_82' title='bbox 721 1417 786 1474; x_wconf 88' lang='lat' dir='ltr'>iere</span> <span class='ocrx_word' id='word_1_83' title='bbox 800 1415 931 1476; x_wconf 83' lang='lat' dir='ltr'>libenter</span> <span class='ocrx_word' id='word_1_84' title='bbox 945 1417 1041 1477; x_wconf 89' lang='lat' dir='ltr'>homi·</span> 
     </span>
     <span class='ocr_line' id='line_1_13' title="bbox 69 1500 1083 1579; baseline 0.003 -20"><span class='ocrx_word' id='word_1_85' title='bbox 69 1517 124 1561; x_wconf 90' lang='lat' dir='ltr'>nes</span> <span class='ocrx_word' id='word_1_86' title='bbox 140 1501 170 1559; x_wconf 94' lang='lat' dir='ltr'>id</span> <span class='ocrx_word' id='word_1_87' title='bbox 187 1501 270 1575; x_wconf 93' lang='lat' dir='ltr'>quod</span> <span class='ocrx_word' id='word_1_88' title='bbox 285 1502 389 1560; x_wconf 92' lang='lat' dir='ltr'>volunt</span> <span class='ocrx_word' id='word_1_89' title='bbox 405 1502 540 1561; x_wconf 87' lang='lat' dir='ltr'>credunt.</span> <span class='ocrx_word' id='word_1_90' title='bbox 563 1501 617 1560; x_wconf 93' lang='lat' dir='ltr'>His</span> <span class='ocrx_word' id='word_1_91' title='bbox 633 1500 726 1560; x_wconf 90' lang='lat' dir='ltr'>rebus</span> <span class='ocrx_word' id='word_1_92' title='bbox 741 1500 864 1560; x_wconf 90' lang='lat' dir='ltr'>adducti</span> <span class='ocrx_word' id='word_1_93' title='bbox 878 1517 941 1561; x_wconf 94' lang='lat' dir='ltr'>non</span> <span class='ocrx_word' id='word_1_94' title='bbox 956 1502 1040 1576; x_wconf 90' lang='lat' dir='ltr'>prius</span> <span class='ocrx_word' id='word_1_95' title='bbox 1071 1564 1083 1579; x_wconf 59' lang='grc'>,</span> 
     </span>
     <span class='ocr_line' id='line_1_14' title="bbox 67 1583 1040 1660; baseline 0.003 -17"><span class='ocrx_word' id='word_1_96' title='bbox 67 1584 274 1644; x_wconf 87' lang='lat' dir='ltr'>Viridovicem</span> <span class='ocrx_word' id='word_1_97' title='bbox 306 1585 504 1660; x_wconf 91' lang='lat' dir='ltr'>reliquosque</span> <span class='ocrx_word' id='word_1_98' title='bbox 536 1585 631 1644; x_wconf 90' lang='lat' dir='ltr'>duces</span> <span class='ocrx_word' id='word_1_99' title='bbox 660 1600 698 1643; x_wconf 86' lang='lat' dir='ltr'>ex</span> <span class='ocrx_word' id='word_1_100' title='bbox 725 1583 854 1644; x_wconf 90' lang='lat' dir='ltr'>concilio</span> <span class='ocrx_word' id='word_1_101' title='bbox 882 1585 1040 1658; x_wconf 90' lang='lat' dir='ltr'>dimittunt,</span> 
     </span>
     <span class='ocr_line' id='line_1_15' title="bbox 70 1668 1040 1744; baseline 0.003 -17"><span class='ocrx_word' id='word_1_102' title='bbox 70 1685 159 1744; x_wconf 89' lang='lat' dir='ltr'>quarn</span> <span class='ocrx_word' id='word_1_103' title='bbox 176 1669 213 1728; x_wconf 91' lang='lat' dir='ltr'>ab</span> <span class='ocrx_word' id='word_1_104' title='bbox 229 1669 276 1728; x_wconf 89' lang='lat' dir='ltr'>his</span> <span class='ocrx_word' id='word_1_105' title='bbox 293 1670 332 1729; x_wconf 91' lang='lat' dir='ltr'>sit</span> <span class='ocrx_word' id='word_1_106' title='bbox 347 1685 539 1742; x_wconf 88' lang='lat' dir='ltr'>concessum,</span> <span class='ocrx_word' id='word_1_107' title='bbox 556 1685 640 1728; x_wconf 87' lang='lat' dir='ltr'>arma</span> <span class='ocrx_word' id='word_1_108' title='bbox 654 1668 695 1728; x_wconf 93' lang='lat' dir='ltr'>uti</span> <span class='ocrx_word' id='word_1_109' title='bbox 712 1668 835 1742; x_wconf 88' lang='lat' dir='ltr'>capiant</span> <span class='ocrx_word' id='word_1_110' title='bbox 846 1676 876 1730; x_wconf 92' lang='lat' dir='ltr'>et</span> <span class='ocrx_word' id='word_1_111' title='bbox 887 1670 927 1729; x_wconf 90' lang='lat' dir='ltr'>ad</span> <span class='ocrx_word' id='word_1_112' title='bbox 940 1676 1040 1730; x_wconf 85' lang='lat' dir='ltr'>castra</span> 
     </span>
     <span class='ocr_line' id='line_1_16' title="bbox 69 1752 1039 1827; baseline 0 -15"><span class='ocrx_word' id='word_1_113' title='bbox 69 1753 262 1813; x_wconf 89' lang='lat' dir='ltr'>contendant.</span> <span class='ocrx_word' id='word_1_114' title='bbox 294 1753 359 1827; x_wconf 82' lang='lat' dir='ltr'>Qua</span> <span class='ocrx_word' id='word_1_115' title='bbox 380 1770 414 1813; x_wconf 92' lang='lat' dir='ltr'>re</span> <span class='ocrx_word' id='word_1_116' title='bbox 436 1768 588 1814; x_wconf 86' lang='lat' dir='ltr'>concessa</span> <span class='ocrx_word' id='word_1_117' title='bbox 602 1752 672 1813; x_wconf 91' lang='lat' dir='ltr'>laeti</span> <span class='ocrx_word' id='word_1_118' title='bbox 688 1760 721 1813; x_wconf 92' lang='lat' dir='ltr'>ut</span> <span class='ocrx_word' id='word_1_119' title='bbox 735 1754 899 1826; x_wconf 88' lang='lat' dir='ltr'>explorata</span> <span class='ocrx_word' id='word_1_120' title='bbox 912 1753 1039 1814; x_wconf 84' lang='lat' dir='ltr'>victorio</span> 
     </span>
     <span class='ocr_line' id='line_1_17' title="bbox 68 1836 1038 1913; baseline 0.003 -17"><span class='ocrx_word' id='word_1_121' title='bbox 68 1837 229 1897; x_wconf 83' lang='lat' dir='ltr'>sarmentis</span> <span class='ocrx_word' id='word_1_122' title='bbox 247 1838 448 1913; x_wconf 78' lang='lat' dir='ltr'>virgultisque</span> <span class='ocrx_word' id='word_1_123' title='bbox 464 1838 615 1911; x_wconf 89' lang='lat' dir='ltr'>collectis,</span> <span class='ocrx_word' id='word_1_124' title='bbox 639 1836 750 1912; x_wconf 91' lang='lat' dir='ltr'>quibus</span> <span class='ocrx_word' id='word_1_125' title='bbox 767 1837 870 1897; x_wconf 81' lang='lat' dir='ltr'>fossas</span> <span class='ocrx_word' id='word_1_126' title='bbox 885 1839 1038 1899; x_wconf 87' lang='lat' dir='ltr'>Romano·</span> 
     </span>
     <span class='ocr_line' id='line_1_18' title="bbox 67 1924 654 1997; baseline -0.002 -17"><span class='ocrx_word' id='word_1_127' title='bbox 67 1938 133 1980; x_wconf 91' lang='lat' dir='ltr'>rum</span> <span class='ocrx_word' id='word_1_128' title='bbox 149 1924 330 1997; x_wconf 86' lang='lat' dir='ltr'>compleant,</span> <span class='ocrx_word' id='word_1_129' title='bbox 347 1924 386 1983; x_wconf 89' lang='lat' dir='ltr'>ad</span> <span class='ocrx_word' id='word_1_130' title='bbox 401 1931 502 1984; x_wconf 88' lang='lat' dir='ltr'>castra</span> <span class='ocrx_word' id='word_1_131' title='bbox 517 1927 654 1996; x_wconf 90' lang='lat' dir='ltr'>pergunt.</span> 
     </span>
    </p>

    <p class='ocr_par' dir='ltr' id='par_1_4' title="bbox 65 2004 1067 3587">
     <span class='ocr_line' id='line_1_19' title="bbox 146 2004 1040 2079; baseline 0.003 -13"><span class='ocrx_word' id='word_1_132' title='bbox 146 2005 223 2066; x_wconf 88' lang='lat' dir='ltr'>XIX.</span> <span class='ocrx_word' id='word_1_133' title='bbox 246 2007 347 2069; x_wconf 89' lang='lat' dir='ltr'>Locus</span> <span class='ocrx_word' id='word_1_134' title='bbox 360 2015 425 2068; x_wconf 89' lang='lat' dir='ltr'>erat</span> <span class='ocrx_word' id='word_1_135' title='bbox 436 2015 605 2068; x_wconf 90' lang='lat' dir='ltr'>castrorum</span> <span class='ocrx_word' id='word_1_136' title='bbox 617 2005 715 2066; x_wconf 88' lang='lat' dir='ltr'>editus</span> <span class='ocrx_word' id='word_1_137' title='bbox 727 2012 757 2064; x_wconf 98' lang='grc' dir='ltr'><strong>ει</strong></span> <span class='ocrx_word' id='word_1_138' title='bbox 769 2004 915 2079; x_wconf 86' lang='lat' dir='ltr'>paulatim</span> <span class='ocrx_word' id='word_1_139' title='bbox 928 2006 967 2066; x_wconf 71' lang='lat' dir='ltr'>ai&gt;</span> <span class='ocrx_word' id='word_1_140' title='bbox 980 2007 1040 2069; x_wconf 93' lang='lat' dir='ltr'>imo</span> 
     </span>
     <span class='ocr_line' id='line_1_20' title="bbox 67 2086 1039 2168; baseline 0.003 -19"><span class='ocrx_word' id='word_1_141' title='bbox 67 2090 195 2151; x_wconf 87' lang='lat' dir='ltr'>adclivis</span> <span class='ocrx_word' id='word_1_142' title='bbox 218 2092 338 2153; x_wconf 87' lang='lat' dir='ltr'>circiter</span> <span class='ocrx_word' id='word_1_143' title='bbox 359 2109 473 2168; x_wconf 90' lang='lat' dir='ltr'>passus</span> <span class='ocrx_word' id='word_1_144' title='bbox 494 2086 562 2151; x_wconf 85' lang='lat' dir='ltr'>mili</span> <span class='ocrx_word' id='word_1_145' title='bbox 578 2136 584 2148; x_wconf 94' lang='lat'>.</span> <span class='ocrx_word' id='word_1_146' title='bbox 637 2091 704 2149; x_wconf 89' lang='lat' dir='ltr'>Huc</span> <span class='ocrx_word' id='word_1_147' title='bbox 724 2105 835 2164; x_wconf 90' lang='lat' dir='ltr'>magno</span> <span class='ocrx_word' id='word_1_148' title='bbox 858 2105 953 2150; x_wconf 89' lang='lat' dir='ltr'>cursu</span> <span class='ocrx_word' id='word_1_149' title='bbox 968 2108 1039 2152; x_wconf 89' lang='lat' dir='ltr'>con·</span> 
     </span>
     <span class='ocr_line' id='line_1_21' title="bbox 68 2173 1038 2252; baseline 0.003 -19"><span class='ocrx_word' id='word_1_150' title='bbox 68 2175 236 2251; x_wconf 88' lang='lat' dir='ltr'>tenderunt,</span> <span class='ocrx_word' id='word_1_151' title='bbox 252 2186 285 2237; x_wconf 96' lang='lat' dir='ltr'>ut</span> <span class='ocrx_word' id='word_1_152' title='bbox 301 2195 390 2252; x_wconf 91' lang='lat' dir='ltr'>quam</span> <span class='ocrx_word' id='word_1_153' title='bbox 405 2176 559 2237; x_wconf 89' lang='lat' dir='ltr'>minimum</span> <span class='ocrx_word' id='word_1_154' title='bbox 576 2175 665 2250; x_wconf 88' lang='lat' dir='ltr'>spatii</span> <span class='ocrx_word' id='word_1_155' title='bbox 681 2174 718 2233; x_wconf 90' lang='lat' dir='ltr'>ad</span> <span class='ocrx_word' id='word_1_156' title='bbox 735 2189 769 2232; x_wconf 88' lang='lat' dir='ltr'>se</span> <span class='ocrx_word' id='word_1_157' title='bbox 785 2173 976 2247; x_wconf 89' lang='lat' dir='ltr'>colligendos</span> <span class='ocrx_word' id='word_1_158' title='bbox 992 2193 1038 2236; x_wconf 89' lang='lat' dir='ltr'>ar·</span> 
     </span>
     <span class='ocr_line' id='line_1_22' title="bbox 67 2258 1038 2336; baseline 0.006 -20"><span class='ocrx_word' id='word_1_159' title='bbox 67 2261 261 2336; x_wconf 87' lang='lat' dir='ltr'>mandesque</span> <span class='ocrx_word' id='word_1_160' title='bbox 274 2262 421 2321; x_wconf 88' lang='lat' dir='ltr'>Romanis</span> <span class='ocrx_word' id='word_1_161' title='bbox 437 2263 568 2333; x_wconf 90' lang='lat' dir='ltr'>daretur,</span> <span class='ocrx_word' id='word_1_162' title='bbox 584 2258 808 2333; x_wconf 87' lang='lat' dir='ltr'>exanimatique</span> <span class='ocrx_word' id='word_1_163' title='bbox 823 2271 1038 2332; x_wconf 84' lang='lat' dir='ltr'>pervenerunt</span> 
     </span>
     <span class='ocr_line' id='line_1_23' title="bbox 68 2342 1039 2418; baseline 0.004 -16"><span class='ocrx_word' id='word_1_164' title='bbox 68 2342 201 2405; x_wconf 90' lang='lat' dir='ltr'>Sabinus</span> <span class='ocrx_word' id='word_1_165' title='bbox 217 2360 291 2403; x_wconf 92' lang='lat' dir='ltr'>suos</span> <span class='ocrx_word' id='word_1_166' title='bbox 306 2346 443 2405; x_wconf 88' lang='lat' dir='ltr'>hortatus</span> <span class='ocrx_word' id='word_1_167' title='bbox 461 2343 652 2418; x_wconf 90' lang='lat' dir='ltr'>cupientibus</span> <span class='ocrx_word' id='word_1_168' title='bbox 668 2342 787 2416; x_wconf 91' lang='lat' dir='ltr'>signum</span> <span class='ocrx_word' id='word_1_169' title='bbox 804 2342 864 2401; x_wconf 91' lang='lat' dir='ltr'>dat.</span> <span class='ocrx_word' id='word_1_170' title='bbox 891 2343 1039 2418; x_wconf 86' lang='lat' dir='ltr'>Inpeditis</span> 
     </span>
     <span class='ocr_line' id='line_1_24' title="bbox 68 2425 1039 2502; baseline 0.004 -15"><span class='ocrx_word' id='word_1_171' title='bbox 68 2429 208 2489; x_wconf 88' lang='lat' dir='ltr'>nostibus</span> <span class='ocrx_word' id='word_1_172' title='bbox 230 2436 358 2502; x_wconf 90' lang='lat' dir='ltr'>propter</span> <span class='ocrx_word' id='word_1_173' title='bbox 380 2442 417 2486; x_wconf 90' lang='lat' dir='ltr'>ea</span> <span class='ocrx_word' id='word_1_174' title='bbox 439 2442 517 2502; x_wconf 89' lang='lat' dir='ltr'>quae</span> <span class='ocrx_word' id='word_1_175' title='bbox 532 2426 670 2486; x_wconf 79' lang='lat' dir='ltr'>serebant</span> <span class='ocrx_word' id='word_1_176' title='bbox 686 2442 780 2486; x_wconf 89' lang='lat' dir='ltr'>onera</span> <span class='ocrx_word' id='word_1_177' title='bbox 795 2425 895 2486; x_wconf 89' lang='lat' dir='ltr'>subito</span> <span class='ocrx_word' id='word_1_178' title='bbox 918 2429 1039 2491; x_wconf 88' lang='lat' dir='ltr'>duabus</span> 
     </span>
     <span class='ocr_line' id='line_1_25' title="bbox 68 2509 1067 2588; baseline 0.002 -16"><span class='ocrx_word' id='word_1_179' title='bbox 68 2513 163 2588; x_wconf 91' lang='lat' dir='ltr'>portis</span> <span class='ocrx_word' id='word_1_180' title='bbox 187 2513 379 2586; x_wconf 89' lang='lat' dir='ltr'>eruptionem</span> <span class='ocrx_word' id='word_1_181' title='bbox 401 2511 467 2569; x_wconf 87' lang='lat' dir='ltr'>lieri</span> <span class='ocrx_word' id='word_1_182' title='bbox 488 2509 578 2569; x_wconf 88' lang='lat' dir='ltr'>iubet.</span> <span class='ocrx_word' id='word_1_183' title='bbox 608 2510 732 2570; x_wconf 87' lang='lat' dir='ltr'>Factum</span> <span class='ocrx_word' id='word_1_184' title='bbox 748 2518 795 2570; x_wconf 90' lang='lat' dir='ltr'>est</span> <span class='ocrx_word' id='word_1_185' title='bbox 810 2514 1039 2584; x_wconf 89' lang='lat' dir='ltr'>opportunitate</span> <span class='ocrx_word' id='word_1_186' title='bbox 1062 2518 1067 2525; x_wconf 85' lang='lat'>&#39;</span> 
     </span>
     <span class='ocr_line' id='line_1_26' title="bbox 67 2593 1038 2670; baseline 0.001 -13"><span class='ocrx_word' id='word_1_187' title='bbox 67 2597 140 2670; x_wconf 93' lang='lat' dir='ltr'>loci,</span> <span class='ocrx_word' id='word_1_188' title='bbox 156 2596 289 2656; x_wconf 90' lang='lat' dir='ltr'>hostiurn</span> <span class='ocrx_word' id='word_1_189' title='bbox 304 2595 464 2655; x_wconf 90' lang='lat' dir='ltr'>inscientia</span> <span class='ocrx_word' id='word_1_190' title='bbox 480 2610 515 2652; x_wconf 91' lang='lat' dir='ltr'>ac</span> <span class='ocrx_word' id='word_1_191' title='bbox 531 2593 762 2670; x_wconf 82' lang='lat' dir='ltr'>defetigatione,</span> <span class='ocrx_word' id='word_1_192' title='bbox 787 2595 898 2654; x_wconf 90' lang='lat' dir='ltr'>virtute</span> <span class='ocrx_word' id='word_1_193' title='bbox 912 2597 1038 2658; x_wconf 91' lang='lat' dir='ltr'>militum</span> 
     </span>
     <span class='ocr_line' id='line_1_27' title="bbox 67 2678 1035 2756; baseline 0.001 -15"><span class='ocrx_word' id='word_1_194' title='bbox 67 2690 96 2741; x_wconf 92' lang='grc' dir='ltr'><strong>ει</strong></span> <span class='ocrx_word' id='word_1_195' title='bbox 111 2680 303 2755; x_wconf 90' lang='lat' dir='ltr'>superiorum</span> <span class='ocrx_word' id='word_1_196' title='bbox 318 2694 489 2755; x_wconf 91' lang='lat' dir='ltr'>pugnarum</span> <span class='ocrx_word' id='word_1_197' title='bbox 504 2678 736 2751; x_wconf 87' lang='lat' dir='ltr'>exercitatione,</span> <span class='ocrx_word' id='word_1_198' title='bbox 764 2686 847 2738; x_wconf 89' lang='lat' dir='ltr'>utne</span> <span class='ocrx_word' id='word_1_199' title='bbox 862 2696 956 2741; x_wconf 89' lang='lat' dir='ltr'>unum</span> <span class='ocrx_word' id='word_1_200' title='bbox 973 2683 1035 2756; x_wconf 92' lang='lat' dir='ltr'>qui·</span> 
     </span>
     <span class='ocr_line' id='line_1_28' title="bbox 67 2763 1035 2837; baseline 0 -11"><span class='ocrx_word' id='word_1_201' title='bbox 67 2767 137 2826; x_wconf 90' lang='lat' dir='ltr'>dem</span> <span class='ocrx_word' id='word_1_202' title='bbox 158 2772 331 2826; x_wconf 90' lang='lat' dir='ltr'>nostrorum</span> <span class='ocrx_word' id='word_1_203' title='bbox 352 2765 497 2837; x_wconf 90' lang='lat' dir='ltr'>impetum</span> <span class='ocrx_word' id='word_1_204' title='bbox 520 2763 632 2823; x_wconf 89' lang='lat' dir='ltr'>ierrcnt</span> <span class='ocrx_word' id='word_1_205' title='bbox 653 2780 689 2824; x_wconf 89' lang='lat' dir='ltr'>ac</span> <span class='ocrx_word' id='word_1_206' title='bbox 711 2763 811 2823; x_wconf 87' lang='lat' dir='ltr'>statim</span> <span class='ocrx_word' id='word_1_207' title='bbox 832 2769 919 2837; x_wconf 89' lang='lat' dir='ltr'>terga</span> <span class='ocrx_word' id='word_1_208' title='bbox 938 2774 1035 2826; x_wconf 88' lang='lat' dir='ltr'>verte-</span> 
     </span>
     <span class='ocr_line' id='line_1_29' title="bbox 67 2846 1035 2924; baseline 0.001 -15"><span class='ocrx_word' id='word_1_209' title='bbox 67 2857 141 2910; x_wconf 89' lang='lat' dir='ltr'>rent.</span> <span class='ocrx_word' id='word_1_210' title='bbox 172 2850 254 2924; x_wconf 81' lang='lat' dir='ltr'>Quos</span> <span class='ocrx_word' id='word_1_211' title='bbox 276 2849 430 2923; x_wconf 87' lang='lat' dir='ltr'>inpeditos</span> <span class='ocrx_word' id='word_1_212' title='bbox 453 2846 578 2920; x_wconf 79' lang='lat' dir='ltr'>integris</span> <span class='ocrx_word' id='word_1_213' title='bbox 593 2847 709 2907; x_wconf 88' lang='lat' dir='ltr'>viribus</span> <span class='ocrx_word' id='word_1_214' title='bbox 725 2846 835 2907; x_wconf 89' lang='lat' dir='ltr'>milites</span> <span class='ocrx_word' id='word_1_215' title='bbox 850 2848 948 2909; x_wconf 90' lang='lat' dir='ltr'>nostri</span> <span class='ocrx_word' id='word_1_216' title='bbox 964 2866 1035 2912; x_wconf 93' lang='lat' dir='ltr'>con·</span> 
     </span>
     <span class='ocr_line' id='line_1_30' title="bbox 67 2930 1037 3015; baseline 0 -20"><span class='ocrx_word' id='word_1_217' title='bbox 67 2936 163 2995; x_wconf 91' lang='lat' dir='ltr'>secuti</span> <span class='ocrx_word' id='word_1_218' title='bbox 188 2949 331 3008; x_wconf 87' lang='lat' dir='ltr'>magnum</span> <span class='ocrx_word' id='word_1_219' title='bbox 354 2946 515 2991; x_wconf 91' lang='lat' dir='ltr'>numerum</span> <span class='ocrx_word' id='word_1_220' title='bbox 540 2948 644 2992; x_wconf 92' lang='lat' dir='ltr'>eorum</span> <span class='ocrx_word' id='word_1_221' title='bbox 674 2930 866 3015; x_wconf 81' lang='lat' dir='ltr'>occiderunt3</span> <span class='ocrx_word' id='word_1_222' title='bbox 899 2934 1037 3008; x_wconf 91' lang='lat' dir='ltr'>reliquos</span> 
     </span>
     <span class='ocr_line' id='line_1_31' title="bbox 67 3016 1036 3094; baseline -0.001 -15"><span class='ocrx_word' id='word_1_223' title='bbox 67 3021 185 3094; x_wconf 90' lang='lat' dir='ltr'>equites</span> <span class='ocrx_word' id='word_1_224' title='bbox 199 3016 365 3080; x_wconf 89' lang='lat' dir='ltr'>consectati</span> <span class='ocrx_word' id='word_1_225' title='bbox 377 3031 505 3090; x_wconf 90' lang='lat' dir='ltr'>paucos,</span> <span class='ocrx_word' id='word_1_226' title='bbox 523 3017 574 3090; x_wconf 93' lang='lat' dir='ltr'>qui</span> <span class='ocrx_word' id='word_1_227' title='bbox 587 3032 626 3075; x_wconf 90' lang='lat' dir='ltr'>ex</span> <span class='ocrx_word' id='word_1_228' title='bbox 638 3018 710 3090; x_wconf 87' lang='lat' dir='ltr'>luga</span> <span class='ocrx_word' id='word_1_229' title='bbox 722 3023 892 3089; x_wconf 88' lang='lat' dir='ltr'>evaserant,</span> <span class='ocrx_word' id='word_1_230' title='bbox 904 3016 1036 3094; x_wconf 89' lang='lat' dir='ltr'>relique·</span> 
     </span>
     <span class='ocr_line' id='line_1_32' title="bbox 66 3099 1038 3176; baseline 0 -13"><span class='ocrx_word' id='word_1_231' title='bbox 66 3112 143 3164; x_wconf 90' lang='lat' dir='ltr'>runt.</span> <span class='ocrx_word' id='word_1_232' title='bbox 174 3103 224 3163; x_wconf 87' lang='lat' dir='ltr'>Sic</span> <span class='ocrx_word' id='word_1_233' title='bbox 240 3120 301 3164; x_wconf 93' lang='lat' dir='ltr'>uno</span> <span class='ocrx_word' id='word_1_234' title='bbox 316 3109 454 3176; x_wconf 85' lang='lat' dir='ltr'>tempore</span> <span class='ocrx_word' id='word_1_235' title='bbox 469 3108 499 3160; x_wconf 90' lang='lat' dir='ltr'>et</span> <span class='ocrx_word' id='word_1_236' title='bbox 514 3101 553 3159; x_wconf 92' lang='lat' dir='ltr'>de</span> <span class='ocrx_word' id='word_1_237' title='bbox 568 3101 667 3159; x_wconf 86' lang='lat' dir='ltr'>navali</span> <span class='ocrx_word' id='word_1_238' title='bbox 683 3114 789 3174; x_wconf 89' lang='lat' dir='ltr'>pugna</span> <span class='ocrx_word' id='word_1_239' title='bbox 804 3099 937 3160; x_wconf 89' lang='lat' dir='ltr'>Sabinus</span> <span class='ocrx_word' id='word_1_240' title='bbox 953 3110 984 3164; x_wconf 89' lang='lat' dir='ltr'>et</span> <span class='ocrx_word' id='word_1_241' title='bbox 999 3104 1038 3163; x_wconf 90' lang='lat' dir='ltr'>dc</span> 
     </span>
     <span class='ocr_line' id='line_1_33' title="bbox 68 3184 1037 3259; baseline 0 -10"><span class='ocrx_word' id='word_1_242' title='bbox 68 3189 172 3250; x_wconf 88' lang='lat' dir='ltr'>Sabini</span> <span class='ocrx_word' id='word_1_243' title='bbox 186 3187 314 3248; x_wconf 89' lang='lat' dir='ltr'>victoria</span> <span class='ocrx_word' id='word_1_244' title='bbox 328 3186 441 3246; x_wconf 86' lang='lat' dir='ltr'>Caesar</span> <span class='ocrx_word' id='word_1_245' title='bbox 456 3184 567 3245; x_wconf 90' lang='lat' dir='ltr'>certior</span> <span class='ocrx_word' id='word_1_246' title='bbox 581 3186 695 3253; x_wconf 85' lang='lat' dir='ltr'>iactus;</span> <span class='ocrx_word' id='word_1_247' title='bbox 713 3184 913 3259; x_wconf 89' lang='lat' dir='ltr'>civitatesque</span> <span class='ocrx_word' id='word_1_248' title='bbox 929 3201 1037 3249; x_wconf 91' lang='lat' dir='ltr'>omnes</span> 
     </span>
     <span class='ocr_line' id='line_1_34' title="bbox 67 3268 1040 3344; baseline -0.003 -10"><span class='ocrx_word' id='word_1_249' title='bbox 67 3290 102 3334; x_wconf 90' lang='lat' dir='ltr'>se</span> <span class='ocrx_word' id='word_1_250' title='bbox 117 3273 216 3335; x_wconf 88' lang='lat' dir='ltr'>statim</span> <span class='ocrx_word' id='word_1_251' title='bbox 229 3271 342 3332; x_wconf 86' lang='lat' dir='ltr'>Titurio</span> <span class='ocrx_word' id='word_1_252' title='bbox 358 3270 548 3329; x_wconf 88' lang='lat' dir='ltr'>dediderunt.</span> <span class='ocrx_word' id='word_1_253' title='bbox 563 3268 639 3328; x_wconf 88' lang='lat' dir='ltr'>Nam</span> <span class='ocrx_word' id='word_1_254' title='bbox 650 3274 683 3327; x_wconf 90' lang='lat' dir='ltr'>ut</span> <span class='ocrx_word' id='word_1_255' title='bbox 694 3268 733 3327; x_wconf 90' lang='lat' dir='ltr'>ad</span> <span class='ocrx_word' id='word_1_256' title='bbox 744 3268 825 3328; x_wconf 89' lang='lat' dir='ltr'>bella</span> <span class='ocrx_word' id='word_1_257' title='bbox 839 3269 1040 3344; x_wconf 87' lang='lat' dir='ltr'>suscipienda</span> 
     </span>
     <span class='ocr_line' id='line_1_35' title="bbox 67 3352 1037 3429; baseline -0.002 -11"><span class='ocrx_word' id='word_1_258' title='bbox 67 3359 220 3419; x_wconf 89' lang='lat' dir='ltr'>Gallorum</span> <span class='ocrx_word' id='word_1_259' title='bbox 248 3359 350 3416; x_wconf 88' lang='lat' dir='ltr'>alacer</span> <span class='ocrx_word' id='word_1_260' title='bbox 377 3370 412 3413; x_wconf 92' lang='lat' dir='ltr'>ac</span> <span class='ocrx_word' id='word_1_261' title='bbox 442 3360 602 3429; x_wconf 91' lang='lat' dir='ltr'>promptus</span> <span class='ocrx_word' id='word_1_262' title='bbox 630 3359 677 3411; x_wconf 91' lang='lat' dir='ltr'>est</span> <span class='ocrx_word' id='word_1_263' title='bbox 703 3352 836 3426; x_wconf 89' lang='lat' dir='ltr'>animus,</span> <span class='ocrx_word' id='word_1_264' title='bbox 865 3353 910 3411; x_wconf 92' lang='lat' dir='ltr'>sic</span> <span class='ocrx_word' id='word_1_265' title='bbox 935 3355 1037 3416; x_wconf 87' lang='lat' dir='ltr'>mollis</span> 
     </span>
     <span class='ocr_line' id='line_1_36' title="bbox 66 3437 1037 3510; baseline -0.003 -7"><span class='ocrx_word' id='word_1_266' title='bbox 66 3458 102 3502; x_wconf 89' lang='lat' dir='ltr'>ac</span> <span class='ocrx_word' id='word_1_267' title='bbox 127 3443 248 3502; x_wconf 89' lang='lat' dir='ltr'>minime</span> <span class='ocrx_word' id='word_1_268' title='bbox 272 3440 420 3499; x_wconf 90' lang='lat' dir='ltr'>resistens</span> <span class='ocrx_word' id='word_1_269' title='bbox 446 3439 486 3498; x_wconf 90' lang='lat' dir='ltr'>ad</span> <span class='ocrx_word' id='word_1_270' title='bbox 511 3437 696 3498; x_wconf 89' lang='lat' dir='ltr'>calamitates</span> <span class='ocrx_word' id='word_1_271' title='bbox 721 3437 923 3510; x_wconf 79' lang='lat' dir='ltr'>perferendas</span> <span class='ocrx_word' id='word_1_272' title='bbox 947 3455 1037 3500; x_wconf 87' lang='lat' dir='ltr'>mens</span> 
     </span>
     <span class='ocr_line' id='line_1_37' title="bbox 65 3534 241 3587; baseline -0.011 0"><span class='ocrx_word' id='word_1_273' title='bbox 65 3543 170 3587; x_wconf 92' lang='lat' dir='ltr'>eorum</span> <span class='ocrx_word' id='word_1_274' title='bbox 185 3534 241 3587; x_wconf 91' lang='lat' dir='ltr'>est.</span> 
     </span>
    </p>

    <p class='ocr_par' dir='ltr' id='par_1_5' title="bbox 63 3604 1037 3861">
     <span class='ocr_line' id='line_1_38' title="bbox 144 3604 1033 3683; baseline -0.006 -10"><span class='ocrx_word' id='word_1_275' title='bbox 144 3612 207 3672; x_wconf 88' lang='lat' dir='ltr'>XX.</span> <span class='ocrx_word' id='word_1_276' title='bbox 229 3608 345 3671; x_wconf 87' lang='lat' dir='ltr'>Eodem</span> <span class='ocrx_word' id='word_1_277' title='bbox 360 3609 424 3668; x_wconf 89' lang='lat' dir='ltr'>iere</span> <span class='ocrx_word' id='word_1_278' title='bbox 439 3614 578 3683; x_wconf 89' lang='lat' dir='ltr'>tempore</span> <span class='ocrx_word' id='word_1_279' title='bbox 591 3606 623 3664; x_wconf 92' lang='lat' dir='ltr'>P.</span> <span class='ocrx_word' id='word_1_280' title='bbox 641 3604 770 3664; x_wconf 86' lang='lat' dir='ltr'>Crassus</span> <span class='ocrx_word' id='word_1_281' title='bbox 787 3621 855 3666; x_wconf 92' lang='lat' dir='ltr'>cum</span> <span class='ocrx_word' id='word_1_282' title='bbox 869 3606 898 3665; x_wconf 94' lang='lat' dir='ltr'>in</span> <span class='ocrx_word' id='word_1_283' title='bbox 908 3607 1033 3682; x_wconf 88' lang='lat' dir='ltr'>Aquita·</span> 
     </span>
     <span class='ocr_line' id='line_1_39' title="bbox 67 3689 1037 3772; baseline -0.005 -15"><span class='ocrx_word' id='word_1_284' title='bbox 67 3696 145 3757; x_wconf 87' lang='lat' dir='ltr'>niam</span> <span class='ocrx_word' id='word_1_285' title='bbox 161 3692 367 3772; x_wconf 90' lang='lat' dir='ltr'>pervenisset,</span> <span class='ocrx_word' id='word_1_286' title='bbox 391 3709 471 3769; x_wconf 89' lang='lat' dir='ltr'>quae</span> <span class='ocrx_word' id='word_1_287' title='bbox 486 3709 574 3767; x_wconf 87' lang='lat' dir='ltr'>pars,</span> <span class='ocrx_word' id='word_1_288' title='bbox 597 3697 629 3750; x_wconf 91' lang='lat' dir='ltr'>ut</span> <span class='ocrx_word' id='word_1_289' title='bbox 644 3695 713 3748; x_wconf 86' lang='lat' dir='ltr'>ante</span> <span class='ocrx_word' id='word_1_290' title='bbox 728 3689 840 3749; x_wconf 91' lang='lat' dir='ltr'>dietum</span> <span class='ocrx_word' id='word_1_291' title='bbox 856 3697 917 3765; x_wconf 88' lang='lat' dir='ltr'>est,</span> <span class='ocrx_word' id='word_1_292' title='bbox 944 3697 974 3752; x_wconf 89' lang='grc' dir='ltr'><strong>ει</strong></span> <span class='ocrx_word' id='word_1_293' title='bbox 988 3707 1037 3752; x_wconf 92' lang='lat' dir='ltr'>ro-</span> 
     </span>
     <span class='ocr_line' id='line_1_40' title="bbox 63 3773 1037 3861; baseline -0.004 -19"><span class='ocrx_word' id='word_1_294' title='bbox 63 3778 190 3861; x_wconf 86' lang='lat' dir='ltr'>gionum</span> <span class='ocrx_word' id='word_1_295' title='bbox 204 3778 359 3842; x_wconf 89' lang='lat' dir='ltr'>latitudine</span> <span class='ocrx_word' id='word_1_296' title='bbox 373 3785 404 3838; x_wconf 92' lang='lat' dir='ltr'>et</span> <span class='ocrx_word' id='word_1_297' title='bbox 418 3775 606 3839; x_wconf 87' lang='lat' dir='ltr'>multitudine</span> <span class='ocrx_word' id='word_1_298' title='bbox 620 3773 775 3835; x_wconf 88' lang='lat' dir='ltr'>hominum</span> <span class='ocrx_word' id='word_1_299' title='bbox 790 3789 829 3833; x_wconf 89' lang='lat' dir='ltr'>cx</span> <span class='ocrx_word' id='word_1_300' title='bbox 846 3774 933 3837; x_wconf 84' lang='lat' dir='ltr'>tertia</span> <span class='ocrx_word' id='word_1_301' title='bbox 946 3783 1037 3853; x_wconf 88' lang='lat' dir='ltr'>parte</span> 
     </span>
    </p>
   </div>
   <div class='ocr_carea' id='block_1_4' title="bbox 0 0 1140 4176">
    <p class='ocr_par' dir='ltr' id='par_1_6' title="bbox 0 0 1140 4176">
     <span class='ocr_line' id='line_1_41' title="bbox 0 0 1140 4176; baseline 0 1"><span class='ocrx_word' id='word_1_302' title='bbox 0 0 1140 4176; x_wconf 95' lang='lat' dir='ltr'> </span> 
     </span>
    </p>
   </div>
  </div>
 </body>
</html>
