2302 4192
377 162 534 230 canton
553 162 732 232 malcan.
970 102 1041 234 'att

66 318 105 380 tis
122 325 277 394 praeerat,
294 321 433 380 celeriter
447 321 488 380 ibi
502 332 589 397 parte
609 324 752 399 praesidii
766 323 872 382 relicta
887 340 955 383 cum
970 331 1039 383 octo

65 403 245 464 cohortibus
261 405 301 464 ad
318 406 446 464 Aciliam
460 407 504 465 ire
520 408 684 467 contendit.
704 407 839 467 Messius
855 408 984 467 celerius
995 407 1039 467 iti·

66 503 142 547 nerc
167 490 307 550 conlecto
333 490 418 565 prior
441 491 569 550 Aciliam
596 507 665 551 cum
690 490 865 551 cohortibus
890 491 1039 566 pervenit.

66 571 232 633 Considius
247 572 375 647 interim
391 590 459 634 cum
475 576 515 635 ad
528 576 635 635 urbem
656 592 724 636 cum
737 575 837 651 ,copiis
853 575 1042 635 accessisset

66 664 98 716 et
111 657 378 718 animadvertisset
393 660 578 733 praesidium
595 660 734 720 Caesaris
750 661 791 720 ibi
807 675 894 731 esse,
910 676 970 719 non
987 666 1039 718 au-

66 757 122 800 sus
137 742 307 816 periculum
322 759 448 803 suorum
463 745 565 803 lacere
580 747 663 804 nulla
681 761 715 804 re
735 752 823 819 gesta
836 760 893 818 pro
908 744 1038 803 multitu-

66 827 139 884 dinc
153 825 310 885 hominum
320 843 428 887 rursus
441 829 681 888 seAdrumetum
693 829 825 903 recepit;
841 827 952 888 deinde
965 844 1038 902 pau-

66 912 111 970 cis
134 916 207 984 post
228 910 336 972 diebus
360 913 555 987 equestribus
578 914 677 987 copiis
695 914 733 972 ab
748 912 881 972 Labieno
897 912 1038 972 adductis

66 1011 174 1054 rursus
190 995 369 1081 Acillitanos
386 997 495 1057 castris
511 997 621 1071 positis
638 997 780 1057 obsidere
796 997 905 1072 coepit

150 1078 283 1138 XXXIV.
296 1112 299 1117 ·
311 1079 370 1138 Per
384 1080 415 1139 id
429 1088 549 1155 tempus
565 1081 595 1140 C.
613 1080 774 1141 Sallustius
791 1081 931 1156 Crispus,
948 1096 1037 1156 quern

66 1164 175 1240 paucis
190 1170 260 1223 ante
275 1165 382 1225 diebus
397 1165 554 1225 missuma
570 1165 701 1225 Caesare
716 1181 783 1225 cum
799 1167 899 1226 classe
914 1166 1038 1226 demon·

66 1249 241 1318 stravimus,
259 1248 415 1309 Cercinam
429 1252 577 1323 pervenit.
595 1250 687 1311 Cuius
702 1251 835 1310 adventu
846 1250 876 1310 C.
888 1249 1038 1310 Decimius

67 1333 279 1409 quaestorius,
306 1335 358 1408 qui
377 1334 418 1392 ibi
434 1350 502 1394 cum
517 1336 625 1409 grandi
641 1335 754 1394 lamilia
770 1343 909 1410 praeerat
922 1335 1037 1409 praesi-

66 1419 117 1478 dio
134 1417 329 1490 commeatui,
344 1419 502 1493 parvulum
518 1419 672 1493 navigium
686 1426 794 1478 nactus
809 1419 989 1478 conscendit
1002 1433 1039 1476 ac

67 1518 102 1563 se
118 1503 211 1576 fugae
226 1503 425 1562 commendat.
456 1501 617 1564 Sallustius
632 1503 752 1562 interim
768 1510 890 1577 praetor
905 1519 924 1561 a
939 1501 1038 1561 Cerci·

66 1587 178 1646 nitanis
199 1594 341 1660 receptus
364 1602 473 1661 magno
495 1603 622 1648 numero
644 1589 786 1647 frumenti
798 1589 921 1646 invento
942 1601 1038 1644 naves

67 1671 234 1743 onerarias,
252 1688 379 1745 quarum
394 1672 435 1730 ibi
452 1672 526 1731 satis
541 1688 653 1746 magna
669 1671 759 1745 copia
772 1672 835 1744 luit,
851 1671 984 1743 complet
995 1676 1037 1728 at-

67 1771 128 1831 que
144 1756 174 1814 in
187 1763 287 1815 castra
299 1757 337 1815 ad
346 1756 507 1816 Caesarem
521 1756 617 1816 mittit.
632 1756 760 1816 Alienus
774 1755 892 1815 interim
907 1769 1037 1827 procon-

67 1843 112 1901 sul
129 1839 276 1916 Lilybaeo
298 1840 328 1899 in
344 1841 430 1899 navis
451 1841 607 1901 onerarias
632 1840 749 1914 inponit
774 1840 909 1913 legiones
930 1853 988 1896 xm
1009 1845 1039 1896 et

66 1923 298 1998 xurretequites
311 1925 414 1984 Gallos
435 1941 521 1998 accc,
547 1925 732 2005 funditorum
754 1923 1038 1998 sagittariorumque

66 2009 147 2068 mille
160 2007 372 2069 {sesecundum
386 2016 587 2068 commeatum
611 2009 641 2067 in
656 2009 792 2068 Airicam
812 2007 899 2067 mittit
912 2007 953 2066 ad
965 2006 1038 2065 Cae·

66 2108 178 2153 sarem.
209 2091 292 2165 Quae
308 2108 401 2152 naves
418 2100 540 2152 ventum
555 2094 726 2153 secundum
741 2099 849 2152 nactae
865 2099 973 2165 quarto
989 2090 1039 2148 dle

66 2178 94 2237 ln
113 2183 235 2250 portum
250 2176 288 2235 ad
302 2177 486 2252 Ruspinam,
502 2178 553 2237 ubi
570 2178 681 2237 Caesar
697 2185 797 2236 castra
810 2176 972 2247 habuerat,
995 2175 1039 2232 in·

66 2263 204 2322 columes
227 2268 439 2334 pervenerunt.
468 2263 513 2322 Ita
535 2261 647 2321 Caesar
668 2261 781 2335 duplici
802 2259 914 2319 laetitia
934 2275 969 2319 ac
983 2275 1037 2319 vo-

66 2348 183 2420 luptate
198 2362 259 2404 uno
275 2352 412 2420 tempore
433 2353 555 2419 auctus,
579 2346 730 2406 frumento
751 2344 949 2419 auxiliisque,
973 2349 1037 2401 tan-

66 2431 137 2490 dem
153 2429 218 2488 suis
234 2428 409 2490 exhilaratis
425 2445 608 2504 annonaque
622 2432 723 2490 levata
738 2428 971 2488 sollicitudinem
986 2426 1039 2485 de-

66 2515 169 2591 ponit,
191 2514 326 2588 legiones
347 2515 528 2588 equitesque
544 2528 583 2573 ex
598 2514 727 2573 navibus
743 2528 888 2586 egressos
903 2510 986 2571 iubet
999 2525 1039 2569 ex

65 2601 216 2673 languore
230 2613 407 2673 nauscaque
421 2598 563 2671 reficere,
590 2598 734 2658 dimissos
750 2597 780 2655 in
803 2596 928 2656 castolla
943 2595 1038 2654 muni-

66 2684 229 2755 tionesque
245 2683 388 2756 disponit.

152 2765 272 2825 XXXV.
296 2766 410 2839 Quibus
432 2766 523 2826 rebus
541 2765 644 2841 Scipio
661 2767 775 2841 quique
791 2781 859 2824 cum
880 2779 917 2824 eo
936 2769 1040 2821 essent

66 2850 196 2913 comites
212 2851 312 2909 mirari
328 2857 358 2909 el
373 2852 544 2925 requirere:
567 2851 597 2910 C.
614 2850 790 2921 Caesarem,
806 2848 859 2923 qui
873 2850 951 2907 ultro
967 2862 1038 2905 con-

66 2942 194 2995 sucsset
208 2935 319 2993 bellum
336 2935 446 2994 inferre
461 2950 497 2994 ac
513 2937 667 2994 lacessere
683 2932 814 3008 proelio,
841 2932 941 2992 subito
957 2945 1039 2989 com-

66 3026 216 3079 mutatum
232 3035 290 3077 non
308 3019 374 3078 sino
390 3035 499 3093 magno
516 3019 643 3083 consilio
660 3016 906 3092 suspicabantur.
934 3015 1040 3088 ltaque

66 3119 107 3163 ex
123 3102 190 3162 cius
208 3103 351 3176 patientia
367 3104 394 3161 in
411 3119 551 3178 magnum
569 3102 705 3162 timorem
727 3100 855 3160 coniecti
876 3116 916 3158 ex
931 3097 1039 3158 Gaetu-

66 3189 105 3249 lis
122 3187 212 3258 duos,
230 3203 308 3260 quos
324 3187 547 3247 arbitrabantur
562 3186 627 3245 suis
642 3186 735 3244 rebus
751 3183 961 3253 amicissimos,
977 3197 1033 3239 ma·

66 3273 136 3348 gnis
161 3270 302 3345 praemiis
326 3271 656 3345 pollicitationibusque
677 3267 846 3343 propositis
868 3282 924 3341 pro
939 3267 1039 3340 perlu-

66 3357 115 3435 gis
131 3356 313 3430 speculandi
335 3356 431 3431 gratia
453 3355 480 3414 in
498 3354 638 3415 Caesaris
660 3359 760 3413 castra
775 3350 902 3410 mittunt.
930 3349 991 3423 Qui
1000 3348 1041 3407 si-

66 3442 128 3507 mul
146 3442 184 3501 ad
202 3460 268 3502 rum
282 3458 353 3503 sum
367 3440 501 3522 deducti,
516 3440 693 3523 petierunt,
709 3445 749 3505 ut
766 3430 1076 3560 siblhceretxotas
