2272 4176
122 424 181 491 172
412 426 463 488 DE
483 426 608 488 BELLO
631 425 794 487 GALLIGO

121 585 246 657 caesar,
262 580 319 642 etsi
335 579 479 643 dimicare
493 589 667 657 optaverat,
681 590 783 643 tamen
796 578 966 641 admiratus
979 584 1089 641 tantam

119 666 339 728 multitudinem
358 665 493 729 hostium
511 667 592 728 valle
612 667 787 728 intermissa
800 664 900 741 magis
915 665 948 725 in
962 662 1089 727 altitudi-

119 748 1090 829 nemdepressaquamlatepatentecastracastrisltostiumcon·

119 839 185 899 tert.
201 836 284 897 Haec
299 838 428 912 imperat
441 837 522 897 vallo
537 838 651 912 pedum
665 853 712 896 x11
725 834 845 911 muniri,
859 835 1023 897 loriculam
1037 850 1089 911 pro

117 921 175 983 hac
189 922 307 983 ratione
322 922 387 982 eius
402 921 567 981 altitudinis
582 921 785 992 inaedificari3
806 921 925 982 iossam
940 917 1090 997 duplicem

117 1007 230 1084 pedum
243 1007 354 1067 denum
365 1004 490 1082 quinum
497 1006 642 1066 lateribus
650 1006 779 1082 deprimi
786 1004 928 1073 directim
940 1004 1034 1065 tannis
1041 1018 1090 1063 ex-

71 1140 74 1145 .
118 1092 203 1152 citari
217 1090 341 1151 crebras
349 1090 380 1150 in
387 1090 574 1150 altitudinem
581 1107 617 1149 111
624 1091 836 1165 tabulatorum,
848 1088 997 1165 pontibus
1004 1087 1090 1149 troie

118 1176 174 1236 ctis
189 1175 414 1251 constratisque
430 1175 581 1250 coniungi,
597 1192 728 1251 quorum
742 1176 859 1236 trontes
873 1172 1009 1233 viminea
1022 1170 1089 1232 lori·

118 1262 186 1320 cula
199 1259 400 1320 munimntum
415 1266 449 1319 ut
463 1260 501 1320 ab
515 1260 656 1320 hostibus
664 1259 778 1336 duplici
785 1260 882 1333 fossa,
898 1257 1015 1333 duplici
1021 1272 1077 1332 pro

117 1351 319 1421 pugnatorum
334 1345 440 1405 ordine
448 1344 692 1420 defenderentur,
707 1360 837 1420 quorum
850 1345 928 1403 alter
940 1357 981 1402 ex
994 1340 1090 1417 ponti·

116 1428 247 1502 busquo
260 1427 351 1489 tutior
361 1430 518 1490 altitudine
533 1439 631 1506 esset,
657 1431 717 1490 hoc
738 1428 886 1490 audacius
908 1425 1091 1503 longiusque

117 1513 392 1590 pantocratora,
418 1515 508 1588 alter,
535 1515 587 1591 qui
602 1516 730 1591 propior
743 1508 864 1575 hostem
879 1513 909 1571 in
925 1511 997 1588 ipso
1012 1512 1089 1572 vallo

118 1600 295 1659 conlocatus
321 1605 413 1673 esset,
438 1607 532 1675 ponte
552 1600 591 1659 ab
611 1598 814 1659 incidentibus
837 1598 906 1658 telis
928 1602 1089 1672 tegeretur.

119 1681 215 1745 Portis
230 1684 313 1743 tores
328 1683 515 1759 altioresque
528 1690 628 1744 turres
643 1684 797 1760 imposuit.

201 1768 237 1829 X.
259 1767 358 1827 Huius
372 1768 547 1828 munitionis
562 1769 677 1845 duplex
692 1774 758 1828 erat
768 1766 940 1828 consilium.
955 1765 1090 1843 Namque

119 1860 148 1913 et
162 1868 290 1929 operum
303 1851 540 1928 magnitudinem
555 1859 585 1913 et
598 1854 736 1914 timorem
752 1868 842 1913 suum
853 1850 1001 1926 sperabat
1014 1850 1088 1913 ndu·

119 1937 195 1997 eiam
207 1936 346 1998 barbaris
358 1937 537 2012 adlaturum,
549 1945 581 1998 et
594 1954 662 1998 eum
675 1937 852 2013 pabulatum
863 1936 1087 1997 frumentatum·

119 2038 178 2099 que
198 2022 319 2098 longius
341 2029 425 2082 esset
445 2021 719 2097 proficiscendum,
744 2020 848 2097 parvis
870 2019 970 2095 copiis
992 2028 1085 2082 castra

118 2106 283 2167 munitione
307 2106 377 2182 ipsa
400 2106 525 2167 videbat
550 2122 647 2183 pesse
672 2106 804 2167 delendi.
844 2103 968 2164 interim
983 2104 1089 2167 crebro

118 2192 227 2267 paucis
241 2191 394 2267 utrimque
409 2192 660 2266 procurrentibus
682 2191 759 2250 inter
773 2189 845 2250 bina
859 2195 963 2249 eastra
976 2189 1089 2264 palude

118 2274 273 2336 interiecta
287 2276 543 2347 contendebatur;
566 2293 657 2353 quam
670 2284 771 2336 tamen
783 2273 926 2350 paludem
940 2288 1087 2334 nonnum-

118 2375 209 2435 quam
223 2366 275 2418 aut
289 2367 394 2421 nostra
408 2361 520 2420 auxilia
529 2362 683 2423 Gallorum
694 2361 977 2434 Germanorumque
990 2364 1086 2419 trans

119 2443 200 2503 ibant
219 2443 383 2520 acriusque
404 2443 510 2506 hostes
532 2445 786 2521 insequebantur,
812 2449 864 2503 aut
883 2441 1023 2502 vicissim
1035 2442 1086 2504 ho-

117 2534 180 2588 stes
206 2527 312 2587 eadem
337 2530 523 2604 transgressi
546 2539 671 2592 nostros
697 2528 818 2603 longius
845 2526 1087 2588 summovebant

116 2610 285 2672 Accidebat
299 2620 398 2673 autem
414 2614 574 2675 cotidianis
589 2612 847 2691 pabulationibus,
862 2611 894 2671 id
909 2611 995 2686 quod
1010 2610 1087 2672 acci·

117 2695 190 2756 dere
202 2702 266 2757 erat
276 2712 415 2773 necesse,
430 2714 499 2759 cum
512 2699 589 2758 raris
605 2697 803 2772 dIsicctisque
817 2712 856 2756 ex
870 2694 1021 2756 aedificiis
1036 2712 1086 2771 pa·

115 2780 220 2841 bulum
236 2781 482 2857 conquireretur,
504 2791 538 2843 ut
551 2783 704 2859 impeditis
719 2781 794 2844 locis
811 2780 946 2855 dispersi
961 2780 1086 2857 pabula·

116 2872 198 2926 tores
221 2865 525 2937 circumvenirentur;
553 2884 632 2944 quae
651 2883 719 2942 res,
744 2865 801 2926 etsi
820 2862 976 2926 mediocre
997 2864 1086 2927 detri-

116 2958 249 3010 mentum
269 2950 470 3011 iumentorum
490 2968 526 3012 ac
541 2969 700 3014 servorum
715 2950 829 3011 nostris
844 2950 1020 3026 adferebat,
1043 2957 1085 3011 ta·

115 3050 184 3095 men
200 3036 307 3095 stultas
323 3035 522 3110 cogitationes
537 3037 680 3098 incitabat
699 3037 914 3110 barbarorum,
941 3043 1036 3112 atque
1050 3050 1086 3097 eo

81 3154 86 3159 -
115 3120 227 3195 magis,
244 3120 328 3195 quod
343 3120 511 3196 Commius,
539 3138 629 3199 quem
643 3123 814 3197 proiectum
830 3121 870 3181 ad
885 3119 999 3180 auxilia
1014 3119 1086 3181 Ger·

115 3220 274 3265 manorum
288 3207 475 3266 arcessenda
489 3207 596 3282 docui,
612 3223 681 3266 cum
696 3205 850 3282 equitibus
864 3212 1008 3275 venerat3
1036 3203 1087 3281 qui

115 3290 234 3350 tametsi
249 3304 375 3350 numero
390 3307 452 3350 non
467 3292 597 3367 amplius
614 3298 700 3350 erant
714 3290 880 3366 quingenti,
894 3295 997 3349 tamen
1013 3288 1084 3350 Ger·

116 3389 273 3435 manorum
288 3375 420 3435 adventu
434 3376 555 3436 barbari
570 3376 750 3436 nitebantur.

196 3459 245 3520 Xl.
268 3459 395 3535 Caesar,
417 3476 483 3521 cum
505 3460 758 3521 animadverteret
777 3457 898 3521 hostem
919 3459 1086 3536 conplures

116 3542 182 3603 dies
196 3544 304 3605 castris
319 3546 431 3621 palude
446 3553 476 3606 et
489 3547 548 3608 loci
563 3554 671 3607 natura
684 3542 807 3606 munitis
824 3551 974 3605 setenere
984 3559 1089 3623 neque

116 3628 285 3706 oppugnari
305 3636 407 3692 castra
426 3646 532 3693 eorum
552 3631 619 3690 sine
633 3629 825 3690 dimicatione
840 3626 1015 3705 perniciosa
1029 3644 1087 3691 nee

115 3714 215 3779 lecum
230 3713 447 3779 munitionibus
464 3715 564 3777 claudi
584 3714 644 3777 nisi
657 3731 677 3777 a
690 3714 806 3777 maiore
827 3714 964 3778 exercitu
976 3728 1084 3795 posse,
