2272 4176
164 99 207 139 ba
226 100 329 142 sunno
351 100 551 144 rvevnrnmo
574 102 602 144 c.
623 94 666 148 98.
689 95 731 149 99.
754 98 815 150 100.
942 87 984 148 99

64 256 178 317 rtunus,
200 250 266 326 quia
279 263 384 324 magna
398 258 482 327 parte
498 251 591 311 editus
606 258 635 312 et
650 269 792 330 praeceps
807 270 901 329 pauca
916 272 981 315 mu·

64 340 126 392 enta
156 331 324 411 quaerebat.
380 333 516 394 Ceterum
545 336 621 412 apud
650 352 756 414 aquam
781 336 890 397 Sullam
913 348 1007 397 cume

65 415 144 475 tibus
161 422 277 476 noctem
293 418 402 493 agitare
417 418 511 478 iubet:
529 420 592 495 ipse
606 418 745 496 paulatim
763 420 911 497 dispersos
926 422 980 480 mi-

80 516 177 578 neque
199 501 295 558 minus
310 501 442 561 hostibus
458 502 638 563 conturbatis
657 505 688 563 in
709 521 802 563 unum
825 503 979 573 contrahit,

64 590 200 644 *cunctos
217 583 303 660 pleno
320 585 412 660 gradu
424 586 453 643 in
470 584 574 645 collem
589 586 733 646 subducit.
755 585 798 647 lta
813 603 908 664 reges,
925 587 1008 651 locib

64 666 167 728 cultate
188 668 293 734 coacti,
316 667 428 743 proelio
449 670 651 738 deterrentur,
675 688 771 748 neque
792 678 891 731 tamen
912 688 982 731 suos

68 752 113 810 ius
129 750 210 810 abire
225 752 337 819 sinunt,
361 758 405 811 set
417 760 543 831 utroque
558 753 632 814 colle
652 753 836 815 multitudine
856 756 982 815 circum·

89 835 172 894 effusi
195 835 364 895 consedere.
382 836 454 897 Dein
477 837 589 897 crebris
612 837 727 915 ignibus
745 837 829 898 factis
851 837 1010 916 plerum-o

83 920 178 978 noctis
204 918 324 978 barbari
349 937 432 981 more
463 938 516 981 suo
545 920 646 981 laetari
674 921 820 991 exultare,
848 928 983 999 strepere

64 1002 127 1067 bars,
152 1009 180 1062 et
194 1003 248 1080 ipsi
268 1003 359 1063 duces
375 1003 505 1074 feroces,
524 1007 591 1082 quia
606 1023 665 1065 non
680 1006 831 1083 fugerant,
852 1023 907 1084 pro
925 1007 980 1066 vic·

64 1103 112 1145 vus
134 1103 231 1163 agere.
268 1086 319 1146 Set
338 1102 371 1146 ea
388 1094 492 1148 cuncta
512 1087 651 1148 Romanis
669 1107 704 1149 ex
726 1088 855 1149 tenebris
878 1096 907 1149 et
922 1090 1008 1151 edi-7

65 1170 121 1229 bus
134 1169 205 1229 locis
221 1169 315 1230 facilia
330 1172 393 1231 visu
408 1189 573 1250 magnoque
592 1173 777 1233 hortamento
795 1179 888 1233 crant.
912 1173 980 1233 Plu·
993 1170 1033 1233 99

65 1271 117 1313 um
140 1272 207 1313 vero
229 1253 337 1314 Marius
359 1256 493 1332 inperitia
514 1256 642 1317 hostium
664 1256 869 1325 confirmatus,
895 1274 981 1335 quam

65 1356 167 1398 umum
183 1336 328 1398 silentium
341 1338 445 1399 haberi
459 1338 553 1407 iubet,
568 1356 607 1399 ne
621 1341 703 1416 signa
720 1340 852 1416 quidem,
869 1343 912 1400 uti
928 1358 983 1417 per

64 1423 110 1480 ‚ias
132 1420 271 1487 solebant,
289 1439 410 1483 canere:
433 1423 552 1492 deinde,
577 1422 628 1483 ubi
646 1422 697 1482 lux
718 1422 907 1491 adventabat,
931 1423 981 1484 de·

64 1506 155 1564 islam
173 1505 305 1565 hostibus
321 1514 349 1566 et
364 1504 535 1589 pauloantc
553 1524 655 1566 somno
672 1507 762 1583 captis
780 1506 815 1567 de
834 1508 981 1583 inproviso

64 1605 109 1657 es,
125 1590 194 1648 item
210 1589 374 1649 cohortium
390 1597 554 1651 turmarum
573 1590 722 1666 legionum
736 1589 881 1649 tubicines
895 1588 981 1649 simul

64 1674 95 1732 ris
117 1674 197 1749 signa
221 1690 340 1742 canere,
364 1673 468 1734 milites
487 1673 645 1734 clamorem
666 1673 769 1733 tollere
785 1679 873 1751 atquc
888 1674 982 1749 portis

64 1772 156 1831 npcre
172 1754 290 1836 [iubet].
326 1757 420 1817 Mauri
436 1765 522 1836 atque
537 1757 664 1826 Gaetuli,
688 1759 787 1833 ignoto
804 1764 832 1817 et
847 1755 1009 1816 horribilia

64 1846 95 1898 tu
117 1847 239 1916 repente
264 1841 364 1910 exciti,
395 1859 492 1921 neque
512 1841 614 1917 fugere
638 1858 734 1918 neque
762 1856 844 1899 arma
865 1857 980 1925 capere,

64 1941 95 1983 re
110 1925 228 1983 omnino
243 1924 340 1985 lacere
356 1933 405 1985 aut
424 1927 579 2002 providere
595 1927 751 2002 quicquam
769 1930 921 2001 poterant:
942 1925 1007 1983 ita3

64 2011 120 2066 :tos
137 2009 259 2085 strepitu
275 2007 416 2077 clamore,
439 2007 519 2070 nullo
541 2009 730 2070 subveniente
747 2009 855 2067 nostris
872 2009 982 2067 instan-

64 2107 89 2159 s,
111 2089 236 2151 tumultu
254 2091 408 2169 formidine
431 2095 514 2172 quasi
527 2093 662 2154 vecordia
682 2098 809 2169 ceperat.
851 2091 983 2169 Denique

64 2190 103 2234 res
116 2173 173 2234 fusi
186 2173 348 2253 fugatique:
362 2193 442 2236 arma
454 2184 483 2238 et
493 2179 574 2254 signa
586 2176 720 2236 militaria
732 2174 872 2253 pleraque
887 2181 981 2252 capta.
1037 2180 1044 2189 '

64 2276 159 2337 ’esque
168 2277 203 2319 eo
217 2259 329 2335 proelio
342 2277 430 2338 quam
442 2262 578 2324 omnibus
589 2259 789 2338 superioribus
802 2258 979 2336 interempti.

63 2362 73 2401 1
90 2358 193 2401 somno
210 2349 239 2403 et
255 2350 335 2404 metu
356 2343 471 2404 insolito
493 2345 620 2422 inpedita
638 2343 716 2420 fuga.

84 2424 155 2485 Dein
167 2425 274 2486 Marius
288 2429 330 2488 uti
345 2435 490 2504 coeperat,
504 2431 534 2488 in
546 2428 669 2488 hiberna
680 2426 696 2459 ’²
704 2426 720 2459 *
728 2424 840 2460 *****
847 2423 864 2459 *
876 2442 963 2502 prop·
976 2422 1033 2483 too

75 2517 257 2570 conmeatum
285 2512 315 2569 in
343 2512 457 2589 oppidis
484 2512 647 2572 maritumis
679 2527 767 2588 agere
801 2509 980 2570 decreverat.

64 2610 103 2652 ue
119 2598 213 2653 tamen
229 2595 349 2654 victoria
367 2612 467 2654 socors
483 2602 532 2655 aut
546 2594 673 2655 insolens
688 2596 796 2661 factus,
814 2599 858 2652 set
872 2594 983 2670 pariter

64 2694 87 2736 re
102 2676 132 2735 in
144 2683 301 2755 conspectu
315 2677 442 2739 hostium
453 2679 594 2757 quadrato
606 2679 721 2754 agmine
736 2676 887 2737 incedere:
904 2674 1010 2736 Sullae

64 2761 213 2838 requitatu
235 2761 312 2838 apud
329 2760 490 2828 dextumos
512 2763 541 2822 in
563 2764 677 2822 sinistra
699 2767 782 2839 parte
804 2760 837 2820 h.
859 2757 984 2818 Manlius

64 2868 68 2904 r
86 2843 283 2904 funditoribus
297 2852 326 2905 et
342 2846 505 2921 sagittariis,
520 2852 673 2924 praeterea
691 2845 820 2905 cohortis
841 2844 982 2918 Ligurum

64 2927 138 2987 rbat:
161 2929 272 3005 primos
294 2935 323 2987 et
340 2936 487 2990 extremos
510 2947 576 2990 cum
590 2929 731 3006 expeditis
753 2924 909 3003 manipulis
930 2926 982 2985 tri·

64 3029 96 3071 os
107 3010 268 3071 locaverat:
283 3013 437 3090 perfugae,
454 3015 584 3074 minume
599 3013 660 3073 cari
676 3018 705 3072 et
718 3012 873 3089 regionum
888 3011 1008 3069 scien-³

64 3097 127 3164 imi,
144 3094 273 3155 hostium
286 3096 343 3156 iter
359 3095 558 3173 explorabant.
587 3094 679 3156 Simul
691 3092 793 3155 consul
806 3095 888 3171 quasi
902 3090 982 3152 nullo

64 3180 126 3239 vsito
148 3180 243 3241 omnia
265 3178 437 3258 providere,
459 3180 536 3257 apud
559 3180 653 3239 omnis
673 3178 790 3243 adesse,
811 3175 932 3237 laudare
954 3184 983 3237 et

66 3280 155 3341 opere
176 3264 325 3325 merentis.
359 3262 425 3341 lpse
446 3270 576 3325 armatus
589 3265 775 3338 intentusque
793 3261 863 3321 item
878 3259 1009 3323 muitesr

64 3346 141 3408 ebat:
162 3362 259 3427 nequo
272 3362 358 3411 secus
373 3354 460 3427 atque
474 3349 529 3408 iter
548 3346 660 3413 facere,
682 3352 776 3405 castra
790 3346 916 3411 munire.
932 3362 980 3405 en-

786 3448 832 3497 Ἱὶ
