2272 4176
63 481 104 543 52
351 482 402 542 DE
424 481 548 543 BELLO
574 482 738 545 Gallico

64 637 233 697 Germanos
256 652 358 713 neque
373 637 493 712 priores
509 640 625 713 populo
640 639 780 699 Romano
795 637 912 700 bellum

63 736 164 797 neque
179 728 280 782 tamen
292 737 447 796 recusare,
464 721 490 782 si
504 724 705 798 lacessantur,
720 723 793 799 quin
808 725 902 784 armis
916 744 921 782 t

64 808 145 882 dant,
163 807 247 882 quod
262 808 481 867 Germanorum
497 808 689 868 consuetudo
701 809 778 867 haec
790 807 832 869 sit
842 824 861 866 a
873 825 921 868 ma

64 891 190 966 tradita,
214 892 399 966 quicumque
413 892 526 952 bellum
542 891 690 966 inferant,
705 891 853 953 resistere
869 909 921 952 net

14 1044 17 1050 ,
64 976 194 1052 precari.
209 978 294 1035 Haec
305 981 406 1035 tamen
418 975 530 1051 dicere,
540 975 663 1036 venisse
672 976 794 1056 invitos,
804 977 921 1038 eiectos

8 1084 11 1091 ·
65 1062 91 1122 si
107 1075 195 1120 suam
209 1061 336 1135 gratiam
350 1060 480 1120 Romani
493 1060 595 1135 velint,
610 1076 707 1135 posse
721 1061 758 1120 iis
773 1062 865 1121 utiles
881 1078 921 1123 est

66 1162 137 1213 cos;
163 1146 212 1204 vel
234 1145 294 1204 sibi
315 1160 408 1219 agros
431 1143 605 1204 adtribuant
618 1147 667 1204 vel
676 1144 839 1220 patiantur
855 1162 910 1207 eos

67 1246 145 1306 quos
160 1230 253 1290 armis
264 1229 475 1311 possederint:
491 1243 562 1288 sese
570 1229 640 1289 unis
653 1228 763 1290 Suevis
779 1231 921 1291 concede

67 1315 124 1374 bus
147 1328 185 1372 ne
207 1313 248 1372 dii
271 1314 394 1388 quidem
415 1313 592 1373 inmortales
607 1330 698 1389 pares
715 1329 788 1374 esse
802 1316 921 1390 possint

67 1414 160 1474 quum
176 1397 299 1472 quidem
313 1398 342 1457 in
366 1398 454 1456 terris
471 1413 541 1458 esse
557 1399 724 1474 neminem,
747 1415 840 1474 quem
862 1416 921 1459 non

14 1487 18 1491 “
67 1497 135 1542 rare
150 1483 281 1557 possint.
322 1500 325 1507 ·

149 1567 227 1625 Vlll.
249 1567 300 1627 Ad
311 1566 388 1626 haec
400 1581 479 1642 quae
489 1565 589 1626 visum
602 1574 649 1626 est
663 1566 775 1626 Caesar
789 1567 921 1642 rosponc'

68 1651 167 1711 exitus
183 1652 240 1711 luit
255 1651 417 1712 orationis=
434 1651 497 1711 Sibi
513 1652 628 1711 nullam
642 1667 710 1710 cum
725 1650 773 1710 his
790 1652 921 1712 amicitia

69 1751 179 1811 posse,
202 1735 229 1795 si
243 1736 273 1794 ln
291 1736 388 1795 Gallia
401 1742 610 1804 remanerent3
637 1751 739 1809 neque
752 1751 860 1794 verum
877 1753 921 1796 est

68 1837 142 1881 suos
159 1820 236 1880 fines
252 1822 329 1881 tucri
345 1837 407 1880 non
422 1821 590 1895 potuerint,
607 1818 724 1879 alienos
740 1835 912 1895 occuparc3

68 1906 146 1966 ullos
162 1904 192 1963 in
209 1906 304 1965 Gallia
317 1919 430 1964 vacare
445 1919 552 1979 agros,
580 1903 631 1979 qui
654 1904 719 1963 dari
740 1909 844 1964 tantae
858 1921 921 1980 prat

69 1989 249 2049 multitudini
265 1989 332 2048 sine
346 1988 456 2048 iniuria
472 1989 607 2063 possint3
634 1988 690 2047 sed
705 1988 812 2062 licere,
836 1990 862 2048 si
877 1991 921 2049 vel

69 2073 215 2135 Ubiorum
229 2073 340 2145 finibus
357 2073 534 2148 considera,
563 2088 694 2148 quorum
715 2072 777 2132 sint
797 2075 890 2148 legati
907 2090 921 2132 a

69 2165 99 2219 et
114 2159 153 2218 de
169 2158 340 2219 Suevorum
355 2158 472 2218 iniuriis
509 2163 674 2232 querantur
695 2162 725 2216 et
739 2172 758 2215 a
773 2171 808 2216 se
823 2158 921 2217 auxili

69 2249 145 2302 tant:
160 2242 220 2302 hoc
235 2258 270 2302 se
280 2243 366 2303 Ubiis
381 2243 607 2317 imperaturum.

150 2325 198 2386 lX.
220 2325 323 2399 Legati
339 2326 415 2385 haec
430 2341 465 2385 se
479 2327 519 2386 ad
539 2342 613 2386 suos
628 2327 777 2386 relaturos
793 2324 921 2387 dixerun

68 2411 234 2470 deliberata
248 2415 320 2484 post
334 2410 414 2469 diem
428 2409 548 2469 tertium
559 2411 598 2470 ad
607 2411 769 2470 Caesarem
780 2424 921 2471 reversur

69 2501 151 2554 tcroa
164 2509 204 2553 ne
218 2495 347 2568 propius
363 2509 398 2554 so
414 2500 516 2553 castra
529 2500 666 2555 moveret
680 2493 843 2568 petierunt.
864 2496 910 2555 Ne

68 2578 257 2638 demcaesar
271 2578 309 2638 ab
324 2593 360 2638 se
374 2578 529 2652 impetrari
541 2594 637 2653 posse
649 2577 733 2638 dixit.
752 2579 921 2653 cognovero

68 2677 207 2736 magnam
222 2668 340 2738 partem
351 2662 504 2738 equitatus
519 2664 558 2723 ab
569 2663 606 2723 iis
619 2662 736 2737 aliquot
747 2663 856 2722 diebus
868 2672 920 2723 ant

68 2746 161 2807 dandi
186 2747 465 2823 frumentandique·
479 2763 574 2808 causa
596 2747 636 2807 ad
650 2746 858 2808 Ambivaritos
873 2755 920 2809 tra

67 2847 134 2892 sam
148 2830 283 2897 missam.
306 2831 372 2892 Hos
388 2817 545 2907 expectari
560 2830 679 2908 equites
695 2837 788 2907 atque
803 2832 869 2893 eius
884 2849 921 2893 re

66 2933 182 2978 moram
197 2915 350 2991 interponi
364 2916 575 2976 arbitrabatur.

149 3001 185 3062 X.
208 3002 298 3062 Mosa
312 3001 439 3076 profluit
454 3017 494 3060 ex
508 3006 611 3063 monte
624 3001 768 3077 vosego,
793 3001 846 3077 qui
862 3009 911 3061 est

68 3085 124 3145 bus
136 3085 317 3161 Lingonum,
333 3092 364 3146 et
377 3092 466 3161 parte
482 3086 615 3162 quadam
630 3101 669 3145 ex
683 3085 792 3146 Rheno
806 3094 921 3161 recept:

67 3171 237 3246 appellatur
243 3171 380 3231 Vacalus
395 3171 588 3246 insulamque
603 3171 697 3231 elficit
709 3171 903 3246 Batavorum,
918 3174 921 3229 ἱ

66 3270 158 3316 anum
179 3253 278 3316 iniluit
297 3271 399 3330 noque
420 3256 543 3331 longius
558 3256 597 3315 ab
613 3254 736 3315 Oceano
751 3255 873 3315 milibus
888 3271 921 3331 pa

66 3355 147 3401 cxxx
161 3341 192 3400 ln
206 3340 345 3402 Rhenum
360 3339 469 3400 influit.
495 3340 622 3402 Rhenus
638 3343 739 3400 autem
755 3338 850 3399 oritur
865 3340 921 3398 ex]

66 3425 124 3500 tiis,
142 3425 193 3501 qui
207 3426 304 3501 Alpes
320 3425 465 3499 incolunt,
482 3431 512 3485 et
525 3425 617 3499 longo
633 3422 733 3497 spatio
749 3439 806 3499 per
821 3423 921 3484 finesl

65 3509 154 3585 tium,
168 3510 391 3586 Helvetiorum,
410 3509 632 3585 Sequanorum,
647 3506 919 3583 Mediomatricum,

65 3607 187 3668 corum,
201 3595 403 3657 Treverorum
419 3595 529 3657 citatus
544 3595 640 3653 fertur
653 3599 699 3666 ot,
719 3592 771 3653 ubi
787 3592 911 3654 Oceano

66 3675 241 3753 pinquavit,
266 3681 296 3740 in
318 3682 423 3756 plures
438 3679 548 3740 deiluit
562 3683 666 3754 partes
682 3676 784 3738 multis
800 3677 921 3751 ingentii

64 3757 173 3826 merlis
188 3757 322 3839 effectis,
353 3779 482 3840 quarum
496 3777 571 3838 pars
585 3775 697 3836 magna
711 3777 730 3822 a
744 3761 818 3822 ieris
834 3761 921 3822 barba
