<?xml version="1.0" encoding="UTF-8"?>
<!DOCTYPE html PUBLIC "-//W3C//DTD XHTML 1.0 Transitional//EN"
    "http://www.w3.org/TR/xhtml1/DTD/xhtml1-transitional.dtd">
<html xmlns="http://www.w3.org/1999/xhtml" xml:lang="en" lang="en">
 <head>
  <title>
</title>
<meta http-equiv="Content-Type" content="text/html;charset=utf-8" />
  <meta name='ocr-system' content='tesseract 3.04.00' />
  <meta name='ocr-capabilities' content='ocr_page ocr_carea ocr_par ocr_line ocrx_word'/>
</head>
<body>
  <div class='ocr_page' id='page_1' title='image "./commentarii00caesgoog_0373.png"; bbox 0 0 2272 4176; ppageno 0'>
   <div class='ocr_carea' id='block_1_1' title="bbox 60 484 829 557">
    <p class='ocr_par' dir='ltr' id='par_1_1' title="bbox 60 484 829 557">
     <span class='ocr_line' id='line_1_1' title="bbox 60 484 829 557; baseline -0.008 -4"><span class='ocrx_word' id='word_1_1' title='bbox 60 486 125 553; x_wconf 70' lang='grc'>860</span> <span class='ocrx_word' id='word_1_2' title='bbox 369 484 529 547; x_wconf 80' lang='lat' dir='ltr'><strong>BELLUM</strong></span> <span class='ocrx_word' id='word_1_3' title='bbox 548 484 728 548; x_wconf 70' lang='lat' dir='ltr'>eamcam.</span> <span class='ocrx_word' id='word_1_4' title='bbox 823 546 829 557; x_wconf 77' lang='grc'><em>,</em></span> 
     </span>
    </p>
   </div>
   <div class='ocr_carea' id='block_1_2' title="bbox 62 639 1024 3247">
    <p class='ocr_par' dir='ltr' id='par_1_2' title="bbox 62 639 1024 1543">
     <span class='ocr_line' id='line_1_2' title="bbox 62 639 1024 717; baseline 0.001 -15"><span class='ocrx_word' id='word_1_5' title='bbox 62 650 109 703; x_wconf 89' lang='lat' dir='ltr'>tes</span> <span class='ocrx_word' id='word_1_6' title='bbox 131 645 304 717; x_wconf 86' lang='lat' dir='ltr'>expectare.</span> <span class='ocrx_word' id='word_1_7' title='bbox 332 640 440 714; x_wconf 87' lang='lat' dir='ltr'>ltaque</span> <span class='ocrx_word' id='word_1_8' title='bbox 460 639 633 701; x_wconf 83' lang='lat' dir='ltr'>sinemora</span> <span class='ocrx_word' id='word_1_9' title='bbox 654 639 785 701; x_wconf 90' lang='lat' dir='ltr'>navibus</span> <span class='ocrx_word' id='word_1_10' title='bbox 806 640 850 701; x_wconf 88' lang='lat' dir='ltr'>eis</span> <span class='ocrx_word' id='word_1_11' title='bbox 869 639 901 700; x_wconf 87' lang='lat' dir='ltr'>in</span> <span class='ocrx_word' id='word_1_12' title='bbox 916 650 1024 717; x_wconf 84' lang='lat' dir='ltr'>partun</span> 
     </span>
     <span class='ocr_line' id='line_1_3' title="bbox 62 720 1022 801; baseline 0.001 -15"><span class='ocrx_word' id='word_1_13' title='bbox 62 726 195 801; x_wconf 76' lang='lat' dir='ltr'><strong>receptis</strong></span> <span class='ocrx_word' id='word_1_14' title='bbox 211 732 241 785; x_wconf 90' lang='lat' dir='ltr'>et</span> <span class='ocrx_word' id='word_1_15' title='bbox 255 724 391 784; x_wconf 80' lang='lat' dir='ltr'><strong>advectis</strong></span> <span class='ocrx_word' id='word_1_16' title='bbox 407 720 532 783; x_wconf 89' lang='lat' dir='ltr'>militum</span> <span class='ocrx_word' id='word_1_17' title='bbox 547 725 747 800; x_wconf 76' lang='lat' dir='ltr'>equitumque</span> <span class='ocrx_word' id='word_1_18' title='bbox 762 725 859 801; x_wconf 88' lang='lat' dir='ltr'>copiis</span> <span class='ocrx_word' id='word_1_19' title='bbox 871 742 979 787; x_wconf 86' lang='lat' dir='ltr'>rursus</span> <span class='ocrx_word' id='word_1_20' title='bbox 992 727 1022 787; x_wconf 89' lang='lat' dir='ltr'>ad</span> 
     </span>
     <span class='ocr_line' id='line_1_4' title="bbox 65 808 1022 887; baseline -0.004 -14"><span class='ocrx_word' id='word_1_21' title='bbox 65 810 212 887; x_wconf 91' lang='lat' dir='ltr'>oppidum</span> <span class='ocrx_word' id='word_1_22' title='bbox 221 808 389 883; x_wconf 84' lang='lat' dir='ltr'>Ruspinam</span> <span class='ocrx_word' id='word_1_23' title='bbox 403 808 484 867; x_wconf 89' lang='lat' dir='ltr'>redit</span> <span class='ocrx_word' id='word_1_24' title='bbox 497 815 589 882; x_wconf 88' lang='lat' dir='ltr'>atque</span> <span class='ocrx_word' id='word_1_25' title='bbox 603 809 644 869; x_wconf 86' lang='lat' dir='ltr'>ibi</span> <span class='ocrx_word' id='word_1_26' title='bbox 656 810 769 870; x_wconf 91' lang='lat' dir='ltr'>castris</span> <span class='ocrx_word' id='word_1_27' title='bbox 784 810 954 872; x_wconf 86' lang='lat' dir='ltr'>constitutis</span> <span class='ocrx_word' id='word_1_28' title='bbox 967 812 1022 887; x_wconf 86' lang='lat' dir='ltr'>ipsa</span> 
     </span>
     <span class='ocr_line' id='line_1_5' title="bbox 64 892 1022 970; baseline -0.001 -15"><span class='ocrx_word' id='word_1_29' title='bbox 64 911 133 955; x_wconf 91' lang='lat' dir='ltr'>cum</span> <span class='ocrx_word' id='word_1_30' title='bbox 155 893 332 954; x_wconf 80' lang='lat' dir='ltr'>cohortibus</span> <span class='ocrx_word' id='word_1_31' title='bbox 354 892 505 967; x_wconf 89' lang='lat' dir='ltr'>expeditis</span> <span class='ocrx_word' id='word_1_32' title='bbox 526 893 649 967; x_wconf 85' lang='lat' dir='ltr'>triginta</span> <span class='ocrx_word' id='word_1_33' title='bbox 670 894 885 956; x_wconf 85' lang='lat' dir='ltr'>frumentatum</span> <span class='ocrx_word' id='word_1_34' title='bbox 906 902 953 955; x_wconf 91' lang='lat' dir='ltr'>est</span> <span class='ocrx_word' id='word_1_35' title='bbox 965 911 1022 970; x_wconf 83' lang='lat' dir='ltr'>pro</span> 
     </span>
     <span class='ocr_line' id='line_1_6' title="bbox 64 976 1022 1054; baseline 0.002 -16"><span class='ocrx_word' id='word_1_36' title='bbox 64 981 171 1040; x_wconf 88' lang='lat' dir='ltr'>lectus.</span> <span class='ocrx_word' id='word_1_37' title='bbox 186 977 234 1037; x_wconf 85' lang='lat' dir='ltr'>Ex</span> <span class='ocrx_word' id='word_1_38' title='bbox 249 993 286 1037; x_wconf 96' lang='lat' dir='ltr'>eo</span> <span class='ocrx_word' id='word_1_39' title='bbox 302 984 350 1036; x_wconf 91' lang='lat' dir='ltr'>est</span> <span class='ocrx_word' id='word_1_40' title='bbox 364 976 516 1051; x_wconf 86' lang='lat' dir='ltr'>cognitum</span> <span class='ocrx_word' id='word_1_41' title='bbox 532 977 670 1037; x_wconf 88' lang='lat' dir='ltr'>Caesaris</span> <span class='ocrx_word' id='word_1_42' title='bbox 687 978 859 1054; x_wconf 85' lang='lat' dir='ltr'>eonsilium,</span> <span class='ocrx_word' id='word_1_43' title='bbox 873 978 955 1039; x_wconf 91' lang='lat' dir='ltr'>illurn</span> <span class='ocrx_word' id='word_1_44' title='bbox 967 994 1022 1040; x_wconf 89' lang='lat' dir='ltr'>eun</span> 
     </span>
     <span class='ocr_line' id='line_1_7' title="bbox 65 1061 1023 1137; baseline 0.002 -15"><span class='ocrx_word' id='word_1_45' title='bbox 65 1065 167 1124; x_wconf 89' lang='lat' dir='ltr'>classe</span> <span class='ocrx_word' id='word_1_46' title='bbox 182 1062 312 1120; x_wconf 90' lang='lat' dir='ltr'>navibus</span> <span class='ocrx_word' id='word_1_47' title='bbox 328 1061 492 1136; x_wconf 88' lang='lat' dir='ltr'>onerariis,</span> <span class='ocrx_word' id='word_1_48' title='bbox 516 1077 595 1136; x_wconf 89' lang='lat' dir='ltr'>quae</span> <span class='ocrx_word' id='word_1_49' title='bbox 611 1062 825 1137; x_wconf 82' lang='lat' dir='ltr'>deerrassent,</span> <span class='ocrx_word' id='word_1_50' title='bbox 841 1063 976 1124; x_wconf 92' lang='lat' dir='ltr'>subsidio</span> <span class='ocrx_word' id='word_1_51' title='bbox 988 1065 1023 1123; x_wconf 89' lang='lat' dir='ltr'>ire</span> 
     </span>
     <span class='ocr_line' id='line_1_8' title="bbox 64 1145 1023 1222; baseline 0 -16"><span class='ocrx_word' id='word_1_52' title='bbox 64 1149 142 1207; x_wconf 90' lang='lat' dir='ltr'>clam</span> <span class='ocrx_word' id='word_1_53' title='bbox 155 1145 294 1207; x_wconf 85' lang='lat' dir='ltr'>hostibus</span> <span class='ocrx_word' id='word_1_54' title='bbox 309 1146 461 1218; x_wconf 89' lang='lat' dir='ltr'>voluisse,</span> <span class='ocrx_word' id='word_1_55' title='bbox 488 1161 525 1204; x_wconf 91' lang='lat' dir='ltr'>ne</span> <span class='ocrx_word' id='word_1_56' title='bbox 547 1161 622 1206; x_wconf 89' lang='lat' dir='ltr'>casu</span> <span class='ocrx_word' id='word_1_57' title='bbox 637 1147 841 1222; x_wconf 83' lang='lat' dir='ltr'>inprudentes</span> <span class='ocrx_word' id='word_1_58' title='bbox 856 1163 931 1208; x_wconf 89' lang='lat' dir='ltr'>suae</span> <span class='ocrx_word' id='word_1_59' title='bbox 943 1162 1023 1207; x_wconf 89' lang='lat' dir='ltr'>naves</span> 
     </span>
     <span class='ocr_line' id='line_1_9' title="bbox 64 1229 1022 1307; baseline 0.001 -19"><span class='ocrx_word' id='word_1_60' title='bbox 64 1230 94 1289; x_wconf 94' lang='lat' dir='ltr'>in</span> <span class='ocrx_word' id='word_1_61' title='bbox 110 1233 242 1291; x_wconf 84' lang='lat' dir='ltr'>classem</span> <span class='ocrx_word' id='word_1_62' title='bbox 253 1229 499 1290; x_wconf 89' lang='lat' dir='ltr'>adversariorum</span> <span class='ocrx_word' id='word_1_63' title='bbox 511 1229 688 1306; x_wconf 89' lang='lat' dir='ltr'>inciderent,</span> <span class='ocrx_word' id='word_1_64' title='bbox 703 1247 807 1307; x_wconf 85' lang='lat' dir='ltr'>neque</span> <span class='ocrx_word' id='word_1_65' title='bbox 823 1248 892 1291; x_wconf 89' lang='lat' dir='ltr'>eam</span> <span class='ocrx_word' id='word_1_66' title='bbox 905 1246 965 1290; x_wconf 90' lang='lat' dir='ltr'>rem</span> <span class='ocrx_word' id='word_1_67' title='bbox 979 1247 1022 1292; x_wconf 87' lang='lat' dir='ltr'>eos</span> 
     </span>
     <span class='ocr_line' id='line_1_10' title="bbox 63 1314 1022 1390; baseline 0.003 -17"><span class='ocrx_word' id='word_1_68' title='bbox 63 1316 200 1376; x_wconf 89' lang='lat' dir='ltr'>voluisse</span> <span class='ocrx_word' id='word_1_69' title='bbox 221 1314 315 1389; x_wconf 89' lang='lat' dir='ltr'>scire,</span> <span class='ocrx_word' id='word_1_70' title='bbox 343 1314 394 1390; x_wconf 92' lang='lat' dir='ltr'>qul</span> <span class='ocrx_word' id='word_1_71' title='bbox 417 1314 448 1372; x_wconf 93' lang='lat' dir='ltr'>in</span> <span class='ocrx_word' id='word_1_72' title='bbox 470 1314 632 1388; x_wconf 82' lang='lat' dir='ltr'>praesidiis</span> <span class='ocrx_word' id='word_1_73' title='bbox 653 1315 748 1375; x_wconf 88' lang='lat' dir='ltr'>relicti</span> <span class='ocrx_word' id='word_1_74' title='bbox 772 1316 821 1376; x_wconf 91' lang='lat' dir='ltr'>sui</span> <span class='ocrx_word' id='word_1_75' title='bbox 842 1316 949 1375; x_wconf 83' lang='lat' dir='ltr'>milites</span> <span class='ocrx_word' id='word_1_76' title='bbox 964 1317 1022 1376; x_wconf 90' lang='lat' dir='ltr'>luis·</span> 
     </span>
     <span class='ocr_line' id='line_1_11' title="bbox 65 1398 1022 1474; baseline 0.002 -16"><span class='ocrx_word' id='word_1_77' title='bbox 65 1405 145 1472; x_wconf 91' lang='lat' dir='ltr'>sent,</span> <span class='ocrx_word' id='word_1_78' title='bbox 167 1415 205 1458; x_wconf 89' lang='lat' dir='ltr'>ne</span> <span class='ocrx_word' id='word_1_79' title='bbox 219 1398 250 1457; x_wconf 93' lang='lat' dir='ltr'>hi</span> <span class='ocrx_word' id='word_1_80' title='bbox 265 1406 392 1473; x_wconf 90' lang='lat' dir='ltr'>propter</span> <span class='ocrx_word' id='word_1_81' title='bbox 407 1414 533 1459; x_wconf 92' lang='lat' dir='ltr'>suorum</span> <span class='ocrx_word' id='word_1_82' title='bbox 547 1400 731 1474; x_wconf 85' lang='lat' dir='ltr'>paucitatem</span> <span class='ocrx_word' id='word_1_83' title='bbox 746 1407 777 1460; x_wconf 93' lang='lat' dir='ltr'>et</span> <span class='ocrx_word' id='word_1_84' title='bbox 790 1400 928 1460; x_wconf 91' lang='lat' dir='ltr'>hostium</span> <span class='ocrx_word' id='word_1_85' title='bbox 941 1401 1022 1460; x_wconf 90' lang='lat' dir='ltr'>multi·</span> 
     </span>
     <span class='ocr_line' id='line_1_12' title="bbox 65 1483 481 1543; baseline -0.005 0"><span class='ocrx_word' id='word_1_86' title='bbox 65 1484 198 1543; x_wconf 90' lang='lat' dir='ltr'>tudinem</span> <span class='ocrx_word' id='word_1_87' title='bbox 211 1489 293 1542; x_wconf 93' lang='lat' dir='ltr'>metu</span> <span class='ocrx_word' id='word_1_88' title='bbox 307 1483 481 1543; x_wconf 83' lang='lat' dir='ltr'>delicerent.</span> 
     </span>
    </p>

    <p class='ocr_par' dir='ltr' id='par_1_3' title="bbox 63 1566 1024 2655">
     <span class='ocr_line' id='line_1_13' title="bbox 145 1566 1021 1642; baseline 0.001 -16"><span class='ocrx_word' id='word_1_89' title='bbox 145 1567 209 1626; x_wconf 84' lang='grc' dir='ltr'>ΧΠ.</span> <span class='ocrx_word' id='word_1_90' title='bbox 232 1566 354 1626; x_wconf 87' lang='lat' dir='ltr'>Interim</span> <span class='ocrx_word' id='word_1_91' title='bbox 370 1583 438 1627; x_wconf 90' lang='lat' dir='ltr'>cum</span> <span class='ocrx_word' id='word_1_92' title='bbox 452 1568 512 1627; x_wconf 92' lang='lat' dir='ltr'>iam</span> <span class='ocrx_word' id='word_1_93' title='bbox 528 1568 640 1628; x_wconf 83' lang='lat' dir='ltr'>Caesar</span> <span class='ocrx_word' id='word_1_94' title='bbox 653 1582 843 1642; x_wconf 85' lang='lat' dir='ltr'>progressus</span> <span class='ocrx_word' id='word_1_95' title='bbox 859 1576 944 1629; x_wconf 90' lang='lat' dir='ltr'>esset</span> <span class='ocrx_word' id='word_1_96' title='bbox 954 1585 971 1628; x_wconf 91' lang='lat' dir='ltr'>a</span> <span class='ocrx_word' id='word_1_97' title='bbox 983 1584 1021 1628; x_wconf 85' lang='lat' dir='ltr'>ca·</span> 
     </span>
     <span class='ocr_line' id='line_1_14' title="bbox 65 1650 1021 1729; baseline 0.001 -18"><span class='ocrx_word' id='word_1_98' title='bbox 65 1650 135 1711; x_wconf 91' lang='lat' dir='ltr'>stris</span> <span class='ocrx_word' id='word_1_99' title='bbox 152 1650 271 1713; x_wconf 89' lang='lat' dir='ltr'>circiter</span> <span class='ocrx_word' id='word_1_100' title='bbox 284 1652 366 1711; x_wconf 91' lang='lat' dir='ltr'>milia</span> <span class='ocrx_word' id='word_1_101' title='bbox 374 1668 525 1727; x_wconf 89' lang='lat' dir='ltr'>passuum</span> <span class='ocrx_word' id='word_1_102' title='bbox 536 1652 663 1729; x_wconf 87' lang='lat' dir='ltr'>tria,per</span> <span class='ocrx_word' id='word_1_103' title='bbox 678 1654 895 1727; x_wconf 88' lang='lat' dir='ltr'>speculatores</span> <span class='ocrx_word' id='word_1_104' title='bbox 912 1660 1021 1714; x_wconf 76' lang='lat' dir='ltr'>etanta</span> 
     </span>
     <span class='ocr_line' id='line_1_15' title="bbox 65 1735 1023 1812; baseline 0 -16"><span class='ocrx_word' id='word_1_105' title='bbox 65 1750 208 1802; x_wconf 82' lang='lat' dir='ltr'>cessores</span> <span class='ocrx_word' id='word_1_106' title='bbox 228 1735 347 1810; x_wconf 91' lang='lat' dir='ltr'>equites</span> <span class='ocrx_word' id='word_1_107' title='bbox 369 1738 523 1796; x_wconf 89' lang='lat' dir='ltr'>nuntiatur</span> <span class='ocrx_word' id='word_1_108' title='bbox 537 1737 564 1794; x_wconf 87' lang='lat' dir='ltr'>ei</span> <span class='ocrx_word' id='word_1_109' title='bbox 579 1737 685 1811; x_wconf 91' lang='lat' dir='ltr'>copias</span> <span class='ocrx_word' id='word_1_110' title='bbox 701 1735 838 1796; x_wconf 91' lang='lat' dir='ltr'>hostium</span> <span class='ocrx_word' id='word_1_111' title='bbox 851 1737 935 1798; x_wconf 92' lang='lat' dir='ltr'>haud</span> <span class='ocrx_word' id='word_1_112' title='bbox 948 1740 1023 1812; x_wconf 83' lang='lat' dir='ltr'>longe</span> 
     </span>
     <span class='ocr_line' id='line_1_16' title="bbox 66 1819 1021 1897; baseline 0.001 -17"><span class='ocrx_word' id='word_1_113' title='bbox 66 1820 102 1880; x_wconf 83' lang='lat' dir='ltr'>ab</span> <span class='ocrx_word' id='word_1_114' title='bbox 124 1835 196 1880; x_wconf 89' lang='lat' dir='ltr'>sese</span> <span class='ocrx_word' id='word_1_115' title='bbox 215 1819 309 1879; x_wconf 89' lang='lat' dir='ltr'>visas.</span> <span class='ocrx_word' id='word_1_116' title='bbox 338 1820 377 1879; x_wconf 84' lang='lat' dir='ltr'>Et</span> <span class='ocrx_word' id='word_1_117' title='bbox 396 1821 520 1881; x_wconf 88' lang='lat' dir='ltr'>hercule</span> <span class='ocrx_word' id='word_1_118' title='bbox 541 1836 609 1880; x_wconf 91' lang='lat' dir='ltr'>cum</span> <span class='ocrx_word' id='word_1_119' title='bbox 631 1836 667 1881; x_wconf 93' lang='lat' dir='ltr'>eo</span> <span class='ocrx_word' id='word_1_120' title='bbox 689 1821 794 1882; x_wconf 91' lang='lat' dir='ltr'>nuntio</span> <span class='ocrx_word' id='word_1_121' title='bbox 810 1823 915 1896; x_wconf 92' lang='lat' dir='ltr'>pulvis</span> <span class='ocrx_word' id='word_1_122' title='bbox 930 1825 1021 1897; x_wconf 85' lang='lat' dir='ltr'>ingens</span> 
     </span>
     <span class='ocr_line' id='line_1_17' title="bbox 67 1905 1021 1980; baseline -0.002 -14"><span class='ocrx_word' id='word_1_123' title='bbox 67 1905 203 1980; x_wconf 88' lang='lat' dir='ltr'>conspici</span> <span class='ocrx_word' id='word_1_124' title='bbox 219 1910 347 1979; x_wconf 89' lang='lat' dir='ltr'>coeptus</span> <span class='ocrx_word' id='word_1_125' title='bbox 364 1912 419 1964; x_wconf 90' lang='lat' dir='ltr'>est.</span> <span class='ocrx_word' id='word_1_126' title='bbox 447 1905 512 1964; x_wconf 87' lang='lat' dir='ltr'>Hae</span> <span class='ocrx_word' id='word_1_127' title='bbox 525 1920 559 1964; x_wconf 90' lang='lat' dir='ltr'>re</span> <span class='ocrx_word' id='word_1_128' title='bbox 575 1905 695 1980; x_wconf 86' lang='lat' dir='ltr'>cognita</span> <span class='ocrx_word' id='word_1_129' title='bbox 711 1906 827 1965; x_wconf 84' lang='lat' dir='ltr'>Caesar</span> <span class='ocrx_word' id='word_1_130' title='bbox 842 1907 976 1965; x_wconf 84' lang='lat' dir='ltr'>celeriter</span> <span class='ocrx_word' id='word_1_131' title='bbox 988 1909 1021 1965; x_wconf 89' lang='lat' dir='ltr'>iu·</span> 
     </span>
     <span class='ocr_line' id='line_1_18' title="bbox 66 1989 1022 2066; baseline 0 -18"><span class='ocrx_word' id='word_1_132' title='bbox 66 1992 115 2049; x_wconf 89' lang='lat' dir='ltr'>bet</span> <span class='ocrx_word' id='word_1_133' title='bbox 130 1990 295 2066; x_wconf 90' lang='lat' dir='ltr'>equitatum</span> <span class='ocrx_word' id='word_1_134' title='bbox 310 1989 494 2063; x_wconf 90' lang='lat' dir='ltr'>universum,</span> <span class='ocrx_word' id='word_1_135' title='bbox 507 1989 593 2049; x_wconf 89' lang='lat' dir='ltr'>cuius</span> <span class='ocrx_word' id='word_1_136' title='bbox 608 1990 842 2065; x_wconf 87' lang='lat' dir='ltr'>copiamhabuit</span> <span class='ocrx_word' id='word_1_137' title='bbox 854 1991 885 2049; x_wconf 90' lang='lat' dir='ltr'>in</span> <span class='ocrx_word' id='word_1_138' title='bbox 892 2006 1022 2064; x_wconf 89' lang='lat' dir='ltr'>praesen·</span> 
     </span>
     <span class='ocr_line' id='line_1_19' title="bbox 66 2073 1021 2150; baseline 0 -16"><span class='ocrx_word' id='word_1_139' title='bbox 66 2073 105 2134; x_wconf 89' lang='lat' dir='ltr'>tia</span> <span class='ocrx_word' id='word_1_140' title='bbox 119 2091 180 2134; x_wconf 93' lang='lat' dir='ltr'>non</span> <span class='ocrx_word' id='word_1_141' title='bbox 195 2090 343 2149; x_wconf 85' lang='lat' dir='ltr'>magnam,</span> <span class='ocrx_word' id='word_1_142' title='bbox 360 2080 390 2133; x_wconf 90' lang='lat' dir='ltr'>et</span> <span class='ocrx_word' id='word_1_143' title='bbox 405 2074 586 2148; x_wconf 66' lang='lat' dir='ltr'>sagittarios</span> <span class='ocrx_word' id='word_1_144' title='bbox 605 2090 733 2150; x_wconf 92' lang='lat' dir='ltr'>quorum</span> <span class='ocrx_word' id='word_1_145' title='bbox 749 2091 866 2150; x_wconf 76' lang='lat' dir='ltr'>partus</span> <span class='ocrx_word' id='word_1_146' title='bbox 883 2092 1021 2147; x_wconf 88' lang='lat' dir='ltr'>numerus,</span> 
     </span>
     <span class='ocr_line' id='line_1_20' title="bbox 65 2158 1022 2233; baseline 0 -16"><span class='ocrx_word' id='word_1_147' title='bbox 65 2174 104 2218; x_wconf 86' lang='lat' dir='ltr'>ex</span> <span class='ocrx_word' id='word_1_148' title='bbox 119 2160 226 2219; x_wconf 91' lang='lat' dir='ltr'>castris</span> <span class='ocrx_word' id='word_1_149' title='bbox 242 2158 384 2219; x_wconf 89' lang='lat' dir='ltr'>arcessiri</span> <span class='ocrx_word' id='word_1_150' title='bbox 399 2165 490 2233; x_wconf 86' lang='lat' dir='ltr'>atque</span> <span class='ocrx_word' id='word_1_151' title='bbox 506 2159 665 2219; x_wconf 88' lang='lat' dir='ltr'>ordinatim</span> <span class='ocrx_word' id='word_1_152' title='bbox 681 2159 769 2233; x_wconf 86' lang='lat' dir='ltr'>signa</span> <span class='ocrx_word' id='word_1_153' title='bbox 784 2175 819 2218; x_wconf 87' lang='lat' dir='ltr'>se</span> <span class='ocrx_word' id='word_1_154' title='bbox 842 2160 951 2219; x_wconf 89' lang='lat' dir='ltr'>leniter</span> <span class='ocrx_word' id='word_1_155' title='bbox 963 2175 1022 2220; x_wconf 90' lang='lat' dir='ltr'>con-</span> 
     </span>
     <span class='ocr_line' id='line_1_21' title="bbox 66 2242 1022 2319; baseline -0.002 -16"><span class='ocrx_word' id='word_1_156' title='bbox 66 2244 169 2319; x_wconf 85' lang='lat' dir='ltr'>sequi;</span> <span class='ocrx_word' id='word_1_157' title='bbox 186 2244 254 2318; x_wconf 94' lang='lat' dir='ltr'>ipse</span> <span class='ocrx_word' id='word_1_158' title='bbox 269 2242 450 2304; x_wconf 88' lang='lat' dir='ltr'>antecedere</span> <span class='ocrx_word' id='word_1_159' title='bbox 465 2259 533 2302; x_wconf 87' lang='lat' dir='ltr'>cum</span> <span class='ocrx_word' id='word_1_160' title='bbox 547 2244 655 2318; x_wconf 87' lang='lat' dir='ltr'>paucis</span> <span class='ocrx_word' id='word_1_161' title='bbox 671 2243 804 2303; x_wconf 91' lang='lat' dir='ltr'>armatis.</span> <span class='ocrx_word' id='word_1_162' title='bbox 828 2245 953 2319; x_wconf 91' lang='lat' dir='ltr'>lamque</span> <span class='ocrx_word' id='word_1_163' title='bbox 967 2260 1022 2304; x_wconf 89' lang='lat' dir='ltr'>cum</span> 
     </span>
     <span class='ocr_line' id='line_1_22' title="bbox 67 2327 1024 2403; baseline 0 -17"><span class='ocrx_word' id='word_1_164' title='bbox 67 2329 172 2403; x_wconf 92' lang='lat' dir='ltr'>procul</span> <span class='ocrx_word' id='word_1_165' title='bbox 196 2328 293 2388; x_wconf 92' lang='lat' dir='ltr'>hostis</span> <span class='ocrx_word' id='word_1_166' title='bbox 316 2327 453 2402; x_wconf 88' lang='lat' dir='ltr'>conspici</span> <span class='ocrx_word' id='word_1_167' title='bbox 480 2335 602 2403; x_wconf 92' lang='lat' dir='ltr'>posset,</span> <span class='ocrx_word' id='word_1_168' title='bbox 628 2328 736 2387; x_wconf 87' lang='lat' dir='ltr'>milites</span> <span class='ocrx_word' id='word_1_169' title='bbox 762 2329 792 2387; x_wconf 93' lang='lat' dir='ltr'>in</span> <span class='ocrx_word' id='word_1_170' title='bbox 821 2344 931 2403; x_wconf 90' lang='lat' dir='ltr'>campo</span> <span class='ocrx_word' id='word_1_171' title='bbox 955 2330 1024 2389; x_wconf 88' lang='lat' dir='ltr'>iubet</span> 
     </span>
     <span class='ocr_line' id='line_1_23' title="bbox 64 2412 1022 2488; baseline -0.001 -17"><span class='ocrx_word' id='word_1_172' title='bbox 64 2412 178 2486; x_wconf 83' lang='lat' dir='ltr'>galcari</span> <span class='ocrx_word' id='word_1_173' title='bbox 193 2418 223 2471; x_wconf 92' lang='lat' dir='ltr'>et</span> <span class='ocrx_word' id='word_1_174' title='bbox 236 2413 276 2472; x_wconf 86' lang='lat' dir='ltr'>ad</span> <span class='ocrx_word' id='word_1_175' title='bbox 288 2427 354 2472; x_wconf 90' lang='lat' dir='ltr'>eam</span> <span class='ocrx_word' id='word_1_176' title='bbox 368 2427 501 2487; x_wconf 88' lang='lat' dir='ltr'>pugnam</span> <span class='ocrx_word' id='word_1_177' title='bbox 515 2414 632 2488; x_wconf 88' lang='lat' dir='ltr'>parari;</span> <span class='ocrx_word' id='word_1_178' title='bbox 647 2429 775 2488; x_wconf 90' lang='lat' dir='ltr'>quorum</span> <span class='ocrx_word' id='word_1_179' title='bbox 792 2413 918 2474; x_wconf 92' lang='lat' dir='ltr'>omnino</span> <span class='ocrx_word' id='word_1_180' title='bbox 934 2428 1022 2474; x_wconf 80' lang='lat' dir='ltr'>nume</span> 
     </span>
     <span class='ocr_line' id='line_1_24' title="bbox 63 2496 1022 2572; baseline 0.001 -18"><span class='ocrx_word' id='word_1_181' title='bbox 63 2512 117 2555; x_wconf 92' lang='lat' dir='ltr'>rus</span> <span class='ocrx_word' id='word_1_182' title='bbox 134 2496 188 2556; x_wconf 92' lang='lat' dir='ltr'>luit</span> <span class='ocrx_word' id='word_1_183' title='bbox 201 2496 323 2570; x_wconf 88' lang='lat' dir='ltr'>triginta</span> <span class='ocrx_word' id='word_1_184' title='bbox 337 2496 506 2557; x_wconf 88' lang='lat' dir='ltr'>cohortium</span> <span class='ocrx_word' id='word_1_185' title='bbox 534 2515 602 2558; x_wconf 89' lang='lat' dir='ltr'>eum</span> <span class='ocrx_word' id='word_1_186' title='bbox 626 2497 779 2572; x_wconf 91' lang='lat' dir='ltr'>equitibus</span> <span class='ocrx_word' id='word_1_187' title='bbox 796 2498 1022 2572; x_wconf 79' lang='lat' dir='ltr'>quadringentis,</span> 
     </span>
     <span class='ocr_line' id='line_1_25' title="bbox 63 2580 282 2655; baseline -0.014 -15"><span class='ocrx_word' id='word_1_188' title='bbox 63 2580 225 2655; x_wconf 88' lang='lat' dir='ltr'>sagittariis</span> <span class='ocrx_word' id='word_1_189' title='bbox 242 2597 282 2638; x_wconf 82' lang='lat' dir='ltr'>cn.</span> 
     </span>
    </p>

    <p class='ocr_par' dir='ltr' id='par_1_4' title="bbox 63 2664 1023 3247">
     <span class='ocr_line' id='line_1_26' title="bbox 146 2664 1023 2740; baseline 0 -17"><span class='ocrx_word' id='word_1_190' title='bbox 146 2664 223 2723; x_wconf 88' lang='lat' dir='ltr'>Xlll.</span> <span class='ocrx_word' id='word_1_191' title='bbox 244 2665 356 2724; x_wconf 90' lang='lat' dir='ltr'>Hostes</span> <span class='ocrx_word' id='word_1_192' title='bbox 372 2665 503 2738; x_wconf 89' lang='lat' dir='ltr'>interim,</span> <span class='ocrx_word' id='word_1_193' title='bbox 531 2680 661 2740; x_wconf 91' lang='lat' dir='ltr'>quorum</span> <span class='ocrx_word' id='word_1_194' title='bbox 683 2666 744 2724; x_wconf 86' lang='lat' dir='ltr'>dux</span> <span class='ocrx_word' id='word_1_195' title='bbox 760 2672 825 2726; x_wconf 89' lang='lat' dir='ltr'>erat</span> <span class='ocrx_word' id='word_1_196' title='bbox 839 2666 988 2726; x_wconf 91' lang='lat' dir='ltr'>Labienus</span> <span class='ocrx_word' id='word_1_197' title='bbox 1000 2672 1023 2725; x_wconf 90' lang='lat' dir='ltr'>et</span> 
     </span>
     <span class='ocr_line' id='line_1_27' title="bbox 66 2748 1022 2825; baseline 0 -18"><span class='ocrx_word' id='word_1_198' title='bbox 66 2749 126 2809; x_wconf 94' lang='lat' dir='ltr'>duo</span> <span class='ocrx_word' id='word_1_199' title='bbox 140 2748 269 2823; x_wconf 87' lang='lat' dir='ltr'>Pacidii,</span> <span class='ocrx_word' id='word_1_200' title='bbox 285 2748 381 2809; x_wconf 90' lang='lat' dir='ltr'>aciem</span> <span class='ocrx_word' id='word_1_201' title='bbox 397 2750 530 2824; x_wconf 86' lang='lat' dir='ltr'>dirigunt</span> <span class='ocrx_word' id='word_1_202' title='bbox 543 2750 670 2808; x_wconf 89' lang='lat' dir='ltr'>mirabili</span> <span class='ocrx_word' id='word_1_203' title='bbox 684 2749 890 2823; x_wconf 79' lang='lat' dir='ltr'>longitudine,</span> <span class='ocrx_word' id='word_1_204' title='bbox 907 2768 965 2811; x_wconf 94' lang='lat' dir='ltr'>non</span> <span class='ocrx_word' id='word_1_205' title='bbox 979 2765 1022 2825; x_wconf 88' lang='lat' dir='ltr'>pe·</span> 
     </span>
     <span class='ocr_line' id='line_1_28' title="bbox 65 2833 1022 2908; baseline 0.001 -17"><span class='ocrx_word' id='word_1_206' title='bbox 65 2833 174 2907; x_wconf 86' lang='lat' dir='ltr'>ditum,</span> <span class='ocrx_word' id='word_1_207' title='bbox 200 2833 256 2894; x_wconf 90' lang='lat' dir='ltr'>sed</span> <span class='ocrx_word' id='word_1_208' title='bbox 277 2833 411 2908; x_wconf 91' lang='lat' dir='ltr'>equitum</span> <span class='ocrx_word' id='word_1_209' title='bbox 427 2836 592 2894; x_wconf 81' lang='lat' dir='ltr'>consertam</span> <span class='ocrx_word' id='word_1_210' title='bbox 607 2840 636 2892; x_wconf 89' lang='lat' dir='ltr'>et</span> <span class='ocrx_word' id='word_1_211' title='bbox 650 2834 726 2893; x_wconf 88' lang='lat' dir='ltr'>inter</span> <span class='ocrx_word' id='word_1_212' title='bbox 742 2849 797 2892; x_wconf 91' lang='lat' dir='ltr'>eos</span> <span class='ocrx_word' id='word_1_213' title='bbox 813 2835 890 2894; x_wconf 89' lang='lat' dir='ltr'>levis</span> <span class='ocrx_word' id='word_1_214' title='bbox 907 2842 1022 2894; x_wconf 89' lang='lat' dir='ltr'>armatu-</span> 
     </span>
     <span class='ocr_line' id='line_1_29' title="bbox 63 2918 1022 2993; baseline -0.001 -17"><span class='ocrx_word' id='word_1_215' title='bbox 63 2934 117 2977; x_wconf 87' lang='lat' dir='ltr'>rae</span> <span class='ocrx_word' id='word_1_216' title='bbox 136 2918 281 2978; x_wconf 90' lang='lat' dir='ltr'>Numidas</span> <span class='ocrx_word' id='word_1_217' title='bbox 304 2924 334 2977; x_wconf 90' lang='lat' dir='ltr'>et</span> <span class='ocrx_word' id='word_1_218' title='bbox 355 2918 527 2991; x_wconf 88' lang='lat' dir='ltr'>sagittarios</span> <span class='ocrx_word' id='word_1_219' title='bbox 549 2918 668 2993; x_wconf 88' lang='lat' dir='ltr'>pedites</span> <span class='ocrx_word' id='word_1_220' title='bbox 689 2919 939 2992; x_wconf 90' lang='lat' dir='ltr'>interposuerant</span> <span class='ocrx_word' id='word_1_221' title='bbox 953 2920 1022 2979; x_wconf 83' lang='lat' dir='ltr'>etita</span> 
     </span>
     <span class='ocr_line' id='line_1_30' title="bbox 65 3003 1022 3078; baseline -0.003 -17"><span class='ocrx_word' id='word_1_222' title='bbox 65 3003 343 3077; x_wconf 86' lang='lat' dir='ltr'>condensaverant,</span> <span class='ocrx_word' id='word_1_223' title='bbox 369 3009 403 3062; x_wconf 88' lang='lat' dir='ltr'>ut</span> <span class='ocrx_word' id='word_1_224' title='bbox 423 3005 531 3076; x_wconf 92' lang='lat' dir='ltr'>procul</span> <span class='ocrx_word' id='word_1_225' title='bbox 552 3003 724 3062; x_wconf 86' lang='lat' dir='ltr'>Caesariani</span> <span class='ocrx_word' id='word_1_226' title='bbox 745 3003 909 3076; x_wconf 88' lang='lat' dir='ltr'>pedestres</span> <span class='ocrx_word' id='word_1_227' title='bbox 932 3004 1022 3078; x_wconf 86' lang='lat' dir='ltr'>copias</span> 
     </span>
     <span class='ocr_line' id='line_1_31' title="bbox 64 3086 1021 3162; baseline -0.001 -16"><span class='ocrx_word' id='word_1_228' title='bbox 64 3086 294 3161; x_wconf 88' lang='lat' dir='ltr'>arbitrarentur,</span> <span class='ocrx_word' id='word_1_229' title='bbox 320 3088 459 3146; x_wconf 80' lang='lat' dir='ltr'>dexhum</span> <span class='ocrx_word' id='word_1_230' title='bbox 481 3103 517 3146; x_wconf 89' lang='lat' dir='ltr'>ac</span> <span class='ocrx_word' id='word_1_231' title='bbox 538 3087 692 3147; x_wconf 90' lang='lat' dir='ltr'>sinistrum</span> <span class='ocrx_word' id='word_1_232' title='bbox 707 3102 804 3146; x_wconf 92' lang='lat' dir='ltr'>cornu</span> <span class='ocrx_word' id='word_1_233' title='bbox 818 3089 937 3162; x_wconf 89' lang='lat' dir='ltr'>magnis</span> <span class='ocrx_word' id='word_1_234' title='bbox 953 3086 1021 3162; x_wconf 89' lang='lat' dir='ltr'>equi-</span> 
     </span>
     <span class='ocr_line' id='line_1_32' title="bbox 64 3171 1022 3247; baseline -0.003 -16"><span class='ocrx_word' id='word_1_235' title='bbox 64 3179 127 3232; x_wconf 94' lang='lat' dir='ltr'>tum</span> <span class='ocrx_word' id='word_1_236' title='bbox 142 3172 239 3247; x_wconf 92' lang='lat' dir='ltr'>copiis</span> <span class='ocrx_word' id='word_1_237' title='bbox 256 3172 458 3231; x_wconf 88' lang='lat' dir='ltr'>firmaverant.</span> <span class='ocrx_word' id='word_1_238' title='bbox 474 3172 595 3231; x_wconf 89' lang='lat' dir='ltr'>Interim</span> <span class='ocrx_word' id='word_1_239' title='bbox 610 3171 722 3231; x_wconf 86' lang='lat' dir='ltr'>Caesar</span> <span class='ocrx_word' id='word_1_240' title='bbox 736 3172 832 3230; x_wconf 90' lang='lat' dir='ltr'>aciem</span> <span class='ocrx_word' id='word_1_241' title='bbox 850 3173 952 3247; x_wconf 84' lang='lat' dir='ltr'>dirigit</span> <span class='ocrx_word' id='word_1_242' title='bbox 965 3172 1022 3232; x_wconf 86' lang='lat' dir='ltr'>sin·</span> 
     </span>
    </p>
   </div>
   <div class='ocr_carea' id='block_1_3' title="bbox 64 3256 1022 3841">
    <p class='ocr_par' dir='ltr' id='par_1_5' title="bbox 64 3256 1022 3671">
     <span class='ocr_line' id='line_1_33' title="bbox 65 3256 1022 3333; baseline -0.006 -17"><span class='ocrx_word' id='word_1_243' title='bbox 65 3257 190 3333; x_wconf 89' lang='lat' dir='ltr'>plicem,</span> <span class='ocrx_word' id='word_1_244' title='bbox 216 3263 249 3317; x_wconf 90' lang='lat' dir='ltr'>ut</span> <span class='ocrx_word' id='word_1_245' title='bbox 272 3261 390 3330; x_wconf 91' lang='lat' dir='ltr'>poterat</span> <span class='ocrx_word' id='word_1_246' title='bbox 404 3264 531 3330; x_wconf 86' lang='lat' dir='ltr'>propter</span> <span class='ocrx_word' id='word_1_247' title='bbox 545 3256 744 3331; x_wconf 66' lang='lat' dir='ltr'>paucitatem</span> <span class='ocrx_word' id='word_1_248' title='bbox 770 3257 945 3329; x_wconf 87' lang='lat' dir='ltr'>sagittarios</span> <span class='ocrx_word' id='word_1_249' title='bbox 967 3262 1022 3315; x_wconf 86' lang='lat' dir='ltr'>ante</span> 
     </span>
     <span class='ocr_line' id='line_1_34' title="bbox 66 3340 1021 3416; baseline -0.003 -15"><span class='ocrx_word' id='word_1_250' title='bbox 66 3342 161 3402; x_wconf 85' lang='lat' dir='ltr'>aciem</span> <span class='ocrx_word' id='word_1_251' title='bbox 178 3340 345 3415; x_wconf 87' lang='lat' dir='ltr'>constituit,</span> <span class='ocrx_word' id='word_1_252' title='bbox 362 3342 481 3416; x_wconf 92' lang='lat' dir='ltr'>equites</span> <span class='ocrx_word' id='word_1_253' title='bbox 497 3342 604 3401; x_wconf 85' lang='lat' dir='ltr'>dextro</span> <span class='ocrx_word' id='word_1_254' title='bbox 621 3341 809 3415; x_wconf 88' lang='lat' dir='ltr'>sinistroque</span> <span class='ocrx_word' id='word_1_255' title='bbox 825 3356 923 3401; x_wconf 90' lang='lat' dir='ltr'>cornu</span> <span class='ocrx_word' id='word_1_256' title='bbox 939 3354 1021 3416; x_wconf 91' lang='lat' dir='ltr'>oppo-</span> 
     </span>
     <span class='ocr_line' id='line_1_35' title="bbox 65 3422 1020 3501; baseline -0.002 -18"><span class='ocrx_word' id='word_1_257' title='bbox 65 3427 108 3486; x_wconf 93' lang='lat' dir='ltr'>nit</span> <span class='ocrx_word' id='word_1_258' title='bbox 129 3436 159 3488; x_wconf 90' lang='lat' dir='ltr'>et</span> <span class='ocrx_word' id='word_1_259' title='bbox 182 3426 223 3486; x_wconf 91' lang='lat' dir='ltr'>ita</span> <span class='ocrx_word' id='word_1_260' title='bbox 239 3426 400 3501; x_wconf 86' lang='lat' dir='ltr'>praecipit,</span> <span class='ocrx_word' id='word_1_261' title='bbox 416 3432 450 3486; x_wconf 93' lang='lat' dir='ltr'>ut</span> <span class='ocrx_word' id='word_1_262' title='bbox 465 3426 674 3501; x_wconf 90' lang='lat' dir='ltr'>providerent,</span> <span class='ocrx_word' id='word_1_263' title='bbox 690 3441 729 3484; x_wconf 91' lang='lat' dir='ltr'>ne</span> <span class='ocrx_word' id='word_1_264' title='bbox 743 3425 937 3486; x_wconf 90' lang='lat' dir='ltr'>multitudine</span> <span class='ocrx_word' id='word_1_265' title='bbox 951 3422 1020 3500; x_wconf 89' lang='lat' dir='ltr'>equi·</span> 
     </span>
     <span class='ocr_line' id='line_1_36' title="bbox 64 3506 1021 3571; baseline -0.005 -1"><span class='ocrx_word' id='word_1_266' title='bbox 64 3516 144 3570; x_wconf 89' lang='lat' dir='ltr'>tatus</span> <span class='ocrx_word' id='word_1_267' title='bbox 159 3510 290 3571; x_wconf 90' lang='lat' dir='ltr'>hostium</span> <span class='ocrx_word' id='word_1_268' title='bbox 304 3510 605 3570; x_wconf 85' lang='lat' dir='ltr'>circumvenirentur=</span> <span class='ocrx_word' id='word_1_269' title='bbox 621 3509 812 3569; x_wconf 85' lang='lat' dir='ltr'>existimabat</span> <span class='ocrx_word' id='word_1_270' title='bbox 826 3511 908 3570; x_wconf 93' lang='lat' dir='ltr'>enim</span> <span class='ocrx_word' id='word_1_271' title='bbox 923 3527 957 3570; x_wconf 91' lang='lat' dir='ltr'>se</span> <span class='ocrx_word' id='word_1_272' title='bbox 970 3506 1021 3569; x_wconf 88' lang='lat' dir='ltr'>acie</span> 
     </span>
     <span class='ocr_line' id='line_1_37' title="bbox 65 3594 856 3671; baseline 0.001 -19"><span class='ocrx_word' id='word_1_273' title='bbox 65 3594 211 3655; x_wconf 90' lang='lat' dir='ltr'>instructa</span> <span class='ocrx_word' id='word_1_274' title='bbox 226 3612 293 3656; x_wconf 91' lang='lat' dir='ltr'>cum</span> <span class='ocrx_word' id='word_1_275' title='bbox 309 3595 503 3671; x_wconf 88' lang='lat' dir='ltr'>pedestribus</span> <span class='ocrx_word' id='word_1_276' title='bbox 519 3595 617 3671; x_wconf 92' lang='lat' dir='ltr'>copiis</span> <span class='ocrx_word' id='word_1_277' title='bbox 634 3594 856 3654; x_wconf 89' lang='lat' dir='ltr'>dimicaturum.</span> 
     </span>
    </p>

    <p class='ocr_par' dir='ltr' id='par_1_6' title="bbox 66 3679 1020 3841">
     <span class='ocr_line' id='line_1_38' title="bbox 146 3679 1020 3757; baseline -0.001 -20"><span class='ocrx_word' id='word_1_278' title='bbox 146 3679 224 3737; x_wconf 88' lang='lat' dir='ltr'>XIV.</span> <span class='ocrx_word' id='word_1_279' title='bbox 248 3680 320 3740; x_wconf 82' lang='lat' dir='ltr'>Cum</span> <span class='ocrx_word' id='word_1_280' title='bbox 341 3681 491 3757; x_wconf 86' lang='lat' dir='ltr'>utrimque</span> <span class='ocrx_word' id='word_1_281' title='bbox 513 3680 683 3756; x_wconf 86' lang='lat' dir='ltr'>expectatio</span> <span class='ocrx_word' id='word_1_282' title='bbox 706 3679 792 3738; x_wconf 86' lang='lat' dir='ltr'>lieret</span> <span class='ocrx_word' id='word_1_283' title='bbox 806 3694 909 3754; x_wconf 89' lang='lat' dir='ltr'>neque</span> <span class='ocrx_word' id='word_1_284' title='bbox 924 3679 1020 3740; x_wconf 83' lang='lat' dir='ltr'>Caesar</span> 
     </span>
     <span class='ocr_line' id='line_1_39' title="bbox 66 3764 1019 3841; baseline -0.001 -17"><span class='ocrx_word' id='word_1_285' title='bbox 66 3778 136 3824; x_wconf 86' lang='lat' dir='ltr'>sese</span> <span class='ocrx_word' id='word_1_286' title='bbox 157 3770 294 3823; x_wconf 90' lang='lat' dir='ltr'>moveret</span> <span class='ocrx_word' id='word_1_287' title='bbox 314 3771 343 3823; x_wconf 89' lang='lat' dir='ltr'>et</span> <span class='ocrx_word' id='word_1_288' title='bbox 364 3781 432 3824; x_wconf 92' lang='lat' dir='ltr'>cum</span> <span class='ocrx_word' id='word_1_289' title='bbox 453 3781 578 3825; x_wconf 91' lang='lat' dir='ltr'>suorum</span> <span class='ocrx_word' id='word_1_290' title='bbox 599 3764 751 3839; x_wconf 87' lang='lat' dir='ltr'>paucitate</span> <span class='ocrx_word' id='word_1_291' title='bbox 773 3770 881 3824; x_wconf 80' lang='lat' dir='ltr'>conha</span> <span class='ocrx_word' id='word_1_292' title='bbox 895 3774 1019 3841; x_wconf 81' lang='lat' dir='ltr'>magnate</span> 
     </span>
    </p>
   </div>
   <div class='ocr_carea' id='block_1_4' title="bbox 0 0 1142 4176">
    <p class='ocr_par' dir='ltr' id='par_1_7' title="bbox 0 0 1142 4176">
     <span class='ocr_line' id='line_1_40' title="bbox 0 0 1142 4176; baseline 0 0"><span class='ocrx_word' id='word_1_293' title='bbox 0 0 1142 4176; x_wconf 95' lang='lat' dir='ltr'> </span> 
     </span>
    </p>
   </div>
  </div>
 </body>
</html>
