2302 4192
441 176 555 238 LtBER
578 177 628 237 lV.

410 360 573 425 LIBER
607 362 653 422 IV.

308 498 754 556 ARGUMENTUM.

60 599 178 664 Usipetes
198 607 223 647 ct
241 597 356 646 Tencteri
369 595 485 647 Germani
505 596 625 649 asnevis
645 599 741 658 exacti,
761 599 804 661 qui
823 596 900 649 Snevi
919 601 1021 649 strictim

97 667 289 727 describuntur,
307 665 438 731 Menapios
456 666 578 717 invadunt
596 675 620 718 et
637 667 696 717 inde
716 667 749 717 ad
767 668 897 717 Eburones
916 675 939 718 et
959 668 1022 718 Con-

93 735 190 787 drusoa
209 735 323 784 translati
343 749 359 784 a
378 734 485 785 Caesare
504 751 597 802 magna
615 743 699 802 strage
717 744 874 800 superantur.
899 736 946 794 Qui
965 752 1022 786 eva·
1092 739 1095 747 '

96 811 184 856 serant
202 805 229 854 iu
239 803 392 869 Sugambros
409 812 478 853 trans
497 805 613 855 Rhenum
631 821 659 854 se
677 807 799 870 recipiunt
814 822 834 855 c.
847 805 941 857 1-15.
962 804 1022 855 Gne

95 889 139 924 sar
166 873 236 923 l'acto
255 881 331 938 ponte
357 876 446 923 transit
463 873 589 936 Rhenum,
602 873 757 939 Sugambros
776 874 924 934 ulciscitur,
943 874 1021 925 Ubios

95 944 189 994 liberat
207 951 283 1006 atque
302 943 361 992 inde
380 944 406 991 in
427 940 533 992 Galliam
554 944 686 994 revertitur
705 958 726 993 c.
748 941 857 995 16—19.
896 943 1022 994 Reversus

98 1011 234 1062 eMorinia
251 1012 277 1060 in
284 997 445 1061 'Britanniam
465 1013 546 1062 traicit
566 1020 642 1076 atque
661 1013 771 1062 exercitu
791 1028 865 1077 aegre
882 1014 909 1062 in
931 1020 1022 1062 terrant

99 1081 217 1146 exposito
236 1086 262 1129 et
277 1088 349 1146 parte
366 1080 465 1130 insulae
485 1081 619 1131 difficulter
635 1082 738 1130 subacta
755 1083 781 1130 in
800 1080 905 1131 Galliam
919 1082 983 1132 redit
1000 1098 1022 1132 c.

95 1146 211 1201 stt-36.
235 1156 259 1198 et
277 1148 387 1199 Morinos
408 1151 434 1199 in
452 1165 525 1200 suam
541 1157 692 1215 potestatem
711 1151 802 1216 redigit
822 1166 843 1199 c.
864 1147 905 1200 37.
926 1147 970 1202 38.

130 1251 152 1310 l.
174 1250 236 1324 Ea,
253 1257 454 1325 quaeserunt
469 1256 529 1325 est,
545 1250 661 1324 hieme,
684 1251 735 1325 qui
752 1250 807 1310 luit
821 1266 919 1311 annus
936 1253 1021 1312 Gneo

60 1336 206 1410 ?ompeio,
221 1333 326 1394 Murco
343 1333 455 1394 Crasso
472 1335 659 1408 consulibus,
676 1335 820 1408 Usipetes
837 1335 978 1396 Germani
994 1344 1022 1396 et

60 1426 118 1480 tem
138 1417 279 1479 Tencteri
304 1433 415 1492 magna
440 1434 509 1478 cunr
533 1418 722 1479 multitudine
735 1418 892 1478 hominum
908 1419 1020 1480 flumen

60 1504 189 1567 ihenum
203 1500 387 1561 transienrnt
397 1518 458 1563 non
470 1505 561 1577 longo
573 1502 686 1576 amori,
703 1519 763 1577 quo
776 1502 901 1562 Rhenus
913 1503 1021 1564 influit.

60 1588 148 1649 lausa
176 1586 353 1646 transeundi
378 1587 434 1646 luit
454 1589 538 1662 quod
559 1587 598 1646 ab
614 1586 724 1647 Suevis
741 1588 906 1661 conplures
923 1604 1021 1649 annos

60 1671 194 1747 exagitati
210 1671 290 1730 bello
306 1671 524 1746 promebantur
535 1678 566 1730 et
576 1671 760 1745 agricultura
771 1671 1020 1744 prohibebantur.

60 1754 223 1817 Suevorum
244 1771 320 1830 gens
336 1761 384 1815 est
398 1756 490 1844 longe
505 1755 637 1814 rnaxinra
651 1761 682 1813 et
696 1754 933 1814 bellicosissima
949 1757 1020 1816 Ger-

60 1854 208 1902 nanorum
223 1839 366 1900 omnium.
382 1837 420 1898 Hi
435 1846 557 1899 centum
572 1854 672 1914 pagos
687 1837 802 1896 habere
817 1838 966 1913 dicuntur,
983 1855 1019 1900 ex

60 1925 160 2000 quibus
177 1923 341 1999 quotannis
357 1923 476 1998 singulo
491 1923 572 1982 milia
587 1930 771 1983 armatorum
782 1921 916 1980 behandi
929 1938 1019 1984 causa

60 2024 91 2068 ur
103 2009 216 2070 linibus
232 2008 375 2067 educunt.
404 2007 540 2083 Reliqui,
557 2006 608 2082 qui
624 2007 705 2067 dorni
720 2011 911 2080 manserunt,
927 2023 962 2066 se
978 2014 1019 2067 at·

60 2109 111 2169 qne
131 2095 200 2153 illos
224 2093 317 2151 alunt.
355 2091 394 2152 Hi
414 2108 522 2152 rursus
537 2091 681 2150 invicem
696 2106 776 2150 anno
798 2091 913 2165 postia
930 2093 1020 2152 armis

60 2185 129 2251 runt,
144 2177 187 2236 illi
202 2176 285 2235 domi
298 2182 463 2235 remanent.
495 2175 546 2236 Sic
561 2190 661 2249 neque
677 2173 861 2248 agricultura
874 2189 931 2234 nec
944 2177 1021 2236 ratio

60 2254 140 2338 ttq'ue
154 2275 233 2321 usus
248 2260 319 2320 belli
333 2259 544 2320 intermittitur.
562 2254 629 2319 Sed
640 2256 747 2333 privati
759 2274 796 2317 oc
811 2261 944 2332 separati
957 2261 1021 2333 agri

60 2346 133 2422 rpud
149 2360 206 2405 eos
222 2343 294 2403 nihil
310 2352 372 2418 est,
388 2359 490 2418 neque
505 2343 626 2417 longius
643 2358 723 2402 enno
739 2357 898 2401 remanere
913 2359 975 2403 uno
990 2343 1020 2402 in

60 2446 118 2491 oco
132 2427 289 2489 incolendi
304 2443 399 2488 causa
412 2429 492 2488 licet.
521 2429 626 2502 Neque
641 2428 766 2485 multum
782 2427 948 2499 frumento,
965 2427 1021 2487 sed

60 2514 213 2574 uaximam
227 2517 345 2586 partem
361 2514 546 2588 iactentque
561 2526 675 2585 pecore
688 2510 809 2582 vivunt,
835 2510 1020 2584 multumque

60 2605 121 2659 tunt
133 2598 166 2656 in
182 2595 412 2665 venationibus;
428 2611 571 2671 quaeres
588 2601 618 2654 ct
632 2594 691 2653 cibi
702 2607 816 2668 genere
828 2593 1022 2652 et'cotidiona

60 2681 270 2742 exercitatione
285 2687 316 2739 et
328 2680 467 2740 libertato
480 2681 576 2752 vitae,
604 2679 687 2754 quod
701 2694 720 2736 o
735 2677 838 2753 pueris
855 2678 938 2736 nullo
954 2677 1014 2736 olli-

60 2764 99 2827 tio
120 2772 174 2827 aut
194 2764 358 2838 disciplina
378 2764 549 2824 adsuefacti
564 2763 637 2822 nihil
653 2761 775 2822 onnrino
792 2766 899 2821 contra
913 2763 1015 2821 volun-

60 2854 140 2911 htcm
154 2848 284 2922 fuciunt,
310 2854 340 2908 et
359 2848 441 2908 viros
457 2849 509 2909 alit
525 2855 555 2908 et
569 2847 680 2906 inmani
695 2861 859 2920 corporum
873 2845 1007 2920 magnitu

60 2930 121 2995 dine
133 2933 276 2993 homines
292 2931 393 2991 elficit.
409 2934 510 3007 Atque
525 2932 555 2990 in
572 2946 639 2989 eam
655 2945 689 2989 se
705 2929 956 2990 consuetudinem
968 2930 1015 2988 ud·

60 3014 217 3091 duxerunt,
244 3021 279 3077 ut
303 3015 378 3076 locis
404 3014 607 3090 frigidissimis
628 3030 729 3089 nequo
749 3014 878 3073 vestitus
902 3019 1020 3086 praeter

60 3102 138 3176 pellis
153 3101 303 3160 haberent
324 3100 502 3175 quicquam,
529 3114 658 3174 quorum
678 3105 806 3173 proptcr
826 3094 1020 3168 exiguitatem

61 3179 1010 3262 nagrraestcorporispersuperta,etlaverenturintlunrinibus

108 3332 113 3341 ,
132 3270 169 3329 Il.
189 3268 413 3328 Mercatoribus
431 3275 480 3330 ent
492 3269 592 3328 aditus
606 3266 704 3339 magis
721 3281 773 3339 eo,
798 3269 832 3323 ut
847 3278 926 3336 quae
939 3263 1015 3324 beli<

61 3354 186 3428 ceperint
201 3353 316 3428 quibus
331 3354 465 3412 vendunt
478 3351 626 3425 habeant,
654 3364 746 3423 quam
769 3364 830 3423 qno
850 3347 943 3406 ullam
957 3363 1021 3407 rem

61 3436 93 3498 td
106 3453 140 3500 se
154 3437 303 3516 inportari
319 3436 504 3499 desiderent.
533 3435 611 3512 Quin
631 3434 720 3496 etiem
736 3432 892 3508 iunentis,
910 3431 1020 3508 quibus
1108 3489 1109 3492 ,
