2272 4176
68 438 132 507 262
388 439 439 502 ott
460 440 585 505 BELLO
607 438 724 503 clvul

68 600 162 666 bulus
176 595 331 676 impeditis
345 596 475 661 navibus
490 596 704 676 dispersisque
717 598 884 679 rcmtgibus
895 600 977 666 satis
986 618 1047 667 ma·

70 696 138 752 turc
152 684 300 760 occurrit,
329 685 412 761 quod
433 685 518 760 prius
534 685 573 744 ad
589 686 794 748 continentem
806 686 894 751 visua
909 695 962 750 est
977 688 1048 751 coc·

71 790 137 850 sar,
166 788 258 849 quam
271 770 311 830 de
325 770 391 832 cius
407 768 541 833 adventu
555 772 635 831 lana
649 773 774 837 ommino
788 773 821 835 in
834 788 889 835 eas
902 774 1047 851 reglones

70 858 268 937 perferretur.

152 943 232 1004 VIII.
253 941 412 1016 Expositls
430 941 575 1003 militibus
598 957 692 1003 naves
713 942 824 1003 eadem
845 949 939 1005 nocte
952 945 1047 1006 Brun·

71 1031 183 1093 disium
198 1045 216 1089 a
231 1027 362 1088 Caesare
376 1027 582 1103 remittuntur,
608 1033 641 1089 ut
654 1027 794 1104 reliquae
807 1030 952 1104 legiones
964 1031 1046 1107 equi·

71 1121 214 1190 totusque
234 1112 435 1187 transportari
455 1118 594 1188 possent.
623 1113 700 1174 HuIc
721 1113 825 1174 cilicio
847 1116 1045 1191 praepositus

71 1209 136 1263 erat
148 1199 253 1260 Fufius
270 1198 399 1258 calenus
416 1199 550 1272 legatus,
574 1198 625 1273 qui
640 1198 825 1259 celeritatem
841 1198 873 1258 in
887 1206 1045 1277 transpor-

71 1286 171 1348 tandis
187 1282 358 1357 legionibus
374 1281 540 1342 adhiberet.
558 1281 620 1342 Sed
635 1283 733 1344 serius
748 1290 867 1344 eterra
881 1293 1045 1360 provectae

69 1386 165 1431 naves
187 1382 289 1442 neque
310 1382 387 1426 usae
407 1374 558 1426 nocturna
579 1383 653 1427 aura
673 1367 703 1426 in
727 1368 891 1431 redeundo
908 1370 1044 1431 oli'ende

69 1462 148 1517 runt.
177 1453 304 1513 Bibulus
327 1451 406 1511 enim
431 1452 584 1530 corcyrae
607 1451 716 1513 certior
738 1453 837 1513 lactus
853 1454 893 1514 de
910 1456 1044 1517 adventu

70 1538 208 1602 Caesaris
231 1552 360 1612 sperans
382 1537 471 1597 alicui
493 1553 528 1597 se
549 1538 628 1613 parti
649 1543 827 1599 onustarum
848 1540 976 1600 navium
995 1556 1042 1601 oc-

70 1639 192 1687 currere
206 1636 302 1696 posse
317 1620 459 1683 inanibus
475 1623 606 1683 occurrit
620 1628 650 1683 ct
663 1629 770 1682 nactus
787 1622 912 1684 clrciter
925 1625 1043 1701 triginta

69 1710 98 1770 in
124 1724 177 1768 eas
201 1705 407 1780 lndiligentiae
433 1723 509 1768 suae
533 1724 570 1768 ac
596 1707 711 1768 doloris
732 1707 927 1769 iracundiam
948 1711 1043 1787 erupit

69 1807 237 1870 omnesque
259 1791 393 1852 incendit
413 1792 585 1868 eodemque
604 1791 674 1867 igne
698 1799 807 1853 nautas
834 1793 1040 1871 dominosque

68 1881 190 1940 navium
215 1876 365 1937 interfecit
395 1877 600 1952 magnitudine
626 1892 745 1953 poenae
770 1879 912 1954 reliquos
939 1880 1041 1941 terreri

69 1980 209 2041 sperans.
237 1962 304 2021 Hoc
326 1962 466 2022 conlecto
490 1962 611 2037 negotio
634 1978 653 2021 a
674 1961 795 2022 Salonis
818 1963 859 2023 ad
876 1962 960 2024 Orici
974 1982 1039 2042 por·

67 2057 131 2111 tum
146 2049 292 2110 stationes
309 2045 458 2122 litoraque
475 2048 575 2108 omnia
586 2048 677 2122 longe
689 2049 811 2122 lateque
823 2049 980 2110 classibus
993 2066 1039 2110 oc·

68 2134 189 2210 cupavit
210 2131 429 2207 custodiasque
451 2132 623 2207 dilIgentius
646 2131 812 2207 disposuit,
838 2133 910 2209 ipse
925 2135 1038 2210 gravis-

68 2219 145 2279 sima
163 2217 263 2276 hieme
284 2216 313 2274 in
335 2216 464 2275 navibus
486 2217 643 2277 excubans
664 2232 766 2293 neque
786 2219 882 2279 ullum
905 2219 1038 2282 laborem

68 2308 119 2363 aut
138 2318 248 2362 munus
271 2301 462 2376 despiciens,
490 2317 528 2360 ne
558 2303 641 2377 quod
667 2302 838 2364 subsidium
865 2305 1038 2380 expectanti

67 2387 189 2447 Caesari
204 2386 234 2444 in
250 2391 450 2459 conspectum
464 2387 569 2446 venire
584 2394 700 2462 posset.

148 2471 197 2531 IX.
218 2471 368 2532 blscessu
389 2472 590 2533 Liburnarum
615 2489 654 2532 ex
679 2472 801 2550 illyrico
827 2471 868 2532 Μ.
895 2474 1037 2537 Octavius

67 2573 134 2618 cum
148 2555 195 2630 im,
212 2571 289 2630 quas
303 2555 444 2631 habebat,
460 2558 589 2617 navibus
599 2557 727 2617 Salonas
742 2558 893 2632 pervenit,
908 2560 956 2620 Ibi
971 2577 1036 2622 con·

66 2641 163 2702 citatIs
184 2641 331 2700 DalmatIs
357 2641 546 2717 reliqulsque
572 2642 712 2702 barbarus
737 2643 836 2701 Issam
858 2660 877 2703 a
900 2645 1037 2706 caesana

66 2725 196 2787 amicitia
210 2724 334 2794 avertit3
352 2733 534 2786 conventum
550 2725 672 2786 SalonIs
688 2742 757 2786 cum
773 2742 876 2803 neque
891 2732 1036 2805 pollicita-

65 2811 197 2872 tionibus
216 2825 318 2885 neque
339 2810 566 2871 denuntIatione
581 2811 708 2886 periculi
724 2827 909 2886 permovere
925 2824 1037 2891 posset,

65 2895 212 2972 oppidum
231 2910 411 2970 oppugnare
424 2895 559 2956 instituit.
584 2896 640 2956 Est
652 2903 753 2956 autem
768 2898 920 2973 oppidum
937 2907 968 2961 et
983 2900 1036 2961 loci

64 2989 171 3042 natura
186 2988 216 3040 et
228 2981 309 3039 vallo
324 2981 480 3041 munitum.
511 2980 573 3040 Sed
589 2981 727 3041 celeriter
741 2983 826 3044 cives
841 2985 977 3047 Romani
1006 2987 1035 3046 li·

63 3067 150 3144 gneis
167 3065 284 3125 ellectIs
299 3065 431 3126 turribus
447 3066 494 3127 his
511 3082 582 3127 sese
598 3067 770 3128 munierunt
785 3075 829 3142 et,
846 3085 919 3130 cum
935 3076 1035 3133 essent

63 3151 171 3213 infirmi
186 3151 226 3209 ad
240 3150 444 3210 resistendum
461 3159 587 3227 propter
602 3153 786 3226 paucitatem
799 3152 961 3216 hominum
976 3171 1035 3218 crc-

62 3238 125 3297 brIs
142 3235 272 3297 conlecti
287 3236 479 3311 vulneribus,
502 3238 541 3296 ad
563 3244 731 3296 extremum
746 3240 894 3299 auxilium
910 3242 1035 3302 descen·

63 3323 172 3382 derunt
186 3336 358 3396 servosque
373 3338 479 3382 omnes
495 3323 628 3397 puberes
644 3323 851 3384 liberaverunt
865 3332 897 3384 et
913 3340 1034 3401 praese

63 3407 119 3468 cus
135 3407 267 3467 ommum
282 3407 440 3466 mullerum
452 3408 585 3467 crinibus
602 3413 750 3466 tormenta
761 3407 941 3470 olfecerunt.
960 3412 1035 3486 Quo

63 3508 128 3551 rum
150 3492 271 3567 cognita
292 3493 442 3552 sententia
464 3491 606 3552 Octavius
630 3491 730 3567 quinis
753 3493 861 3553 castris
889 3497 1034 3572 oppidum

63 3576 261 3636 circumdedit
277 3583 368 3653 atque
382 3594 444 3637 uno
459 3583 597 3652 tempore
612 3576 773 3637 obsidlone
789 3585 819 3636 et
831 3582 1033 3656 oppugnatio·

63 3659 151 3719 nibus
167 3675 222 3719 eos
238 3676 377 3734 premere
392 3663 502 3736 coepit.
532 3661 576 3721 llli
598 3661 700 3722 omma
723 3663 843 3736 perpeti
858 3667 958 3739 parati
974 3681 1032 3726 ma·

62 3742 142 3804 xime
157 3757 175 3801 a
188 3759 222 3802 re
237 3745 432 3806 frumentaria
445 3747 633 3808 laborabant.
657 3745 710 3805 Cui
725 3748 769 3806 rei
784 3749 889 3810 missis
905 3751 946 3812 ad
961 3749 1030 3812 Cae
