2272 4176
111 497 154 559 90
361 514 403 553 nn
422 512 525 553 nunno
549 512 749 555 rvarnrnruo
773 510 800 553 c.
813 504 857 558 85.

114 665 211 725 iorum
222 678 357 722 meorum
368 666 528 727 ostentare,
544 665 582 728 at,
599 661 624 721 si
638 678 686 721 res
699 660 838 738 postulet,
852 660 954 721 hastas
967 660 1093 722 vexillum

115 745 264 825 phaleras,
282 745 336 805 alia
358 743 492 804 militaria
513 744 606 812 dona,
628 751 783 821 praeterea
803 745 959 805 cicatrices
981 745 1093 805 advorso

71 841 107 895 30
116 837 244 908 pectore.
283 827 345 889 Hae
361 835 429 889 sunt
441 846 525 890 meac
540 829 695 905 imagines,
717 827 791 889 baec
811 826 962 899 nobilitas,
976 846 1038 889 non
1051 829 1094 889 be·

116 915 239 975 reditate
254 913 371 982 relicta,
393 912 488 973 utilia
505 912 569 980 illis,
586 919 631 973 set
648 930 722 990 quae
738 918 858 989 egomet
873 910 981 993 [meis]
1002 911 1092 992 pluru-

73 1012 107 1064 31
118 1000 172 1058 mis
196 997 348 1059 laboribus
377 1003 406 1056 et
432 994 570 1073 perieulis
597 998 734 1074 quaesivi.
771 995 838 1057 Non
861 1002 934 1057 sunt
957 998 1111 1074 conpositas

116 1082 206 1141 rerba
223 1100 302 1141 mea:
318 1082 401 1158 parvi
414 1081 444 1140 id
460 1080 551 1140 facio:
567 1080 629 1158 ipsa
643 1097 675 1140 se
693 1081 786 1140 virtus
801 1080 873 1139 satis
888 1080 1032 1141 ostendit:
1049 1079 1095 1140 ill's

74 1166 241 1229 32artilioio
267 1183 341 1242 opus
364 1170 420 1233 est,
448 1169 481 1224 ut
501 1167 598 1240 turpia
618 1164 692 1223 sacta
716 1164 850 1225 oratione
875 1169 991 1240 tegant.
1006 1163 1096 1241 Neque

116 1248 227 1309 litteras
242 1249 369 1309 Graecas
388 1247 489 1307 didici:
513 1264 617 1323 parum
630 1246 764 1323 placebat
781 1264 831 1307 eas
847 1248 985 1317 discere,
1001 1249 1096 1327 quippe

72 1349 107 1401 33
118 1351 192 1410 quae
208 1333 245 1393 ad
260 1334 396 1392 virtutem
412 1330 582 1392 doctoribus
596 1330 668 1390 nibil
682 1331 867 1407 profuerant.
899 1332 939 1392 nt
953 1331 1004 1393 illa
1016 1331 1095 1392 multo

117 1422 236 1493 optuma
250 1418 294 1476 rei
308 1414 443 1492 publicae
457 1414 560 1474 doctus
574 1430 656 1482 sum,
671 1413 787 1476 hostem
803 1413 911 1483 lerire,
926 1415 1118 1493 praesidionn

117 1502 241 1576 agitare,
257 1498 328 1559 nihil
339 1505 471 1559 metuere
484 1498 540 1557 nisi
550 1502 668 1574 turpem
678 1496 795 1568 samam,
813 1497 951 1559 hiemem
967 1507 997 1560 et
1012 1505 1094 1560 aesta·

117 1590 177 1642 tem
196 1584 275 1642 iuxta
295 1583 364 1659 pati,
386 1581 469 1642 humi
481 1581 680 1659 requiescere,
704 1581 809 1642 eodem
822 1588 967 1660 tempore
981 1584 1096 1661 inopiam

73 1679 108 1731 34
120 1673 148 1726 et
169 1664 301 1724 laborem
322 1664 457 1725 tolerare.
492 1663 541 1725 Eis
557 1681 611 1742 ego
623 1666 789 1744 praeceptis
811 1665 924 1727 milites
947 1666 1094 1727 hortabor:

116 1767 172 1809 nec
193 1748 258 1809 illos
278 1753 340 1808 arte
359 1747 461 1816 colam,
484 1765 532 1809 me
547 1746 711 1825 opulenter,
733 1767 831 1827 neque
854 1748 988 1826 gloriam
1002 1767 1093 1817 mean.

74 1832 248 1902 351aborem
263 1832 381 1892 illorum
396 1832 509 1892 faciam.
539 1829 602 1891 Hoc
618 1838 662 1892 est
674 1832 754 1902 utile,
770 1832 829 1893 hoc
847 1833 935 1896 civile
952 1836 1116 1913 inperiumu

116 1916 248 1994 Namque
271 1933 339 1976 curn
358 1920 420 1976 tute
435 1931 489 1992 per
505 1913 655 1976 mollitiam
676 1933 754 1993 agas,
775 1918 945 1979 exercitum
966 1917 1094 1996 subplicio

71 2018 106 2070 36
118 2019 241 2078 eogere,
257 2000 286 2058 id
302 2005 345 2059 est
359 1999 522 2066 dominum,
535 2016 595 2058 non
609 2000 808 2077 inperatorem
823 2018 900 2061 esse.
926 2002 1010 2064 Haeo
1021 2009 1094 2079 atque

116 2085 182 2143 talia
200 2083 326 2143 maiores
346 2083 435 2142 vostri
453 2082 588 2142 faciundo
609 2100 699 2160 seque
716 2101 842 2161 remque
858 2084 1015 2162 publicam
1032 2084 1093 2146 cele

72 2168 249 2239 37bravere.
290 2165 361 2234 Quis
374 2164 509 2226 nobilitas
527 2165 611 2235 freta,
634 2168 696 2244 ipsa
714 2166 862 2228 dissimilis
884 2170 1033 2239 moribus,
1051 2183 1093 2228 nos

117 2249 235 2310 illorum
251 2249 381 2309 aemulos
397 2251 555 2310 contemnit
571 2257 600 2310 et
611 2251 705 2310 omnis
715 2250 845 2311 bonores
859 2269 925 2312 non
942 2273 979 2315 ex
993 2254 1111 2320 meritos

73 2345 110 2397 38
120 2341 164 2393 set
186 2335 268 2410 quasi
283 2333 396 2393 debitos
411 2351 427 2392 a
442 2333 524 2393 vobis
544 2336 659 2410 repetit.
694 2332 832 2395 Ceterum
847 2334 988 2398 homines
1004 2353 1093 2414 super·

114 2417 238 2477 bissumi
253 2416 357 2493 procul
374 2423 483 2477 errant.
514 2417 638 2478 Maiores
653 2436 756 2479 eorum
772 2420 880 2489 omnia,
899 2438 978 2498 quac
992 2420 1092 2485 licebat

51 2506 55 2514 '
115 2500 170 2561 illis
182 2499 336 2578 reliquere,
350 2500 460 2561 divitias
474 2502 631 2576 imagines,
648 2502 820 2562 memoriam
835 2504 883 2563 sui
901 2503 1090 2583 praeclaram:

117 2587 252 2644 virtutem
262 2602 322 2643 non
332 2583 488 2662 reliquere,
501 2602 597 2662 neque
611 2592 759 2662 poterant:
778 2605 812 2646 ea
828 2587 894 2648 sola
906 2605 1007 2667 neque
1021 2588 1092 2648 datur

73 2677 107 2729 39
118 2668 194 2727 dono
216 2684 312 2745 neque
335 2669 485 2746 accipitur.
525 2668 683 2729 Sordidum
699 2688 746 2730 me
763 2676 792 2730 et
805 2669 956 2733 incultum
972 2670 1108 2732 moribus

115 2753 210 2821 aiunt,
231 2753 298 2830 quia
312 2769 417 2828 parum
440 2753 511 2813 scite
534 2754 696 2813 convivium
712 2771 840 2824 exorno,
863 2772 965 2834 neque
988 2756 1090 2817 histrio·

116 2853 186 2894 nem
202 2834 302 2903 ullum,
325 2853 422 2913 neque
435 2835 528 2912 pluris
542 2837 624 2913 preci
643 2854 746 2898 cocum
760 2855 849 2914 quam
864 2838 988 2901 vilicum
1003 2839 1090 2899 babeo.

74 2921 111 2971 40
122 2918 201 2987 Quae
223 2918 293 2977 mihi
313 2917 394 2979 lubet
417 2919 558 2988 confiteri,
582 2920 716 2991 Quirites.
749 2921 823 2982 Nam
841 2940 878 2982 ex
900 2932 1027 3000 parente
1040 2937 1091 2982 meo

120 3006 148 3060 ot
163 3018 198 3059 ex
213 2999 274 3059 aliis
286 3004 391 3062 sanetis
405 3003 474 3063 viris
486 3004 525 3063 ita
540 3005 650 3080 accepi,
663 3004 819 3064 munditias
833 3004 1022 3075 mulieribus
1037 3004 1091 3065 viris

117 3083 250 3144 laborem
267 3087 431 3155 convenire,
449 3085 643 3164 omnibusque
654 3085 738 3147 bonis
755 3094 896 3165 oportere
911 3088 981 3168 plus
998 3089 1110 3167 gloriaest

118 3186 205 3247 quam
221 3168 384 3230 divitiarum
402 3187 480 3230 esse:
502 3187 593 3238 arma,
608 3188 669 3230 non
683 3169 896 3247 supellectilem
912 3173 1016 3235 decori
1031 3189 1092 3234 esse.

64 3268 101 3320 41
117 3254 193 3325 Quin
216 3269 287 3330 ergo
309 3254 387 3331 quod
405 3255 499 3323 iuvat,
521 3254 600 3332 quod
622 3271 723 3314 carum
740 3261 922 3324 aestumant,
940 3257 972 3317 id
989 3271 1092 3334 semper

117 3338 238 3399 saciant:
261 3343 359 3397 ament
375 3344 491 3414 potent:
513 3336 564 3398 ubi
585 3337 811 3399 adulescentiam
829 3339 977 3411 habuere,
998 3341 1039 3402 ibi
1057 3357 1092 3399 se

117 3428 265 3482 nectutem
280 3427 376 3497 agant,
396 3421 440 3501 [in
456 3420 617 3501 conviviis],
637 3421 726 3482 dediti
747 3424 841 3483 ventri
861 3431 892 3485 et
907 3427 1093 3503 turpissumae

117 3508 193 3582 parti
214 3506 360 3580 eorporis:
384 3503 551 3586 [sudorem]
569 3504 720 3582 pulverem
738 3512 768 3567 et
783 3506 838 3567 alia
853 3507 923 3569 talia
937 3509 1113 3588 relinquaris

72 3589 218 3658 danobis,
242 3587 348 3666 quibus
370 3588 419 3648 illa
441 3589 534 3665 epulis
555 3590 726 3650 iocundiora
740 3597 817 3651 sunt.
852 3590 967 3654 Verum
986 3593 1092 3654 nonita

120 3678 172 3731 est.
200 3671 273 3732 Nam
290 3670 342 3732 ubi
357 3689 389 3733 se
404 3672 540 3733 omnibus
558 3673 673 3750 flagitiis
689 3674 918 3746 dedecoravere,
932 3674 1092 3757 turpissumi

69 3774 107 3828 43
119 3756 171 3820 viri
186 3755 335 3819 bononnn
349 3758 480 3838 praemia
488 3764 622 3837 ereptum
637 3763 716 3819 eunt.
745 3757 789 3820 lta
801 3759 1005 3824 iniustissume
1018 3761 1089 3823 luxo-

740 4009 886 4103 auu.

745 4124 750 4139 l
884 4108 886 4111 Ι
966 4132 994 4143 ..ιι
1078 4134 1086 4141 -
1104 4122 1113 4143 ἰ
