2272 4176
120 452 183 525 17⁸
409 453 461 515 DE
481 452 606 515 BELLO
630 452 794 516 cotaleo

95 608 219 689 ·-plebIs
234 608 347 670 bellum
362 606 513 668 concitare
526 613 555 666 et
574 622 681 683 gerere
702 612 826 682 possem
855 606 913 667 sed
933 612 1036 669 tarum
1055 628 1090 675 se

121 701 294 758 contentum
315 694 381 753 lore
402 707 439 751 ea
458 707 574 767 poena,
600 708 689 767 quam
706 690 839 765 sibiipsi
855 694 1090 755 contraxissent
1113 710 1118 719 ·

202 778 304 839 XXIII.
327 778 421 836 Nocte
434 776 607 851 insequenti
621 777 712 851 legali
726 790 883 850 responsa
896 777 938 835 ad
952 792 1029 838 suos
1042 794 1089 839 re·

121 866 229 939 lerunt,
245 862 370 924 obsides
386 860 558 921 conficiunt.
581 860 770 921 concurrunt
784 859 973 937 reliquartun
989 862 1090 923 civita·

120 948 193 1010 tium
206 948 311 1022 legati,
339 961 418 1021 quae
431 946 662 1005 Bellovacorum
684 944 925 1021 speculabantur
939 953 1089 1006 eventum.

121 1031 251 1093 Obsides
267 1033 354 1105 dant,
379 1030 525 1104 imperata
545 1029 659 1090 laqunt
673 1038 805 1106 excepto
822 1029 975 1105 Commio,
1003 1046 1091 1108 quem

87 1117 90 1121 ’
119 1119 207 1178 tImor
221 1115 401 1191 prohibebat
416 1113 595 1189 cuiusquam
608 1114 681 1174 fidei
701 1131 790 1176 suam
806 1114 996 1175 committere
1011 1116 1090 1177 salu·

120 1207 188 1261 tem.
217 1200 292 1259 Nam
313 1200 473 1275 superiore
487 1215 567 1258 anno
582 1200 614 1259 Τ.
629 1198 782 1261 Labienus
799 1200 932 1259 Caesare
947 1200 978 1259 iu
994 1200 1091 1259 Gallia

120 1285 260 1347 citeriore
280 1285 328 1344 ius
349 1285 469 1344 dicente
493 1299 560 1343 cum
576 1283 742 1345 Commium
764 1283 958 1359 conperisset
979 1283 1089 1345 sollici·

120 1375 184 1428 lare
205 1370 340 1429 civitates
361 1374 390 1427 et
411 1368 648 1429 coniurationem
669 1376 775 1430 contra
796 1368 959 1429 Caesarem
980 1370 1090 1443 iacere,

120 1453 326 1513 infidelitatem
352 1452 417 1513 eius
443 1453 509 1513 sine
533 1453 594 1512 ulla
619 1454 748 1527 perfidia
768 1452 914 1514 iudIcavit
935 1452 1090 1529 comprimi

120 1553 224 1612 posse.
255 1538 348 1610 Quem
371 1537 442 1613 quia
462 1553 522 1597 non
544 1537 745 1598 arbitrabatur
763 1544 907 1598 vocatum
935 1536 966 1596 in
993 1544 1090 1597 caslra

120 1628 288 1695 venturum,
304 1637 342 1680 ne
357 1622 532 1697 temptando
549 1622 714 1683 cautiorem
728 1624 856 1697 laceret,
874 1622 984 1681 Gaium
996 1622 1088 1682 Volu-

120 1721 229 1766 senum
243 1707 427 1780 Quadratum
441 1706 535 1779 mIsil,
559 1707 611 1782 qui
626 1722 695 1766 eum
709 1723 765 1783 per
779 1707 1004 1767 simulationem
1020 1722 1088 1767 eon·

121 1790 214 1866 loquii
229 1799 349 1850 curaret
363 1791 613 1850 interficiendum.
647 1792 696 1851 Ad
711 1808 778 1853 eam
791 1808 857 1852 rem
872 1793 1011 1852 delectos
1026 1791 1086 1851 ido

120 1890 195 1935 neos
222 1876 250 1935 ei
273 1875 362 1935 tradit
384 1876 586 1935 centuriones.
616 1875 688 1935 Cum
709 1877 740 1935 in
756 1876 954 1952 conloquium
968 1881 1089 1935 ventum

119 1965 203 2019 esset
218 1967 262 2036 et,
283 1965 316 2020 ut
331 1966 529 2035 convenerat,
545 1976 666 2019 manum
683 1961 807 2021 Commii
821 1963 1002 2021 Volusenus
1018 1959 1086 2019 arri·

119 2045 252 2120 puisset‚
279 2044 414 2105 centurio
436 2047 518 2105 velut
532 2045 652 2104 insueta
666 2061 700 2104 re
715 2052 872 2120 permotus
888 2046 938 2105 vel
954 2044 1086 2105 celeriter

119 2145 138 2188 a
152 2129 348 2189 familiaribus
362 2130 531 2205 prohibitus
549 2128 673 2190 Commii
689 2131 841 2190 conficere
855 2129 1012 2190 hominem
1027 2144 1085 2189 non

118 2215 232 2289 poluit,
254 2215 387 2289 graviter
400 2221 500 2275 tamen
516 2214 611 2290 primo
626 2214 688 2274 ictu
702 2215 803 2288 gladio
819 2222 910 2290 capul
924 2213 1087 2289 percussit

119 2299 193 2359 Cum
206 2301 358 2374 utrimque
373 2301 465 2374 gladii
481 2299 615 2359 destricti
631 2298 749 2374 essent,
774 2316 836 2359 non
856 2306 917 2358 tam
931 2297 1088 2374 pugnandi

119 2400 211 2458 quam
228 2384 404 2458 diffugiendi
421 2385 475 2444 luit
488 2391 687 2458 utrorumque
703 2384 878 2445 consilium:
904 2389 1087 2459 noslromnn,

120 2468 203 2543 quod
221 2469 375 2528 mortifero
397 2471 522 2527 vulnere
544 2468 710 2528 Commium
739 2469 903 2528 credebant
926 2468 1087 2543 adlectum,

120 2553 282 2626 Gallorum,
300 2553 384 2626 quod
399 2554 516 2612 insidiis
532 2553 660 2627 cognitis
677 2554 766 2628 plura
778 2569 868 2627 quam
879 2551 1027 2611 videbant
1037 2567 1086 2611 ex-

117 2637 324 2697 timescebam.
342 2638 405 2710 Quo
422 2638 501 2696 laeto
517 2637 661 2697 statuisse
670 2637 820 2698 Comqus
835 2636 994 2696 dicebatur
1004 2652 1087 2697 num-

118 2739 209 2799 quam
223 2722 253 2780 in
269 2730 469 2795 conspectum
484 2723 663 2797 cuiusquam
677 2723 805 2783 Romani
822 2721 936 2780 venire.

200 2807 306 2867 XXIV.
328 2806 575 2866 BellicosissimIS
591 2807 731 2881 gentibus
748 2807 875 2866 devietis
892 2805 1086 2866 Caesareum

117 2892 235 2952 videret
249 2892 361 2951 nullam
376 2891 435 2949 iam
457 2906 527 2950 esse
543 2891 708 2966 civilatem,
736 2907 813 2966 quae
828 2891 941 2950 bellum
955 2895 1086 2965 pararet,

119 2992 179 3053 quo
195 2975 252 3036 sibi
267 2975 439 3050 resiSleret,
466 2976 522 3035 sed
536 2977 699 3036 nonnullos
715 2992 754 3043 ex
769 2975 891 3050 oppidis
907 2975 1086 3048 demigrare,

117 3077 157 3121 ex
171 3061 252 3135 agris
268 3059 417 3135 diffugere
432 3060 471 3119 ad
485 3076 633 3135 praesens
649 3060 808 3134 imperium
823 3059 1007 3133 evitandum,
1023 3058 1083 3133 plu-

116 3161 167 3205 res
192 3146 223 3205 in
246 3152 348 3220 partes
375 3145 541 3205 exercitum
564 3145 711 3204 dimittere
734 3142 897 3205 constituit.
935 3142 976 3202 Μ.
991 3144 1085 3201 Anto-

117 3232 199 3291 nium
215 3236 407 3304 quaestorem
424 3247 491 3291 cunr
511 3231 630 3304 legione
651 3230 832 3290 duodchma
847 3227 905 3288 sibi
920 3226 1085 3300 coniungit

118 3315 148 3374 C.
163 3315 289 3375 Fabium
303 3317 435 3389 legatum
450 3331 518 3375 oum
534 3314 709 3394 cohortibus
721 3331 784 3371 xxv
796 3313 881 3373 mittit
895 3312 925 3371 io
941 3308 1084 3371 diversis

118 3400 225 3459 simam
241 3405 355 3474 partem
372 3399 500 3474 Galilae,
523 3399 662 3475 quodibi
678 3398 826 3474 quasdam
842 3397 979 3457 civitates
994 3395 1026 3455 in
1041 3411 1085 3455 ar·

117 3483 174 3543 mis
190 3500 261 3544 esse
276 3485 433 3558 audiebat,
455 3499 556 3559 neque
572 3484 602 3544 G.
619 3484 774 3543 CaninIum
788 3481 928 3541 RebiIum
944 3482 1085 3555 legatum,

119 3568 215 3641 quiin
229 3570 286 3628 illis
301 3569 477 3643 regionibus
493 3575 565 3644 erat,
582 3568 655 3629 salis
672 3568 774 3627 firmas
790 3567 865 3625 duas
881 3564 1019 3639 legiones
1034 3564 1083 3624 ha-

119 3650 190 3710 bere
206 3647 416 3714 existumabat
452 3655 485 3714 T.
500 3654 666 3713 Labienum
680 3654 719 3712 ad
734 3669 768 3713 se
784 3656 907 3719 evocat3
933 3648 1084 3724 legionem

118 3743 216 3793 autem
232 3753 281 3809 xv,
296 3754 375 3812 quae
390 3756 458 3800 oum
472 3755 509 3800 eo
525 3737 663 3800 lucratio
677 3734 1069 3811 lribernis,intogatamGal
