2272 4176
134 489 174 551 20
249 509 290 549 nn
314 506 486 550 canimunn
511 507 751 551 courvnnrronn
775 507 802 549 c.
825 500 869 555 39.
891 498 936 555 40.
957 504 1001 557 42.

132 653 274 722 licuisset,
298 657 368 733 quin
383 655 503 716 defessis
522 662 551 715 et
568 654 748 731 exanguibus
765 657 818 733 qui
831 656 900 735 plus
914 664 1014 735 posset
1030 659 1100 736 iupo-

106 738 208 799 5rium
225 744 311 815 atque
324 739 487 800 libertatem
503 746 698 817 extorqueret.
720 738 819 799 Fuere
832 746 933 801 tamen
946 746 1028 802 extra
1041 758 1100 801 con·

130 822 303 882 iurationem
319 821 482 900 conplures,
506 824 557 901 qui
575 822 610 881 ad
626 820 776 882 Catilinam
792 823 877 883 initio
895 822 1017 901 proiecti
1029 832 1098 883 sunt.

129 903 163 962 ln
186 905 227 964 eis
241 913 304 965 erat
317 907 350 965 A.
366 904 497 975 Fulvius,
516 906 660 965 senatoris
677 905 768 973 lilius,
786 923 878 983 quem
899 912 1052 967 retractam
1068 924 1100 967 ex

102 988 234 1049 oitinere
255 1005 362 1066 parens
388 991 488 1050 necari
516 990 606 1048 iussit.
650 987 767 1049 Eisdem
793 988 982 1068 temporibus
1000 988 1119 1051 llomaer

128 1070 280 1141 Lentulus,
302 1073 387 1132 sicuti
405 1071 526 1133 Catilina
540 1076 740 1149 praeceperat,
763 1088 970 1152 quoscumque
982 1072 1102 1134 moribus

124 1160 181 1213 aut
202 1154 319 1215 fortuna
337 1156 418 1216 novis
432 1155 523 1217 rebus
537 1155 657 1215 idoneos
675 1153 827 1224 credebat,
851 1162 905 1217 aut
919 1158 985 1234 ipse
1000 1163 1048 1217 aut
1056 1174 1103 1236 per

125 1235 201 1297 alios
218 1236 399 1308 sollicitabat,
417 1256 514 1318 neque
529 1238 622 1299 solum
640 1239 724 1306 ciuis,
748 1244 792 1297 set
806 1240 954 1318 cuiusque
971 1240 1049 1301 modi
1061 1255 1103 1317 ge·

79 1326 120 1391 40
131 1339 187 1382 nus
201 1321 370 1393 bominum,
393 1322 574 1401 quodmodo
590 1320 666 1382 bebo
681 1323 747 1381 usui
762 1319 849 1381 foret.
888 1323 983 1399 igitur
996 1322 1029 1383 P.
1043 1322 1104 1383 Um·

131 1405 225 1465 breno
237 1406 352 1466 cuidam
366 1407 516 1482 negotium
530 1404 587 1474 dat,
599 1406 642 1464 nti
652 1404 763 1481 legatos
775 1402 974 1482 Allobrogum
986 1408 1128 1485 requiratur

130 1507 256 1565 eosque,
280 1490 304 1549 si
320 1490 419 1566 possit,
441 1488 561 1567 inpellat
582 1488 618 1548 ad
635 1489 804 1548 societatem
825 1487 912 1557 belli,
936 1490 1104 1549 existumans

131 1571 247 1649 publice
263 1573 456 1654 privatimque
472 1590 541 1632 aere
557 1571 650 1632 alieno
667 1570 837 1649 obpressos,
862 1578 1021 1649 praeterea
1037 1570 1105 1651 quod

131 1660 235 1714 natura
250 1671 322 1731 gens
337 1654 444 1718 Gallica
459 1654 597 1716 bellicosa
612 1661 701 1724 esset,
723 1653 807 1714 lacile
823 1672 877 1715 eos
892 1655 931 1716 ad
945 1655 1006 1717 tale
1021 1656 1104 1717 consi·

106 1736 203 1803 elium
222 1739 327 1799 adduci
345 1756 441 1817 posse.
481 1738 663 1807 Umbrenus,
686 1737 765 1817 quod
788 1738 819 1797 in
835 1737 930 1800 Gallia
950 1739 1104 1817 negotiatus

132 1829 211 1890 erat,
235 1822 383 1901 plerisque
397 1821 579 1900 principibus
595 1822 750 1883 civitatium
766 1827 853 1881 notus
877 1828 944 1882 erat
960 1830 1047 1904 atque
1061 1836 1127 1883 eoru

130 1913 267 1966 noverat:
283 1908 380 1985 itaque
395 1908 458 1966 sine
471 1922 563 1975 mora,
580 1904 632 1966 ubi
644 1906 772 1983 primum
786 1905 902 1983 legatos
916 1907 950 1966 in
964 1905 1030 1967 loru
1044 1922 1102 1965 con·

130 1991 240 2066 spexit,
264 1996 453 2067 percontatus
469 2006 561 2068 pauca
583 1990 618 2049 de
638 1995 715 2049 statu
732 1989 854 2049 civitatis
870 1995 901 2049 et
914 1991 1001 2069 quasi
1014 1988 1102 2050 dolens

133 2075 194 2132 eius
212 2091 310 2134 casum
325 2075 477 2152 requirere
495 2074 599 2150 coepit,
616 2090 704 2150 quem
719 2072 827 2133 exitum
843 2075 936 2132 tantis
951 2072 1035 2133 malis
1048 2090 1102 2151 spe

106 2163 240 2225 3rarent.
264 2158 421 2235 Postquam
432 2155 495 2217 illos
506 2157 583 2217 videt
594 2157 677 2235 queri
692 2156 728 2216 de
743 2156 861 2216 avaritia
877 2158 1101 2234 magistratum.

132 2257 272 2303 accusare
286 2249 418 2302 senatum
439 2241 517 2320 quod
531 2241 561 2300 in
576 2258 610 2300 eo
625 2238 712 2300 auxili
729 2239 800 2299 nihil
816 2245 903 2309 esset,
918 2242 1045 2303 miseriis
1054 2240 1125 2299 suisa

132 2326 294 2386 remedium
309 2332 434 2386 mortem
450 2330 618 2402 expectare,
637 2330 675 2383 ‘at
687 2322 751 2400 ego’
764 2324 859 2402 inquit
872 2323 977 2394 ‘vobis
992 2325 1017 2384 si
1029 2320 1102 2384 modo
1134 2379 1136 2382 ,

132 2408 187 2467 1111
209 2426 272 2470 esse
294 2409 393 2477 voltis,
417 2409 559 2468 rationem
580 2408 749 2476 ostendam,
776 2424 834 2485 qua
855 2413 939 2467 tanta
966 2409 1021 2468 ista
1041 2404 1101 2467 111111

134 2490 297 2566 effugiatis!
330 2492 410 2553 Haec
425 2491 475 2552 ubi
499 2492 578 2561 dixit,
600 2490 772 2566 Allobroges
793 2491 824 2550 in
842 2507 1017 2552 maxumam
1034 2504 1100 2567 spen

133 2573 249 2634 adducti
257 2575 438 2636 Umbrenum
452 2592 547 2644 orare,
558 2580 592 2636 ut
601 2575 646 2634 sui
656 2575 861 2634 misereretur:
874 2573 951 2634 nihil
961 2582 1022 2635 tam
1033 2588 1099 2650 aspra

135 2674 201 2715 rum
216 2675 312 2737 neque
327 2666 387 2718 tam
404 2658 520 2719 difficile
533 2676 611 2726 esse,
628 2657 706 2736 quod
720 2675 780 2717 non
795 2657 998 2737 cupidissume
1012 2652 1099 2718 factori
1115 2679 1117 2700 ³

107 2747 243 2810 gesseni,
273 2742 343 2801 dum
372 2759 474 2803 cares
497 2743 638 2801 civitatem
662 2759 729 2801 aere
751 2739 844 2801 alieno
867 2739 1021 2803 liberaret.
1059 2736 1098 2799 ute

134 2826 229 2884 cosin
245 2825 363 2886 domum
379 2826 412 2885 [1.
429 2826 513 2885 Bruti
530 2824 673 2903 perducit,
696 2824 775 2902 quod
789 2823 854 2883 foro
868 2827 1037 2904 propinqua
1050 2826 1098 2883 erat

134 2923 230 2982 neque
244 2908 336 2970 aliena
353 2908 453 2969 consili
468 2915 591 2986 propter
607 2907 825 2984 Semproniam:
840 2925 911 2967 nam
928 2915 994 2969 tum
1008 2907 1097 2967 urunt

106 2987 169 3060 pah
185 2988 277 3050 lloma
295 2992 405 3053 aberat.
446 2992 603 3052 Praeterea
623 2990 777 3053 Gabinium
791 2992 926 3059 accersit,
945 3010 1004 3071 quo
1022 2989 1096 3050 maior

134 3077 290 3135 auctoritas
317 3077 445 3136 sermoni
474 3076 589 3135 inesset.
638 3074 680 3134 Eo
703 3080 857 3151 praesente
883 3076 1096 3135 coniurationem

134 3159 242 3233 aperit,
266 3161 397 3218 nominat
411 3159 520 3228 socios,
540 3164 693 3236 praeterea
709 3157 816 3218 multos
834 3160 981 3236 cuiusque
999 3154 1095 3235 genui

134 3240 276 3311 innoxios,
294 3260 351 3321 quo
367 3240 469 3318 legatis
485 3245 598 3303 animus
613 3241 735 3319 amplior
750 3248 842 3302 esset:
861 3242 969 3303 deinde
986 3259 1034 3302 eos
1045 3234 1094 3317 pol·

87 3329 123 3388 41
135 3320 227 3382 licitos
248 3342 368 3402 operam
391 3343 474 3387 suam
496 3327 616 3386 domum
637 3325 760 3385 dimittit.
799 3324 851 3385 Set
870 3324 1041 3403 Allobroges
1057 3320 1094 3381 diu

109 3406 164 3467 2in
187 3407 299 3468 incerto
321 3408 466 3478 habuere,
491 3410 629 3487 quidnam
652 3409 753 3468 consili
774 3415 923 3486 caperent.
967 3409 1001 3469 In
1021 3407 1094 3468 altera

134 3496 217 3564 parte
240 3499 303 3551 erat
321 3511 370 3553 aes
387 3492 512 3553 alienum
534 3494 661 3553 studium
676 3491 745 3553 belli
758 3508 865 3569 magna
887 3509 1002 3553 merces
1015 3494 1042 3553 in
1054 3502 1093 3565 spe

134 3571 285 3643 victoriae,
306 3583 335 3635 at
349 3578 379 3637 in
394 3576 483 3637 altera
497 3578 623 3637 maiores
637 3592 707 3654 opes
720 3582 784 3637 tuta
797 3576 916 3637 consilia
931 3592 987 3655 pro
1001 3577 1092 3635 iucem

108 3668 186 3727 aspe
204 3663 283 3717 certa
298 3663 437 3737 praemia.
467 3659 546 3721 Haec
564 3661 619 3720 illis
637 3659 819 3720 volventibus
839 3660 958 3721 tandem
972 3656 1092 3718 viritior·

109 3739 204 3797 atuna
219 3742 263 3800 rei
276 3742 420 3816 publicae.
445 3743 545 3822 ltaque
561 3745 594 3815 Q.
610 3742 701 3803 Fabio
713 3743 836 3819 Sangae,
853 3744 938 3805 cuius
951 3738 1091 3821 patrocinio
