<?xml version="1.0" encoding="UTF-8"?>
<!DOCTYPE html PUBLIC "-//W3C//DTD XHTML 1.0 Transitional//EN"
    "http://www.w3.org/TR/xhtml1/DTD/xhtml1-transitional.dtd">
<html xmlns="http://www.w3.org/1999/xhtml" xml:lang="en" lang="en">
 <head>
  <title>
</title>
<meta http-equiv="Content-Type" content="text/html;charset=utf-8" />
  <meta name='ocr-system' content='tesseract 3.04.00' />
  <meta name='ocr-capabilities' content='ocr_page ocr_carea ocr_par ocr_line ocrx_word'/>
</head>
<body>
  <div class='ocr_page' id='page_1' title='image "./commentarii00caesgoog_0048.png"; bbox 0 0 2272 4176; ppageno 0'>
   <div class='ocr_carea' id='block_1_1' title="bbox 488 106 1063 173">
    <p class='ocr_par' dir='ltr' id='par_1_1' title="bbox 488 106 1063 173">
     <span class='ocr_line' id='line_1_1' title="bbox 488 106 1063 173; baseline 0.009 -5"><span class='ocrx_word' id='word_1_1' title='bbox 488 108 604 168; x_wconf 88' lang='lat' dir='ltr'><strong>LIBER</strong></span> <span class='ocrx_word' id='word_1_2' title='bbox 620 109 656 168; x_wconf 88' lang='grc' dir='ltr'><strong>Π.</strong></span> <span class='ocrx_word' id='word_1_3' title='bbox 1021 106 1063 173; x_wconf 73' lang='grc'><strong>35</strong></span> 
     </span>
    </p>
   </div>
   <div class='ocr_carea' id='block_1_2' title="bbox 87 226 1106 337">
    <p class='ocr_par' dir='ltr' id='par_1_2' title="bbox 87 226 1106 337">
     <span class='ocr_line' id='line_1_2' title="bbox 87 226 1106 337; baseline 0.003 -17"><span class='ocrx_word' id='word_1_4' title='bbox 87 226 99 257; x_wconf 70' lang='lat'><em>⁰</em></span> <span class='ocrx_word' id='word_1_5' title='bbox 115 262 228 320; x_wconf 83' lang='lat' dir='ltr'><strong>luerunt</strong></span> <span class='ocrx_word' id='word_1_6' title='bbox 240 275 346 335; x_wconf 91' lang='lat' dir='ltr'><strong>neque</strong></span> <span class='ocrx_word' id='word_1_7' title='bbox 361 267 483 321; x_wconf 90' lang='lat' dir='ltr'><strong>nostros</strong></span> <span class='ocrx_word' id='word_1_8' title='bbox 499 261 529 319; x_wconf 95' lang='lat' dir='ltr'><strong>in</strong></span> <span class='ocrx_word' id='word_1_9' title='bbox 543 262 646 321; x_wconf 89' lang='lat' dir='ltr'><strong>locum</strong></span> <span class='ocrx_word' id='word_1_10' title='bbox 657 260 837 337; x_wconf 80' lang='lat' dir='ltr'><strong>iniquiorem</strong></span> <span class='ocrx_word' id='word_1_11' title='bbox 847 261 993 337; x_wconf 74' lang='lat' dir='ltr'><strong>progredi</strong></span> <span class='ocrx_word' id='word_1_12' title='bbox 1005 264 1059 337; x_wconf 79' lang='lat' dir='ltr'><strong>pu·¹</strong></span> <span class='ocrx_word' id='word_1_13' title='bbox 1102 324 1106 331; x_wconf 79' lang='grc'><strong>,</strong></span> 
     </span>
    </p>
   </div>
   <div class='ocr_carea' id='block_1_3' title="bbox 34 343 1060 3358">
    <p class='ocr_par' dir='ltr' id='par_1_3' title="bbox 34 343 1060 1259">
     <span class='ocr_line' id='line_1_3' title="bbox 34 343 1060 420; baseline 0.004 -17"><span class='ocrx_word' id='word_1_14' title='bbox 34 373 41 389; x_wconf 64' lang='grc' dir='ltr'><em>ν</em></span> <span class='ocrx_word' id='word_1_15' title='bbox 111 343 200 415; x_wconf 70' lang='lat' dir='ltr'><strong>mandi</strong></span> <span class='ocrx_word' id='word_1_16' title='bbox 215 359 312 404; x_wconf 87' lang='lat' dir='ltr'><strong>causa</strong></span> <span class='ocrx_word' id='word_1_17' title='bbox 325 343 482 419; x_wconf 90' lang='lat' dir='ltr'><strong>viderunt,</strong></span> <span class='ocrx_word' id='word_1_18' title='bbox 498 352 590 420; x_wconf 89' lang='lat' dir='ltr'><strong>atque</strong></span> <span class='ocrx_word' id='word_1_19' title='bbox 605 346 693 420; x_wconf 91' lang='lat' dir='ltr'><strong>ipsos</strong></span> <span class='ocrx_word' id='word_1_20' title='bbox 709 360 760 404; x_wconf 91' lang='lat' dir='ltr'><strong>res</strong></span> <span class='ocrx_word' id='word_1_21' title='bbox 776 344 972 407; x_wconf 79' lang='lat' dir='ltr'><strong>trunrenaria</strong></span> <span class='ocrx_word' id='word_1_22' title='bbox 985 346 1060 407; x_wconf 83' lang='lat' dir='ltr'><strong>detl-</strong></span> 
     </span>
     <span class='ocr_line' id='line_1_4' title="bbox 34 422 1060 505; baseline 0.006 -20"><span class='ocrx_word' id='word_1_23' title='bbox 34 422 37 430; x_wconf 82' lang='lat'>&#39;</span> <span class='ocrx_word' id='word_1_24' title='bbox 111 441 165 486; x_wconf 80' lang='lat' dir='ltr'><strong>tere</strong></span> <span class='ocrx_word' id='word_1_25' title='bbox 184 429 300 503; x_wconf 89' lang='lat' dir='ltr'><strong>eoepit,</strong></span> <span class='ocrx_word' id='word_1_26' title='bbox 327 428 456 489; x_wconf 89' lang='lat' dir='ltr'><strong>concilio</strong></span> <span class='ocrx_word' id='word_1_27' title='bbox 479 436 650 490; x_wconf 89' lang='lat' dir='ltr'><strong>convocato</strong></span> <span class='ocrx_word' id='word_1_28' title='bbox 673 429 896 490; x_wconf 89' lang='lat' dir='ltr'><strong>constituerunt</strong></span> <span class='ocrx_word' id='word_1_29' title='bbox 915 429 1060 505; x_wconf 88' lang='lat' dir='ltr'><strong>optimum</strong></span> 
     </span>
     <span class='ocr_line' id='line_1_5' title="bbox 34 512 1060 589; baseline 0.009 -24"><span class='ocrx_word' id='word_1_30' title='bbox 34 542 38 565; x_wconf 89' lang='lat' dir='ltr'><strong>t</strong></span> <span class='ocrx_word' id='word_1_31' title='bbox 64 540 69 549; x_wconf 92' lang='lat'><em>·</em></span> <span class='ocrx_word' id='word_1_32' title='bbox 109 525 165 570; x_wconf 83' lang='lat' dir='ltr'><strong>esse</strong></span> <span class='ocrx_word' id='word_1_33' title='bbox 177 512 298 573; x_wconf 91' lang='lat' dir='ltr'><strong>domum</strong></span> <span class='ocrx_word' id='word_1_34' title='bbox 312 529 400 572; x_wconf 86' lang='lat' dir='ltr'><strong>suam</strong></span> <span class='ocrx_word' id='word_1_35' title='bbox 415 529 568 587; x_wconf 84' lang='lat' dir='ltr'>quemque</span> <span class='ocrx_word' id='word_1_36' title='bbox 582 513 752 587; x_wconf 83' lang='lat' dir='ltr'><strong>revertiet,</strong></span> <span class='ocrx_word' id='word_1_37' title='bbox 780 529 910 589; x_wconf 81' lang='lat' dir='ltr'><strong>quorum</strong></span> <span class='ocrx_word' id='word_1_38' title='bbox 931 513 961 572; x_wconf 93' lang='lat' dir='ltr'><strong>in</strong></span> <span class='ocrx_word' id='word_1_39' title='bbox 982 514 1060 575; x_wconf 88' lang='lat' dir='ltr'><strong>lines</strong></span> 
     </span>
     <span class='ocr_line' id='line_1_6' title="bbox 63 594 1060 671; baseline 0.004 -18"><span class='ocrx_word' id='word_1_40' title='bbox 63 598 66 603; x_wconf 83' lang='lat'>&#39;</span> <span class='ocrx_word' id='word_1_41' title='bbox 106 594 218 669; x_wconf 79' lang='lat' dir='ltr'><strong>prinlum</strong></span> <span class='ocrx_word' id='word_1_42' title='bbox 232 596 361 667; x_wconf 81' lang='lat' dir='ltr'><strong>Romani</strong></span> <span class='ocrx_word' id='word_1_43' title='bbox 375 597 542 657; x_wconf 88' lang='lat' dir='ltr'><strong>exercitum</strong></span> <span class='ocrx_word' id='word_1_44' title='bbox 557 597 815 671; x_wconf 76' lang='lat' dir='ltr'><strong>introduxissent,</strong></span> <span class='ocrx_word' id='word_1_45' title='bbox 830 598 871 656; x_wconf 85' lang='lat' dir='ltr'><strong>ad</strong></span> <span class='ocrx_word' id='word_1_46' title='bbox 885 612 941 656; x_wconf 89' lang='lat' dir='ltr'><strong>eos</strong></span> <span class='ocrx_word' id='word_1_47' title='bbox 956 598 1060 657; x_wconf 88' lang='lat' dir='ltr'><strong>deien-</strong></span> 
     </span>
     <span class='ocr_line' id='line_1_7' title="bbox 62 677 1058 756; baseline 0.002 -19"><span class='ocrx_word' id='word_1_48' title='bbox 62 706 66 711; x_wconf 95' lang='lat'>·</span> <span class='ocrx_word' id='word_1_49' title='bbox 106 677 209 740; x_wconf 90' lang='lat' dir='ltr'><strong>dendos</strong></span> <span class='ocrx_word' id='word_1_50' title='bbox 224 680 361 755; x_wconf 90' lang='lat' dir='ltr'><strong>undique</strong></span> <span class='ocrx_word' id='word_1_51' title='bbox 376 682 589 755; x_wconf 89' lang='lat' dir='ltr'><strong>convenirent,</strong></span> <span class='ocrx_word' id='word_1_52' title='bbox 615 687 649 741; x_wconf 90' lang='lat' dir='ltr'><strong>ut</strong></span> <span class='ocrx_word' id='word_1_53' title='bbox 669 682 773 756; x_wconf 90' lang='lat' dir='ltr'><strong>potius</strong></span> <span class='ocrx_word' id='word_1_54' title='bbox 795 680 825 740; x_wconf 92' lang='lat' dir='ltr'><strong>in</strong></span> <span class='ocrx_word' id='word_1_55' title='bbox 841 683 907 742; x_wconf 92' lang='lat' dir='ltr'><strong>suis</strong></span> <span class='ocrx_word' id='word_1_56' title='bbox 925 697 1015 755; x_wconf 89' lang='lat' dir='ltr'><strong>quam</strong></span> <span class='ocrx_word' id='word_1_57' title='bbox 1030 681 1058 740; x_wconf 89' lang='lat' dir='ltr'><strong>in</strong></span> 
     </span>
     <span class='ocr_line' id='line_1_8' title="bbox 103 762 1056 840; baseline 0.005 -20"><span class='ocrx_word' id='word_1_58' title='bbox 103 762 196 823; x_wconf 80' lang='lat' dir='ltr'><strong>alienis</strong></span> <span class='ocrx_word' id='word_1_59' title='bbox 220 763 333 823; x_wconf 87' lang='lat' dir='ltr'><strong>finibus</strong></span> <span class='ocrx_word' id='word_1_60' title='bbox 360 765 552 824; x_wconf 81' lang='lat' dir='ltr'><strong>decertarent</strong></span> <span class='ocrx_word' id='word_1_61' title='bbox 572 770 602 824; x_wconf 90' lang='lat' dir='ltr'><strong>et</strong></span> <span class='ocrx_word' id='word_1_62' title='bbox 623 764 801 825; x_wconf 87' lang='lat' dir='ltr'><strong>domesticis</strong></span> <span class='ocrx_word' id='word_1_63' title='bbox 824 766 923 840; x_wconf 85' lang='lat' dir='ltr'><strong>copiis</strong></span> <span class='ocrx_word' id='word_1_64' title='bbox 937 764 982 824; x_wconf 93' lang='lat' dir='ltr'><strong>rei</strong></span> <span class='ocrx_word' id='word_1_65' title='bbox 996 765 1056 825; x_wconf 84' lang='lat' dir='ltr'><strong>iru-</strong></span> 
     </span>
     <span class='ocr_line' id='line_1_9' title="bbox 101 848 1059 923; baseline 0.005 -19"><span class='ocrx_word' id='word_1_66' title='bbox 101 848 252 907; x_wconf 75' lang='lat' dir='ltr'><strong>meritoriae</strong></span> <span class='ocrx_word' id='word_1_67' title='bbox 262 853 428 908; x_wconf 90' lang='lat' dir='ltr'><strong>uterentur.</strong></span> <span class='ocrx_word' id='word_1_68' title='bbox 440 850 489 908; x_wconf 87' lang='lat' dir='ltr'><strong>Ad</strong></span> <span class='ocrx_word' id='word_1_69' title='bbox 501 863 567 907; x_wconf 88' lang='lat' dir='ltr'><strong>eam</strong></span> <span class='ocrx_word' id='word_1_70' title='bbox 579 850 759 908; x_wconf 91' lang='lat' dir='ltr'><strong>sententiam</strong></span> <span class='ocrx_word' id='word_1_71' title='bbox 771 864 838 908; x_wconf 91' lang='lat' dir='ltr'><strong>eum</strong></span> <span class='ocrx_word' id='word_1_72' title='bbox 849 849 977 923; x_wconf 89' lang='lat' dir='ltr'><strong>reliquis</strong></span> <span class='ocrx_word' id='word_1_73' title='bbox 989 864 1059 909; x_wconf 87' lang='lat' dir='ltr'><strong>cau-</strong></span> 
     </span>
     <span class='ocr_line' id='line_1_10' title="bbox 49 930 1059 1008; baseline 0.002 -19"><span class='ocrx_word' id='word_1_74' title='bbox 49 994 52 1001; x_wconf 68' lang='grc'>,</span> <span class='ocrx_word' id='word_1_75' title='bbox 100 930 136 990; x_wconf 85' lang='lat' dir='ltr'><strong>sis</strong></span> <span class='ocrx_word' id='word_1_76' title='bbox 149 931 222 991; x_wconf 89' lang='lat' dir='ltr'><strong>haec</strong></span> <span class='ocrx_word' id='word_1_77' title='bbox 237 947 363 1006; x_wconf 90' lang='lat' dir='ltr'><strong>quoque</strong></span> <span class='ocrx_word' id='word_1_78' title='bbox 376 933 452 992; x_wconf 88' lang='lat' dir='ltr'><strong>ratio</strong></span> <span class='ocrx_word' id='word_1_79' title='bbox 466 948 520 991; x_wconf 91' lang='lat' dir='ltr'><strong>eos</strong></span> <span class='ocrx_word' id='word_1_80' title='bbox 534 934 669 1006; x_wconf 78' lang='lat' dir='ltr'><strong>deduxit,</strong></span> <span class='ocrx_word' id='word_1_81' title='bbox 686 932 955 1008; x_wconf 87' lang='lat' dir='ltr'><strong>quodDivitiacum</strong></span> <span class='ocrx_word' id='word_1_82' title='bbox 968 940 1059 1007; x_wconf 88' lang='lat' dir='ltr'><strong>atque</strong></span> 
     </span>
     <span class='ocr_line' id='line_1_11' title="bbox 96 1012 1056 1092; baseline 0.003 -19"><span class='ocrx_word' id='word_1_83' title='bbox 96 1012 234 1076; x_wconf 85' lang='lat' dir='ltr'><strong>Haeduos</strong></span> <span class='ocrx_word' id='word_1_84' title='bbox 255 1015 369 1075; x_wconf 89' lang='lat' dir='ltr'><strong>finibus</strong></span> <span class='ocrx_word' id='word_1_85' title='bbox 384 1017 616 1078; x_wconf 83' lang='lat' dir='ltr'><strong>Bellovacorum</strong></span> <span class='ocrx_word' id='word_1_86' title='bbox 637 1017 888 1092; x_wconf 87' lang='lat' dir='ltr'><strong>adpropinquare</strong></span> <span class='ocrx_word' id='word_1_87' title='bbox 904 1031 1056 1092; x_wconf 82' lang='lat' dir='ltr'><strong>cognove-</strong></span> 
     </span>
     <span class='ocr_line' id='line_1_12' title="bbox 95 1099 1057 1177; baseline 0.004 -20"><span class='ocrx_word' id='word_1_88' title='bbox 95 1106 164 1158; x_wconf 86' lang='lat' dir='ltr'><strong>rant.</strong></span> <span class='ocrx_word' id='word_1_89' title='bbox 190 1099 246 1159; x_wconf 87' lang='lat' dir='ltr'><strong>His</strong></span> <span class='ocrx_word' id='word_1_90' title='bbox 269 1101 464 1175; x_wconf 85' lang='lat' dir='ltr'><strong>persuaderi,</strong></span> <span class='ocrx_word' id='word_1_91' title='bbox 490 1108 522 1160; x_wconf 94' lang='lat' dir='ltr'><strong>ut</strong></span> <span class='ocrx_word' id='word_1_92' title='bbox 542 1101 655 1161; x_wconf 90' lang='lat' dir='ltr'><strong>diutius</strong></span> <span class='ocrx_word' id='word_1_93' title='bbox 670 1108 861 1163; x_wconf 91' lang='lat' dir='ltr'><strong>morarentur</strong></span> <span class='ocrx_word' id='word_1_94' title='bbox 875 1116 977 1177; x_wconf 91' lang='lat' dir='ltr'><strong>neque</strong></span> <span class='ocrx_word' id='word_1_95' title='bbox 992 1100 1057 1161; x_wconf 85' lang='lat' dir='ltr'><strong>suis</strong></span> 
     </span>
     <span class='ocr_line' id='line_1_13' title="bbox 50 1182 591 1259; baseline 0 -17"><span class='ocrx_word' id='word_1_96' title='bbox 50 1196 55 1203; x_wconf 89' lang='lat'>·</span> <span class='ocrx_word' id='word_1_97' title='bbox 93 1182 233 1243; x_wconf 86' lang='lat' dir='ltr'><strong>auxilium</strong></span> <span class='ocrx_word' id='word_1_98' title='bbox 248 1184 371 1259; x_wconf 82' lang='lat' dir='ltr'><strong>ferrent,</strong></span> <span class='ocrx_word' id='word_1_99' title='bbox 387 1200 448 1244; x_wconf 91' lang='lat' dir='ltr'><strong>non</strong></span> <span class='ocrx_word' id='word_1_100' title='bbox 465 1191 591 1258; x_wconf 89' lang='lat' dir='ltr'><strong>poterat.</strong></span> 
     </span>
    </p>

    <p class='ocr_par' dir='ltr' id='par_1_4' title="bbox 34 1266 1058 3025">
     <span class='ocr_line' id='line_1_14' title="bbox 34 1266 1056 1343; baseline -0.001 -15"><span class='ocrx_word' id='word_1_101' title='bbox 34 1282 47 1335; x_wconf 75' lang='grc'><strong>,·</strong></span> <span class='ocrx_word' id='word_1_102' title='bbox 167 1266 218 1328; x_wconf 86' lang='lat' dir='ltr'><strong>Xl.</strong></span> <span class='ocrx_word' id='word_1_103' title='bbox 239 1267 286 1327; x_wconf 88' lang='lat' dir='ltr'><strong>Ea</strong></span> <span class='ocrx_word' id='word_1_104' title='bbox 299 1284 333 1327; x_wconf 91' lang='lat' dir='ltr'><strong>re</strong></span> <span class='ocrx_word' id='word_1_105' title='bbox 345 1269 507 1328; x_wconf 90' lang='lat' dir='ltr'><strong>constituta</strong></span> <span class='ocrx_word' id='word_1_106' title='bbox 518 1269 656 1328; x_wconf 88' lang='lat' dir='ltr'><strong>secunda</strong></span> <span class='ocrx_word' id='word_1_107' title='bbox 665 1268 769 1343; x_wconf 81' lang='lat' dir='ltr'><strong>vigilia</strong></span> <span class='ocrx_word' id='word_1_108' title='bbox 779 1284 889 1343; x_wconf 77' lang='lat' dir='ltr'><strong>magno</strong></span> <span class='ocrx_word' id='word_1_109' title='bbox 901 1285 970 1329; x_wconf 91' lang='lat' dir='ltr'><strong>eum</strong></span> <span class='ocrx_word' id='word_1_110' title='bbox 981 1273 1056 1328; x_wconf 91' lang='lat' dir='ltr'><strong>stre-</strong></span> 
     </span>
     <span class='ocr_line' id='line_1_15' title="bbox 34 1351 1058 1428; baseline -0.002 -15"><span class='ocrx_word' id='word_1_111' title='bbox 34 1352 43 1413; x_wconf 76' lang='grc' dir='ltr'><strong>ἰ’</strong></span> <span class='ocrx_word' id='word_1_112' title='bbox 92 1351 152 1424; x_wconf 84' lang='lat' dir='ltr'><strong>pitu</strong></span> <span class='ocrx_word' id='word_1_113' title='bbox 172 1368 210 1411; x_wconf 86' lang='lat' dir='ltr'><strong>ac</strong></span> <span class='ocrx_word' id='word_1_114' title='bbox 230 1355 359 1412; x_wconf 82' lang='lat' dir='ltr'><strong>ttunultu</strong></span> <span class='ocrx_word' id='word_1_115' title='bbox 380 1353 488 1412; x_wconf 84' lang='lat' dir='ltr'><strong>castris</strong></span> <span class='ocrx_word' id='word_1_116' title='bbox 504 1352 621 1427; x_wconf 79' lang='lat' dir='ltr'><strong>egressi</strong></span> <span class='ocrx_word' id='word_1_117' title='bbox 637 1354 720 1414; x_wconf 94' lang='lat' dir='ltr'><strong>nullo</strong></span> <span class='ocrx_word' id='word_1_118' title='bbox 736 1360 818 1412; x_wconf 89' lang='lat' dir='ltr'><strong>certo</strong></span> <span class='ocrx_word' id='word_1_119' title='bbox 835 1353 942 1414; x_wconf 90' lang='lat' dir='ltr'><strong>ordine</strong></span> <span class='ocrx_word' id='word_1_120' title='bbox 956 1367 1058 1428; x_wconf 90' lang='lat' dir='ltr'><strong>neque</strong></span> 
     </span>
     <span class='ocr_line' id='line_1_16' title="bbox 88 1435 1058 1512; baseline 0.003 -17.842"><span class='ocrx_word' id='word_1_121' title='bbox 88 1435 224 1511; x_wconf 90' lang='lat' dir='ltr'><strong>imperio,</strong></span> <span class='ocrx_word' id='word_1_122' title='bbox 241 1451 311 1504; x_wconf 85' lang='lat' dir='ltr'><strong>curn</strong></span> <span class='ocrx_word' id='word_1_123' title='bbox 326 1437 384 1497; x_wconf 90' lang='lat' dir='ltr'><strong>sibi</strong></span> <span class='ocrx_word' id='word_1_124' title='bbox 400 1437 533 1512; x_wconf 90' lang='lat' dir='ltr'><strong>quisque</strong></span> <span class='ocrx_word' id='word_1_125' title='bbox 547 1438 675 1511; x_wconf 87' lang='lat' dir='ltr'><strong>primurn</strong></span> <span class='ocrx_word' id='word_1_126' title='bbox 691 1437 807 1496; x_wconf 88' lang='lat' dir='ltr'><strong>itineris</strong></span> <span class='ocrx_word' id='word_1_127' title='bbox 824 1439 923 1497; x_wconf 89' lang='lat' dir='ltr'><strong>locum</strong></span> <span class='ocrx_word' id='word_1_128' title='bbox 939 1442 1058 1512; x_wconf 89' lang='lat' dir='ltr'><strong>peteret</strong></span> 
     </span>
     <span class='ocr_line' id='line_1_17' title="bbox 34 1519 1056 1597; baseline 0 -18"><span class='ocrx_word' id='word_1_129' title='bbox 34 1532 38 1539; x_wconf 86' lang='lat'>·</span> <span class='ocrx_word' id='word_1_130' title='bbox 87 1521 253 1580; x_wconf 91' lang='lat' dir='ltr'><strong>etdomum</strong></span> <span class='ocrx_word' id='word_1_131' title='bbox 269 1521 431 1595; x_wconf 88' lang='lat' dir='ltr'><strong>pervenire</strong></span> <span class='ocrx_word' id='word_1_132' title='bbox 453 1528 649 1597; x_wconf 84' lang='lat' dir='ltr'><strong>properaret,</strong></span> <span class='ocrx_word' id='word_1_133' title='bbox 675 1522 814 1580; x_wconf 85' lang='lat' dir='ltr'><strong>iecerunt</strong></span> <span class='ocrx_word' id='word_1_134' title='bbox 835 1528 868 1581; x_wconf 94' lang='lat' dir='ltr'><strong>ut</strong></span> <span class='ocrx_word' id='word_1_135' title='bbox 889 1519 1056 1581; x_wconf 89' lang='lat' dir='ltr'><strong>consimilis</strong></span> 
     </span>
     <span class='ocr_line' id='line_1_18' title="bbox 87 1603 1056 1680; baseline -0.002 -17"><span class='ocrx_word' id='word_1_136' title='bbox 87 1603 175 1679; x_wconf 78' lang='lat' dir='ltr'><strong>togae</strong></span> <span class='ocrx_word' id='word_1_137' title='bbox 190 1605 342 1679; x_wconf 83' lang='lat' dir='ltr'><strong>protectio</strong></span> <span class='ocrx_word' id='word_1_138' title='bbox 358 1605 520 1664; x_wconf 90' lang='lat' dir='ltr'><strong>videretur.</strong></span> <span class='ocrx_word' id='word_1_139' title='bbox 546 1605 611 1664; x_wconf 87' lang='lat' dir='ltr'><strong>Hae</strong></span> <span class='ocrx_word' id='word_1_140' title='bbox 624 1620 659 1663; x_wconf 88' lang='lat' dir='ltr'><strong>re</strong></span> <span class='ocrx_word' id='word_1_141' title='bbox 673 1606 772 1665; x_wconf 90' lang='lat' dir='ltr'><strong>statim</strong></span> <span class='ocrx_word' id='word_1_142' title='bbox 789 1604 902 1664; x_wconf 84' lang='lat' dir='ltr'><strong>Caesar</strong></span> <span class='ocrx_word' id='word_1_143' title='bbox 915 1621 971 1680; x_wconf 92' lang='lat' dir='ltr'><strong>per</strong></span> <span class='ocrx_word' id='word_1_144' title='bbox 986 1618 1056 1678; x_wconf 91' lang='lat' dir='ltr'><strong>spe-</strong></span> 
     </span>
     <span class='ocr_line' id='line_1_19' title="bbox 86 1688 1057 1764; baseline 0 -17"><span class='ocrx_word' id='word_1_145' title='bbox 86 1690 238 1749; x_wconf 87' lang='lat' dir='ltr'><strong>culatores</strong></span> <span class='ocrx_word' id='word_1_146' title='bbox 254 1689 378 1762; x_wconf 83' lang='lat' dir='ltr'><strong>cognitu</strong></span> <span class='ocrx_word' id='word_1_147' title='bbox 391 1689 519 1748; x_wconf 86' lang='lat' dir='ltr'><strong>insidias</strong></span> <span class='ocrx_word' id='word_1_148' title='bbox 535 1689 665 1764; x_wconf 90' lang='lat' dir='ltr'><strong>veritus,</strong></span> <span class='ocrx_word' id='word_1_149' title='bbox 693 1688 792 1763; x_wconf 92' lang='lat' dir='ltr'><strong>quod,</strong></span> <span class='ocrx_word' id='word_1_150' title='bbox 820 1705 882 1762; x_wconf 90' lang='lat' dir='ltr'><strong>qua</strong></span> <span class='ocrx_word' id='word_1_151' title='bbox 902 1688 941 1747; x_wconf 93' lang='lat' dir='ltr'><strong>de</strong></span> <span class='ocrx_word' id='word_1_152' title='bbox 963 1703 1057 1747; x_wconf 86' lang='lat' dir='ltr'><strong>causa</strong></span> 
     </span>
     <span class='ocr_line' id='line_1_20' title="bbox 85 1771 1051 1848; baseline -0.001 -17"><span class='ocrx_word' id='word_1_153' title='bbox 85 1771 301 1847; x_wconf 82' lang='lat' dir='ltr'><strong>discederent,</strong></span> <span class='ocrx_word' id='word_1_154' title='bbox 312 1773 446 1833; x_wconf 90' lang='lat' dir='ltr'><strong>nondum</strong></span> <span class='ocrx_word' id='word_1_155' title='bbox 462 1779 677 1848; x_wconf 83' lang='lat' dir='ltr'><strong>perspexerat,</strong></span> <span class='ocrx_word' id='word_1_156' title='bbox 694 1772 862 1831; x_wconf 87' lang='lat' dir='ltr'><strong>exercitum</strong></span> <span class='ocrx_word' id='word_1_157' title='bbox 878 1771 1051 1845; x_wconf 88' lang='lat' dir='ltr'><strong>equitatum·</strong></span> 
     </span>
     <span class='ocr_line' id='line_1_21' title="bbox 86 1855 1056 1931; baseline 0.001 -16"><span class='ocrx_word' id='word_1_158' title='bbox 86 1871 145 1930; x_wconf 91' lang='lat' dir='ltr'><strong>que</strong></span> <span class='ocrx_word' id='word_1_159' title='bbox 159 1856 270 1916; x_wconf 89' lang='lat' dir='ltr'><strong>castris</strong></span> <span class='ocrx_word' id='word_1_160' title='bbox 287 1856 442 1917; x_wconf 84' lang='lat' dir='ltr'><strong>continuit.</strong></span> <span class='ocrx_word' id='word_1_161' title='bbox 457 1857 557 1917; x_wconf 83' lang='lat' dir='ltr'><strong>Prima</strong></span> <span class='ocrx_word' id='word_1_162' title='bbox 571 1859 639 1916; x_wconf 91' lang='lat' dir='ltr'><strong>luce</strong></span> <span class='ocrx_word' id='word_1_163' title='bbox 656 1857 834 1916; x_wconf 85' lang='lat' dir='ltr'><strong>confirmata</strong></span> <span class='ocrx_word' id='word_1_164' title='bbox 847 1871 882 1915; x_wconf 92' lang='lat' dir='ltr'><strong>re</strong></span> <span class='ocrx_word' id='word_1_165' title='bbox 896 1855 934 1914; x_wconf 87' lang='lat' dir='ltr'><strong>ab</strong></span> <span class='ocrx_word' id='word_1_166' title='bbox 949 1857 1056 1931; x_wconf 87' lang='lat' dir='ltr'><strong>explo-</strong></span> 
     </span>
     <span class='ocr_line' id='line_1_22' title="bbox 85 1940 1055 2016; baseline 0.002 -18"><span class='ocrx_word' id='word_1_167' title='bbox 85 1940 237 2001; x_wconf 88' lang='lat' dir='ltr'><strong>ratoribus</strong></span> <span class='ocrx_word' id='word_1_168' title='bbox 254 1956 376 2000; x_wconf 87' lang='lat' dir='ltr'><strong>ornnem</strong></span> <span class='ocrx_word' id='word_1_169' title='bbox 391 1942 571 2016; x_wconf 88' lang='lat' dir='ltr'><strong>equitatum,</strong></span> <span class='ocrx_word' id='word_1_170' title='bbox 588 1940 639 2016; x_wconf 90' lang='lat' dir='ltr'><strong>qui</strong></span> <span class='ocrx_word' id='word_1_171' title='bbox 654 1940 853 2001; x_wconf 76' lang='lat' dir='ltr'><strong>notissimum</strong></span> <span class='ocrx_word' id='word_1_172' title='bbox 870 1955 976 2014; x_wconf 74' lang='lat' dir='ltr'><strong>agmen</strong></span> <span class='ocrx_word' id='word_1_173' title='bbox 991 1955 1055 2000; x_wconf 89' lang='lat' dir='ltr'><strong>mo-</strong></span> 
     </span>
     <span class='ocr_line' id='line_1_23' title="bbox 85 2024 1055 2099; baseline 0.003 -18"><span class='ocrx_word' id='word_1_174' title='bbox 85 2032 208 2099; x_wconf 88' lang='lat' dir='ltr'><strong>raretur,</strong></span> <span class='ocrx_word' id='word_1_175' title='bbox 226 2026 391 2098; x_wconf 89' lang='lat' dir='ltr'><strong>praemisit.</strong></span> <span class='ocrx_word' id='word_1_176' title='bbox 407 2027 461 2084; x_wconf 88' lang='lat' dir='ltr'><strong>His</strong></span> <span class='ocrx_word' id='word_1_177' title='bbox 476 2025 641 2098; x_wconf 76' lang='lat' dir='ltr'><strong>Q.Pe‹liutn</strong></span> <span class='ocrx_word' id='word_1_178' title='bbox 657 2032 687 2083; x_wconf 91' lang='lat' dir='ltr'><strong>et</strong></span> <span class='ocrx_word' id='word_1_179' title='bbox 698 2025 978 2084; x_wconf 89' lang='lat' dir='ltr'><strong>L.Aurunculeium</strong></span> <span class='ocrx_word' id='word_1_180' title='bbox 988 2024 1055 2084; x_wconf 87' lang='lat' dir='ltr'><strong>Cot-</strong></span> 
     </span>
     <span class='ocr_line' id='line_1_24' title="bbox 84 2107 1055 2182; baseline 0.001 -16"><span class='ocrx_word' id='word_1_181' title='bbox 84 2114 140 2166; x_wconf 86' lang='lat' dir='ltr'><strong>tam</strong></span> <span class='ocrx_word' id='word_1_182' title='bbox 155 2109 276 2182; x_wconf 83' lang='lat' dir='ltr'><strong>legatos</strong></span> <span class='ocrx_word' id='word_1_183' title='bbox 293 2110 448 2182; x_wconf 81' lang='lat' dir='ltr'><strong>praeterit.</strong></span> <span class='ocrx_word' id='word_1_184' title='bbox 470 2110 501 2167; x_wconf 88' lang='grc' dir='ltr'><strong>Τ.</strong></span> <span class='ocrx_word' id='word_1_185' title='bbox 517 2110 683 2168; x_wconf 81' lang='lat' dir='ltr'><strong>Labienum</strong></span> <span class='ocrx_word' id='word_1_186' title='bbox 699 2109 829 2182; x_wconf 81' lang='lat' dir='ltr'><strong>legatum</strong></span> <span class='ocrx_word' id='word_1_187' title='bbox 846 2124 915 2168; x_wconf 88' lang='lat' dir='ltr'><strong>curn</strong></span> <span class='ocrx_word' id='word_1_188' title='bbox 931 2107 1055 2182; x_wconf 78' lang='lat' dir='ltr'><strong>legioni-</strong></span> 
     </span>
     <span class='ocr_line' id='line_1_25' title="bbox 83 2190 1055 2267; baseline -0.001 -16"><span class='ocrx_word' id='word_1_189' title='bbox 83 2191 139 2252; x_wconf 90' lang='lat' dir='ltr'><strong>bus</strong></span> <span class='ocrx_word' id='word_1_190' title='bbox 155 2193 253 2252; x_wconf 91' lang='lat' dir='ltr'><strong>tribus</strong></span> <span class='ocrx_word' id='word_1_191' title='bbox 268 2190 418 2267; x_wconf 82' lang='lat' dir='ltr'><strong>&#39;subsequi</strong></span> <span class='ocrx_word' id='word_1_192' title='bbox 435 2194 531 2252; x_wconf 90' lang='lat' dir='ltr'><strong>iussit.</strong></span> <span class='ocrx_word' id='word_1_193' title='bbox 553 2193 591 2252; x_wconf 93' lang='lat' dir='ltr'><strong>Hi</strong></span> <span class='ocrx_word' id='word_1_194' title='bbox 606 2192 792 2252; x_wconf 86' lang='lat' dir='ltr'><strong>novissimos</strong></span> <span class='ocrx_word' id='word_1_195' title='bbox 808 2191 904 2252; x_wconf 89' lang='lat' dir='ltr'><strong>adorti</strong></span> <span class='ocrx_word' id='word_1_196' title='bbox 920 2198 949 2250; x_wconf 92' lang='lat' dir='ltr'><strong>et</strong></span> <span class='ocrx_word' id='word_1_197' title='bbox 963 2193 1055 2251; x_wconf 90' lang='lat' dir='ltr'><strong>mulla</strong></span> 
     </span>
     <span class='ocr_line' id='line_1_26' title="bbox 81 2276 1054 2352; baseline 0 -17"><span class='ocrx_word' id='word_1_198' title='bbox 81 2277 162 2335; x_wconf 83' lang='lat' dir='ltr'><strong>utilia</strong></span> <span class='ocrx_word' id='word_1_199' title='bbox 177 2293 326 2350; x_wconf 84' lang='lat' dir='ltr'><strong>passuum</strong></span> <span class='ocrx_word' id='word_1_200' title='bbox 341 2278 495 2352; x_wconf 88' lang='lat' dir='ltr'><strong>prosecuti</strong></span> <span class='ocrx_word' id='word_1_201' title='bbox 511 2292 648 2351; x_wconf 81' lang='lat' dir='ltr'><strong>magnam</strong></span> <span class='ocrx_word' id='word_1_202' title='bbox 663 2277 880 2336; x_wconf 85' lang='lat' dir='ltr'><strong>multitudinem</strong></span> <span class='ocrx_word' id='word_1_203' title='bbox 892 2291 996 2336; x_wconf 90' lang='lat' dir='ltr'><strong>eorum</strong></span> <span class='ocrx_word' id='word_1_204' title='bbox 1010 2276 1054 2335; x_wconf 87' lang='lat' dir='ltr'><strong>lu·</strong></span> 
     </span>
     <span class='ocr_line' id='line_1_27' title="bbox 81 2360 1054 2434; baseline 0.001 -16"><span class='ocrx_word' id='word_1_205' title='bbox 81 2360 228 2433; x_wconf 83' lang='lat' dir='ltr'><strong>gientium</strong></span> <span class='ocrx_word' id='word_1_206' title='bbox 245 2360 459 2434; x_wconf 88' lang='lat' dir='ltr'><strong>conciderunt,</strong></span> <span class='ocrx_word' id='word_1_207' title='bbox 487 2377 555 2419; x_wconf 85' lang='lat' dir='ltr'><strong>curn</strong></span> <span class='ocrx_word' id='word_1_208' title='bbox 570 2361 608 2419; x_wconf 86' lang='lat' dir='ltr'><strong>ab</strong></span> <span class='ocrx_word' id='word_1_209' title='bbox 623 2368 759 2420; x_wconf 87' lang='lat' dir='ltr'><strong>extremo</strong></span> <span class='ocrx_word' id='word_1_210' title='bbox 775 2361 903 2434; x_wconf 84' lang='lat' dir='ltr'><strong>agmine,</strong></span> <span class='ocrx_word' id='word_1_211' title='bbox 919 2360 959 2418; x_wconf 92' lang='lat' dir='ltr'><strong>ad</strong></span> <span class='ocrx_word' id='word_1_212' title='bbox 974 2375 1054 2433; x_wconf 85' lang='lat' dir='ltr'><strong>quos</strong></span> 
     </span>
     <span class='ocr_line' id='line_1_28' title="bbox 82 2445 1053 2520; baseline -0.001 -19"><span class='ocrx_word' id='word_1_213' title='bbox 82 2452 205 2503; x_wconf 85' lang='lat' dir='ltr'><strong>ventum</strong></span> <span class='ocrx_word' id='word_1_214' title='bbox 220 2451 295 2517; x_wconf 79' lang='lat' dir='ltr'><strong>erat,</strong></span> <span class='ocrx_word' id='word_1_215' title='bbox 311 2446 512 2505; x_wconf 91' lang='lat' dir='ltr'><strong>consisterent</strong></span> <span class='ocrx_word' id='word_1_216' title='bbox 529 2445 707 2519; x_wconf 80' lang='lat' dir='ltr'><strong>fortiterque</strong></span> <span class='ocrx_word' id='word_1_217' title='bbox 722 2445 866 2520; x_wconf 81' lang='lat' dir='ltr'><strong>impetun</strong></span> <span class='ocrx_word' id='word_1_218' title='bbox 881 2450 1053 2517; x_wconf 74' lang='lat' dir='ltr'><strong>nostrorum</strong></span> 
     </span>
     <span class='ocr_line' id='line_1_29' title="bbox 81 2526 1054 2603; baseline 0.002 -18"><span class='ocrx_word' id='word_1_219' title='bbox 81 2528 208 2588; x_wconf 89' lang='lat' dir='ltr'><strong>militum</strong></span> <span class='ocrx_word' id='word_1_220' title='bbox 223 2529 423 2603; x_wconf 87' lang='lat' dir='ltr'><strong>sustinerent,</strong></span> <span class='ocrx_word' id='word_1_221' title='bbox 439 2530 574 2603; x_wconf 89' lang='lat' dir='ltr'><strong>priores,</strong></span> <span class='ocrx_word' id='word_1_222' title='bbox 598 2529 681 2603; x_wconf 89' lang='lat' dir='ltr'><strong>quod</strong></span> <span class='ocrx_word' id='word_1_223' title='bbox 697 2529 809 2588; x_wconf 89' lang='lat' dir='ltr'><strong>abesse</strong></span> <span class='ocrx_word' id='word_1_224' title='bbox 824 2545 843 2586; x_wconf 90' lang='lat' dir='ltr'><strong>a</strong></span> <span class='ocrx_word' id='word_1_225' title='bbox 858 2526 994 2600; x_wconf 90' lang='lat' dir='ltr'><strong>periculo</strong></span> <span class='ocrx_word' id='word_1_226' title='bbox 1009 2529 1054 2587; x_wconf 92' lang='lat' dir='ltr'><strong>vi-</strong></span> 
     </span>
     <span class='ocr_line' id='line_1_30' title="bbox 81 2611 1052 2688; baseline 0.001 -18"><span class='ocrx_word' id='word_1_227' title='bbox 81 2611 225 2671; x_wconf 88' lang='lat' dir='ltr'><strong>derentur</strong></span> <span class='ocrx_word' id='word_1_228' title='bbox 240 2628 341 2687; x_wconf 89' lang='lat' dir='ltr'><strong>neque</strong></span> <span class='ocrx_word' id='word_1_229' title='bbox 355 2615 417 2673; x_wconf 87' lang='lat' dir='ltr'><strong>ulla</strong></span> <span class='ocrx_word' id='word_1_230' title='bbox 438 2614 622 2674; x_wconf 89' lang='lat' dir='ltr'><strong>necessitate</strong></span> <span class='ocrx_word' id='word_1_231' title='bbox 644 2628 745 2688; x_wconf 85' lang='lat' dir='ltr'><strong>neque</strong></span> <span class='ocrx_word' id='word_1_232' title='bbox 765 2611 895 2686; x_wconf 90' lang='lat' dir='ltr'><strong>imperio</strong></span> <span class='ocrx_word' id='word_1_233' title='bbox 918 2611 1052 2671; x_wconf 87' lang='lat' dir='ltr'><strong>contine-</strong></span> 
     </span>
     <span class='ocr_line' id='line_1_31' title="bbox 81 2693 1053 2771; baseline 0 -18"><span class='ocrx_word' id='word_1_234' title='bbox 81 2702 197 2769; x_wconf 89' lang='lat' dir='ltr'><strong>rentur,</strong></span> <span class='ocrx_word' id='word_1_235' title='bbox 214 2696 359 2757; x_wconf 88' lang='lat' dir='ltr'><strong>exaudito</strong></span> <span class='ocrx_word' id='word_1_236' title='bbox 376 2700 508 2757; x_wconf 79' lang='lat' dir='ltr'><strong>electore</strong></span> <span class='ocrx_word' id='word_1_237' title='bbox 524 2697 710 2771; x_wconf 88' lang='lat' dir='ltr'><strong>perturbatis</strong></span> <span class='ocrx_word' id='word_1_238' title='bbox 727 2695 885 2756; x_wconf 89' lang='lat' dir='ltr'><strong>ordinibus</strong></span> <span class='ocrx_word' id='word_1_239' title='bbox 902 2710 1007 2754; x_wconf 86' lang='lat' dir='ltr'><strong>ornnes</strong></span> <span class='ocrx_word' id='word_1_240' title='bbox 1023 2693 1053 2753; x_wconf 90' lang='lat' dir='ltr'><strong>in</strong></span> 
     </span>
     <span class='ocr_line' id='line_1_32' title="bbox 83 2779 1052 2858; baseline -0.001 -20"><span class='ocrx_word' id='word_1_241' title='bbox 83 2780 151 2853; x_wconf 85' lang='lat' dir='ltr'><strong>iuga</strong></span> <span class='ocrx_word' id='word_1_242' title='bbox 166 2780 224 2838; x_wconf 92' lang='lat' dir='ltr'><strong>sibi</strong></span> <span class='ocrx_word' id='word_1_243' title='bbox 240 2782 427 2854; x_wconf 89' lang='lat' dir='ltr'><strong>praesidium</strong></span> <span class='ocrx_word' id='word_1_244' title='bbox 442 2787 601 2858; x_wconf 86' lang='lat' dir='ltr'><strong>ponerent.</strong></span> <span class='ocrx_word' id='word_1_245' title='bbox 619 2781 662 2839; x_wconf 91' lang='lat' dir='ltr'><strong>lta</strong></span> <span class='ocrx_word' id='word_1_246' title='bbox 676 2781 743 2839; x_wconf 92' lang='lat' dir='ltr'><strong>sine</strong></span> <span class='ocrx_word' id='word_1_247' title='bbox 758 2782 819 2839; x_wconf 92' lang='lat' dir='ltr'><strong>ullo</strong></span> <span class='ocrx_word' id='word_1_248' title='bbox 836 2779 972 2853; x_wconf 86' lang='lat' dir='ltr'><strong>periculo</strong></span> <span class='ocrx_word' id='word_1_249' title='bbox 988 2785 1052 2837; x_wconf 85' lang='lat' dir='ltr'><strong>tan·</strong></span> 
     </span>
     <span class='ocr_line' id='line_1_33' title="bbox 34 2863 1051 2943; baseline 0.001 -25"><span class='ocrx_word' id='word_1_250' title='bbox 34 2900 45 2943; x_wconf 89' lang='lat'><strong>·.</strong></span> <span class='ocrx_word' id='word_1_251' title='bbox 80 2868 138 2921; x_wconf 86' lang='lat' dir='ltr'><strong>tam</strong></span> <span class='ocrx_word' id='word_1_252' title='bbox 159 2879 268 2923; x_wconf 89' lang='lat' dir='ltr'><strong>eorum</strong></span> <span class='ocrx_word' id='word_1_253' title='bbox 289 2865 509 2924; x_wconf 89' lang='lat' dir='ltr'><strong>multitudinem</strong></span> <span class='ocrx_word' id='word_1_254' title='bbox 530 2863 626 2923; x_wconf 89' lang='lat' dir='ltr'><strong>nostri</strong></span> <span class='ocrx_word' id='word_1_255' title='bbox 649 2864 880 2935; x_wconf 79' lang='lat' dir='ltr'><strong>interfecerunt,</strong></span> <span class='ocrx_word' id='word_1_256' title='bbox 907 2870 1051 2936; x_wconf 85' lang='lat' dir='ltr'><strong>quantum</strong></span> 
     </span>
     <span class='ocr_line' id='line_1_34' title="bbox 34 2946 1052 3025; baseline 0.001 -21"><span class='ocrx_word' id='word_1_257' title='bbox 34 2948 41 3011; x_wconf 83' lang='lat'><strong>³.·</strong></span> <span class='ocrx_word' id='word_1_258' title='bbox 83 2946 133 3006; x_wconf 89' lang='lat' dir='ltr'><strong>luit</strong></span> <span class='ocrx_word' id='word_1_259' title='bbox 144 2946 204 3006; x_wconf 91' lang='lat' dir='ltr'><strong>diei</strong></span> <span class='ocrx_word' id='word_1_260' title='bbox 216 2948 359 3025; x_wconf 85' lang='lat' dir='ltr'><strong>spatium,</strong></span> <span class='ocrx_word' id='word_1_261' title='bbox 376 2949 433 3008; x_wconf 91' lang='lat' dir='ltr'><strong>sub</strong></span> <span class='ocrx_word' id='word_1_262' title='bbox 447 2964 654 3022; x_wconf 85' lang='lat' dir='ltr'><strong>occasumque</strong></span> <span class='ocrx_word' id='word_1_263' title='bbox 666 2949 741 3008; x_wconf 90' lang='lat' dir='ltr'><strong>solis</strong></span> <span class='ocrx_word' id='word_1_264' title='bbox 758 2947 940 3006; x_wconf 89' lang='lat' dir='ltr'><strong>destiterunt</strong></span> <span class='ocrx_word' id='word_1_265' title='bbox 954 2960 1052 3020; x_wconf 88' lang='lat' dir='ltr'><strong>seque</strong></span> 
     </span>
    </p>

    <p class='ocr_par' dir='ltr' id='par_1_5' title="bbox 34 3022 1051 3358">
     <span class='ocr_line' id='line_1_35' title="bbox 34 3022 775 3118; baseline -0.001 -30"><span class='ocrx_word' id='word_1_266' title='bbox 34 3032 48 3093; x_wconf 70' lang='lat' dir='ltr'><strong>i,</strong></span> <span class='ocrx_word' id='word_1_267' title='bbox 83 3022 232 3105; x_wconf 78' lang='lat' dir='ltr'><strong>meastra,</strong></span> <span class='ocrx_word' id='word_1_268' title='bbox 248 3039 283 3091; x_wconf 94' lang='lat' dir='ltr'><strong>ut</strong></span> <span class='ocrx_word' id='word_1_269' title='bbox 297 3040 363 3118; x_wconf 78' lang='lat' dir='ltr'><strong>erat</strong></span> <span class='ocrx_word' id='word_1_270' title='bbox 376 3033 566 3106; x_wconf 90' lang='lat' dir='ltr'><strong>imperatum,</strong></span> <span class='ocrx_word' id='word_1_271' title='bbox 583 3039 775 3106; x_wconf 87' lang='lat' dir='ltr'><strong>receperunt.</strong></span> 
     </span>
     <span class='ocr_line' id='line_1_36' title="bbox 42 3114 1051 3190; baseline 0.001 -17"><span class='ocrx_word' id='word_1_272' title='bbox 42 3174 47 3181; x_wconf 84' lang='grc'><strong>,</strong></span> <span class='ocrx_word' id='word_1_273' title='bbox 157 3114 222 3173; x_wconf 87' lang='lat' dir='ltr'><strong>Xll.</strong></span> <span class='ocrx_word' id='word_1_274' title='bbox 244 3115 399 3175; x_wconf 88' lang='lat' dir='ltr'><strong>Postridie</strong></span> <span class='ocrx_word' id='word_1_275' title='bbox 413 3118 479 3176; x_wconf 92' lang='lat' dir='ltr'><strong>eius</strong></span> <span class='ocrx_word' id='word_1_276' title='bbox 492 3116 551 3176; x_wconf 92' lang='lat' dir='ltr'><strong>diei</strong></span> <span class='ocrx_word' id='word_1_277' title='bbox 568 3115 688 3189; x_wconf 85' lang='lat' dir='ltr'><strong>Caesar,</strong></span> <span class='ocrx_word' id='word_1_278' title='bbox 706 3115 886 3190; x_wconf 91' lang='lat' dir='ltr'><strong>priusquam</strong></span> <span class='ocrx_word' id='word_1_279' title='bbox 898 3128 933 3172; x_wconf 91' lang='lat' dir='ltr'><strong>se</strong></span> <span class='ocrx_word' id='word_1_280' title='bbox 944 3114 1051 3174; x_wconf 90' lang='lat' dir='ltr'><strong>hostes</strong></span> 
     </span>
     <span class='ocr_line' id='line_1_37' title="bbox 84 3196 1051 3274; baseline 0.005 -21"><span class='ocrx_word' id='word_1_281' title='bbox 84 3208 248 3258; x_wconf 85' lang='lat' dir='ltr'><strong>exterrere</strong></span> <span class='ocrx_word' id='word_1_282' title='bbox 264 3216 301 3258; x_wconf 87' lang='lat' dir='ltr'><strong>oc</strong></span> <span class='ocrx_word' id='word_1_283' title='bbox 316 3201 389 3274; x_wconf 82' lang='lat' dir='ltr'><strong>iuga</strong></span> <span class='ocrx_word' id='word_1_284' title='bbox 402 3201 589 3274; x_wconf 89' lang='lat' dir='ltr'><strong>reciperent,</strong></span> <span class='ocrx_word' id='word_1_285' title='bbox 615 3201 646 3258; x_wconf 95' lang='lat' dir='ltr'><strong>in</strong></span> <span class='ocrx_word' id='word_1_286' title='bbox 661 3201 740 3260; x_wconf 84' lang='lat' dir='ltr'><strong>fines</strong></span> <span class='ocrx_word' id='word_1_287' title='bbox 757 3196 976 3273; x_wconf 85' lang='lat' dir='ltr'><strong>Suessionum,</strong></span> <span class='ocrx_word' id='word_1_288' title='bbox 999 3200 1051 3274; x_wconf 92' lang='lat' dir='ltr'><strong>qui</strong></span> 
     </span>
     <span class='ocr_line' id='line_1_38' title="bbox 68 3282 1051 3358; baseline 0.001 -19"><span class='ocrx_word' id='word_1_289' title='bbox 68 3352 71 3357; x_wconf 19' lang='grc' dir='ltr'>Ι</span> <span class='ocrx_word' id='word_1_290' title='bbox 85 3282 204 3353; x_wconf 83' lang='lat' dir='ltr'><strong>proximi</strong></span> <span class='ocrx_word' id='word_1_291' title='bbox 218 3283 327 3343; x_wconf 89' lang='lat' dir='ltr'><strong>Remis</strong></span> <span class='ocrx_word' id='word_1_292' title='bbox 342 3291 443 3357; x_wconf 87' lang='lat' dir='ltr'><strong>erant,</strong></span> <span class='ocrx_word' id='word_1_293' title='bbox 470 3284 638 3343; x_wconf 81' lang='lat' dir='ltr'><strong>exercitum</strong></span> <span class='ocrx_word' id='word_1_294' title='bbox 658 3283 746 3344; x_wconf 82' lang='lat' dir='ltr'><strong>duxit</strong></span> <span class='ocrx_word' id='word_1_295' title='bbox 766 3287 797 3340; x_wconf 90' lang='lat' dir='ltr'><strong>el</strong></span> <span class='ocrx_word' id='word_1_296' title='bbox 817 3297 927 3358; x_wconf 80' lang='lat' dir='ltr'><strong>magno</strong></span> <span class='ocrx_word' id='word_1_297' title='bbox 942 3283 1051 3342; x_wconf 90' lang='lat' dir='ltr'><strong>itinere</strong></span> 
     </span>
    </p>
   </div>
   <div class='ocr_carea' id='block_1_4' title="bbox 86 3364 1053 3531">
    <p class='ocr_par' dir='ltr' id='par_1_6' title="bbox 86 3364 1053 3531">
     <span class='ocr_line' id='line_1_39' title="bbox 86 3364 1053 3531; baseline 0.011 -108"><span class='ocrx_word' id='word_1_298' title='bbox 86 3366 214 3431; x_wconf 80' lang='lat' dir='ltr'><strong>conlecto</strong></span> <span class='ocrx_word' id='word_1_299' title='bbox 230 3366 273 3429; x_wconf 84' lang='lat' dir='ltr'><strong>ad</strong></span> <span class='ocrx_word' id='word_1_300' title='bbox 287 3367 437 3445; x_wconf 87' lang='lat' dir='ltr'><strong>oppidum</strong></span> <span class='ocrx_word' id='word_1_301' title='bbox 450 3367 666 3433; x_wconf 86' lang='lat' dir='ltr'><strong>Noviodunum</strong></span> <span class='ocrx_word' id='word_1_302' title='bbox 686 3366 857 3531; x_wconf 41' lang='lat' dir='ltr'><strong>contem&amp;</strong></span> <span class='ocrx_word' id='word_1_303' title='bbox 888 3367 930 3433; x_wconf 85' lang='lat' dir='ltr'><strong>ld</strong></span> <span class='ocrx_word' id='word_1_304' title='bbox 944 3364 1053 3434; x_wconf 68' lang='lat' dir='ltr'><strong>enitt-</strong></span> 
     </span>
    </p>
   </div>
   <div class='ocr_carea' id='block_1_5' title="bbox 0 0 1140 4176">
    <p class='ocr_par' dir='ltr' id='par_1_7' title="bbox 0 0 1140 4176">
     <span class='ocr_line' id='line_1_40' title="bbox 0 0 1140 4176; baseline 0 4"><span class='ocrx_word' id='word_1_305' title='bbox 0 0 1140 4176; x_wconf 95' lang='lat' dir='ltr'><strong> </strong></span> 
     </span>
    </p>
   </div>
  </div>
 </body>
</html>
