2272 4176
10 39 258 147 ,w

10 374 14 405 ;
62 339 183 393 vertere
197 332 394 409 coegissent3
408 331 505 395 nostri
520 340 629 407 autem,
646 330 730 406 quod
741 330 846 406 iniquo
861 331 929 391 loco
946 338 1037 407 atque

476 179 627 240 LIBERI.
972 174 1034 243 217

10 430 22 492 a
59 415 169 493 impari
176 418 343 492 congressi
354 433 480 487 numero
493 418 629 493 quinque
639 415 724 477 horis
739 416 888 492 proelium
904 417 1036 478 suslinu-

10 544 17 555 .
60 496 166 576 Issent,
182 503 271 578 quod
284 511 417 563 montem
429 503 538 578 gladiis
552 502 703 562 destrictis
715 500 936 577 ascendissent,
954 500 1037 577 quod

10 624 16 641 .
62 602 100 647 ex
119 587 192 648 loco
215 587 378 662 superiore
399 594 485 662 terga
504 593 624 646 vertere
645 586 840 647 adversarios
863 586 1037 660 coegissent

62 677 153 747 utque
167 671 200 731 in
215 672 367 747 oppidum
381 672 610 747 compulissent,
640 670 685 729 Illi
701 686 770 731 eum
789 671 952 744 tumulum,
979 687 1036 745 pro

10 810 13 817 .
64 772 121 831 quo
136 764 310 832 pugnatum
330 763 392 824 est,
417 757 537 832 magnis
561 754 706 831 operibus
728 755 900 820 munierunt
920 755 1036 830 pracsi-

63 840 210 916 diumque
224 841 266 901 ibr
281 857 461 916 posuerunt.

143 922 277 985 XLVIII.
300 926 420 986 Accidit
435 926 524 986 etiam
544 924 738 999 repentinum
752 923 977 985 incommodum
991 925 1033 984 bi-

10 1010 15 1097 ᾖ
64 1010 138 1085 duo,
166 1026 228 1085 quo
249 1009 327 1070 haec
341 1017 430 1086 gesta
444 1016 522 1071 sunt.
551 1011 646 1068 Tanta
660 1009 739 1068 enim
754 1015 922 1085 tempestas
938 1009 1033 1069 coori-

63 1100 123 1169 tur,
144 1101 178 1154 ut
192 1111 361 1171 numquam
375 1095 433 1155 illis
448 1095 525 1155 locis
540 1094 672 1154 maiores
688 1110 786 1169 aquas
802 1095 899 1154 luisse
915 1101 1033 1154 consta-

10 1210 16 1231 ·
64 1186 115 1238 ret.
143 1180 220 1240 Tum
241 1186 342 1241 autem
365 1195 404 1239 ex
428 1179 567 1240 omnibus
589 1179 742 1239 montibus
763 1178 852 1239 nives
873 1180 985 1254 proluit
999 1193 1035 1237 ao

10 1285 17 1347 q
65 1279 198 1324 summas
218 1264 305 1339 ripas
320 1263 452 1325 fluminis
468 1263 626 1338 superarit
639 1264 805 1339 pontisque
820 1264 926 1338 ambo,
955 1279 1033 1339 quos

64 1348 93 1408 0.
107 1347 222 1409 Fabius
238 1349 366 1424 lecerat,
391 1365 453 1409 uno
476 1348 525 1408 die
546 1348 714 1423 interrupit.
745 1349 828 1422 Quae
841 1363 892 1407 res
906 1365 1033 1424 magnas

63 1432 256 1493 difficultates
278 1433 424 1493 exercitui
449 1432 587 1493 Caesaris
610 1434 714 1493 attulit.
760 1433 867 1493 Castra
881 1434 976 1507 enim,
1002 1441 1034 1496 ut

12 1520 17 1529 '
63 1533 158 1594 supra
172 1518 415 1578 demonstratum
429 1526 491 1592 est,
518 1533 585 1578 cum
608 1527 713 1578 essent
732 1518 809 1577 inter
823 1517 949 1577 flumina
963 1518 1033 1592 duo,

63 1600 191 1664 Sicorim
207 1608 237 1662 ct
252 1603 392 1678 Cingam,
418 1602 518 1678 spatio
536 1602 650 1661 milium
665 1619 744 1675 xm,
771 1610 910 1662 neutrum
925 1601 1032 1662 borum

10 1694 17 1749 l
62 1686 184 1748 transiri
199 1693 321 1761 poterat
334 1687 575 1762 necessarioque
591 1703 697 1746 omnes
712 1687 760 1746 his
775 1687 925 1761 angustiis
938 1687 1030 1746 conti·

10 1798 19 1811 ,ι

10 1818 21 1841 ἱι

10 1846 15 1855 ι

62 1772 219 1832 rebantur.
248 1771 356 1847 Neque
377 1771 529 1846 civitates,
556 1786 635 1845 quac
658 1772 696 1831 ad
712 1772 850 1831 Caesaris
872 1770 1032 1830 amicitiam

10 1890 18 1925 t
62 1863 272 1931 accesserant,
288 1857 470 1915 frumentum
486 1862 684 1931 supportare,
708 1871 809 1931 neque
824 1855 853 1929 ii,
870 1855 921 1928 qui
936 1855 1031 1929 pabu-

61 1941 151 2000 latum
172 1940 294 2014 longius
315 1941 473 2015 progressi
495 1946 593 2014 erant,
620 1939 775 2000 interclusi
796 1939 969 1999 fluminibus
984 1955 1031 1999 re·

62 2025 149 2098 verti,
166 2039 269 2099 neque
284 2024 405 2083 maximi
422 2030 625 2098 commeatus
654 2025 704 2099 qui
720 2040 759 2083 ex
774 2024 859 2084 ltalia
875 2024 1031 2098 Galliaque

60 2109 230 2177 veniebant,
248 2108 279 2167 in
294 2115 396 2168 castra
409 2111 571 2183 pervenire
585 2115 735 2184 poterant.
751 2110 884 2182 Tempus
900 2115 964 2167 crat
979 2125 1031 2169 au·

59 2201 116 2254 tem
131 2192 359 2267 difficillimum,
387 2210 448 2267 quo
469 2209 571 2268 neque
586 2196 735 2254 frumenta
749 2193 779 2252 in
795 2193 931 2252 hibernis
946 2199 1032 2253 erant

58 2292 159 2360 neque
172 2279 301 2337 multum
316 2293 334 2336 a
349 2279 519 2338 maturitate
533 2279 673 2352 aberant,
690 2294 726 2338 ac
742 2278 879 2338 civitates
895 2278 1030 2338 exinani-

57 2368 112 2435 tae,
131 2362 218 2435 quod
231 2362 378 2421 Afranius
395 2379 492 2437 paene
508 2379 596 2423 omne
611 2365 793 2422 frumentum
809 2368 878 2422 ante
890 2362 1030 2422 Caesaris

58 2446 222 2505 adventurn
235 2445 366 2506 Ilerdam
382 2455 573 2518 convexerat,
589 2448 698 2523 reliqui
711 2448 737 2507 si
749 2446 822 2522 quid
833 2449 940 2520 lucrat,
958 2448 1029 2507 Cae·

59 2546 106 2589 sar
122 2529 337 2605 superioribus
354 2530 460 2591 diebus
478 2537 726 2606 consumpserat:
742 2547 864 2606 pecora,
882 2532 966 2605 quod
981 2546 1029 2590 se-

10 2620 15 2697 ᾗ
60 2614 193 2676 cundum
208 2620 329 2689 poterat
343 2630 414 2676 esso
429 2616 551 2691 inopiae
567 2617 752 2689 subsidium,
777 2622 903 2690 propter
917 2616 1029 2675 bellum

10 2716 15 2779 g
57 2698 201 2759 finitimae
223 2698 360 2759 civitates
381 2701 502 2775 longius
525 2706 726 2761 removerant.
757 2699 812 2773 Qui
833 2705 918 2758 erant
933 2699 1028 2773 pabu-

10 2786 14 2858 ᾗ
59 2783 135 2842 landi
152 2789 207 2842 aut
221 2784 424 2845 frumentandi
440 2801 535 2845 causa
550 2785 717 2860 progressi,
732 2784 790 2845 hos
806 2784 883 2843 levis
899 2791 1028 2843 armatu-

10 2874 16 2967 ᾗ
58 2882 106 2927 rue
119 2866 262 2927 Lusitani
283 2868 434 2944 peritique
455 2887 559 2930 earum
579 2870 738 2943 regionum
761 2869 865 2928 cetrati
882 2868 1028 2928 citerioris

57 2948 223 3027 Hispaniae
247 2954 518 3024 consectabantur;
546 2954 656 3028 quibus
679 2959 743 3013 erat
756 2953 893 3029 proclive
907 2959 1029 3012 tranare

10 3038 15 3131 l
58 3032 177 3111 flumen,
196 3037 282 3111 quod
297 3041 486 3098 consuetudo
502 3055 608 3098 eorum
619 3039 753 3098 omnium
764 3045 820 3114 est,
835 3043 868 3096 ut
880 3037 946 3096 sine
957 3037 1027 3097 utri·

10 3134 13 3169 ι
58 3118 111 3180 bus
122 3122 166 3181 ad
182 3121 351 3182 exercitum
366 3138 427 3182 non
443 3129 522 3182 eant.

10 3406 14 3443 l

135 3204 238 3266 XLIII.
266 3207 309 3265 At
323 3209 474 3267 exercitus
488 3207 595 3267 Afrani
618 3208 751 3268 omniurn
770 3222 871 3266 rerum
894 3206 1014 3267 abunda

57 3288 106 3352 bat
124 3292 225 3366 copia.
255 3288 382 3351 Multum
404 3300 467 3352 erat
488 3295 670 3353 frumentum
695 3291 852 3366 provisum
874 3297 904 3351 el
917 3308 1025 3352 conve·

58 3384 134 3437 ctum
148 3376 364 3452 superioribus
379 3378 585 3452 temporibus,
612 3379 737 3437 multum
752 3392 791 3437 ex
806 3376 888 3437 omni
903 3378 1025 3454 provin-

58 3460 104 3521 cia
115 3462 380 3539 comportabatur:
398 3480 507 3538 magna
523 3464 612 3541 copia
626 3462 731 3540 pabuli
746 3462 944 3542 suppetebat.
967 3464 1027 3504 “³¹-
