2272 4176
1 481 3 488 '
68 514 74 525 ·
136 486 196 547 110
398 502 581 545 onarrcuns
603 504 644 543 nr
665 502 847 545 nursrunxn

135 669 209 733 quac
229 656 290 711 tum
309 649 464 711 formidine
485 656 632 710 mercatus
653 666 717 711 sum
739 651 840 729 precio
862 648 962 710 soluto
981 652 1046 711 iure
1062 650 1105 711 do·

134 736 220 795 minis
239 741 336 796 tamen
354 736 491 802 restituo,
524 750 621 811 neque
645 735 705 811 pati
728 733 883 793 consilium
903 740 954 793 'est
971 734 1059 795 udam
1076 752 1107 795 cx

85 830 115 881 19
134 817 245 878 civibus
264 817 405 895 praedam
426 834 499 878 csse.
546 815 621 877 Satis
638 816 685 877 illa
702 816 819 884 luerint,
844 835 922 895 quae
944 818 1028 879 rabie
1046 836 1107 879 con·

131 908 225 962 tracta
251 901 449 970 toleravimus,
476 916 581 960 manus
606 901 785 960 conserentis
813 901 891 960 inter
912 918 946 961 se
969 901 1106 963 Romanos

133 986 278 1045 exercitus
297 992 327 1045 et
346 1002 428 1045 arma
450 983 486 1045 ab
508 985 636 1044 externis
657 985 687 1042 in
709 991 823 1043 nosmet
844 1001 944 1044 vorsa.
966 984 1120 1047 Scelcrmrs

132 1075 162 1127 et
178 1066 420 1128 contumeliarum
442 1069 571 1127 omnium
593 1067 658 1126 linis
680 1067 724 1126 sit.
752 1066 886 1138 Quorum
908 1068 984 1128 adeo
1008 1069 1107 1130 Sullam

131 1169 191 1211 non
214 1148 354 1229 paenitet,
378 1151 550 1211 utetiacta
571 1150 711 1226 ingloria
733 1157 884 1220 numeret,
906 1160 951 1213 et.
975 1155 1000 1213 si
1023 1152 1107 1221 liccat,

132 1235 242 1296 avidius
262 1235 373 1296 lecerit.

80 1328 114 1386 20
177 1316 179 1322 ’
216 1317 317 1396 Neque
338 1320 395 1378 iarn
411 1318 480 1396 quid
502 1319 679 1378 existumetis
702 1317 738 1377 dc
757 1315 880 1386 illo,·set
901 1327 1047 1397 <plantum
1066 1338 1108 1380 au·

132 1402 222 1462 deatis
245 1419 366 1463 vereor:
386 1420 423 1462 ne
445 1400 518 1462 alius
539 1400 626 1460 alium
646 1402 810 1480 principem
836 1411 1032 1479 expectantes
1051 1412 1129 1463 anton

132 1486 284 1563 capiamini
307 1503 424 1544 -non
446 1486 550 1563 opibus
572 1486 648 1553 eius,
677 1502 751 1562 quac
773 1484 883 1559 lutilos¹
897 1495 929 1546 ct
953 1496 1108 1565 conruptac

131 1577 213 1636 sunt,
241 1577 285 1629 set
306 1575 403 1628 vostra
429 1568 571 1637 socordia,
584 1585 642 1644 per
665 1585 751 1645 quam
784 1578 904 1645 captum
932 1572 978 1632 irc
1000 1570 1069 1632 licet
1085 1580 1108 1631 et

79 1671 111 1723 21
132 1668 220 1730 quam
245 1652 353 1712 audeas
381 1657 440 1711 tam
459 1652 549 1712 videri
571 1652 693 1713 felicem.
738 1651 812 1711 Nam
833 1662 955 1730 praeter
980 1652 1108 1715 satellites

132 1734 348 1795 conmaculatos
368 1737 432 1813 quis
450 1736 551 1796 cadem
571 1735 638 1803 volt,
663 1740 713 1796 aut
730 1737 794 1814 quis
811 1753 871 1795 non
887 1740 989 1798 omnia
1008 1745 1106 1799 mutata

130 1826 248 1897 praeter
264 1819 424 1879 victorem?
447 1818 562 1879 Scilicet
577 1818 690 1889 milites,
713 1836 838 1897 quorum
854 1824 1003 1899 sanguine
1025 1822 1129 1882 Tam-u

130 1902 175 1964 lae
201 1903 373 1981 Scirroque,
400 1904 543 1981 pessumis
563 1921 730 1971 servorum,
758 1904 872 1964 divitiae
902 1912 1010 1981 partae
1040 1916 1106 1967 sunt.

129 1987 173 2046 An
195 1986 301 2064 quibus
327 1987 474 2063 praelatus
496 1988 525 2047 in
551 1987 767 2064 magistratibus
790 1989 944 2064 capiundis
974 1990 1107 2055 Fufidius

78 2090 110 2138 22
130 2070 232 2130 ancilla
253 2073 356 2148 turpis,
380 2070 526 2130 honorum
548 2073 678 2130 omnium
701 2071 1019 2132 dehonestamentum?
1059 2072 1108 2132 lta-

129 2173 186 2231 que
206 2172 372 2214 maxumam
398 2154 468 2214 mihi
495 2154 629 2214 fiduciam
658 2156 734 2231 parit
757 2156 850 2213 uictor
872 2159 1042 2226 exercitus,
1069 2157 1108 2216 cui

128 2255 181 2314 per
211 2245 252 2296 tot
279 2239 398 2297 volnera
425 2250 454 2297 et
474 2237 590 2298 labores
611 2239 682 2298 nihil
703 2244 821 2315 praeter
843 2246 1006 2316 tyrannum
1030 2256 1132 2319 quae-a

77 2338 109 2388 23
128 2323 214 2381 situm
237 2328 289 2381 est.
309 2322 369 2382 Nisi
391 2321 466 2382 forte
487 2322 672 2382 tribuniciam
695 2328 868 2399 potestatem
890 2340 1032 2384 evorsum
1046 2342 1108 2402 pro·

128 2404 195 2464 lecti
218 2412 298 2473 sunt,
327 2423 380 2483 per
405 2423 485 2465 arma
509 2406 653 2465 conditam
677 2426 692 2466 a
713 2406 872 2465 maioribus
901 2408 981 2477 suiS,
1016 2411 1109 2486 utiquc

127 2489 191 2547 iura
214 2494 243 2547 et
260 2488 365 2548 iudicia
386 2489 503 2549 sibimet
524 2497 748 2567 extorquerent:
772 2491 891 2567 egregia
908 2491 1024 2553 scilicet
1038 2509 1109 2551 mer·

129 2572 209 2640 cede,
233 2590 299 2632 cum
321 2571 440 2651 relegati
462 2575 492 2632 in
509 2572 630 2650 paludes
650 2579 679 2634 et
697 2572 782 2633 silvas
802 2574 1015 2636 contumeliam
1030 2584 1110 2654 atquc

78 2668 111 2717 24
129 2656 263 2714 invidiam
280 2674 377 2725 suam,
392 2659 522 2735 praemia
537 2674 628 2734 penes
645 2674 755 2735 paucos
772 2655 981 2733 intellegerint.
1005 2658 1068 2730 Qua
1082 2675 1133 2718 rea

129 2741 216 2815 igitur
238 2746 318 2798 tanto
339 2742 454 2817 agmine
477 2748 563 2820 atque
584 2742 687 2801 animis
707 2740 834 2800 incedit?
868 2739 943 2810 Quia
967 2742 1111 2804 secundae

130 2841 177 2882 res
195 2825 269 2883 mire
288 2831 356 2884 sunt
377 2826 451 2884 vitiis
472 2827 619 2902 optentui:
642 2824 747 2903 quibus
767 2824 921 2901 patefactis
945 2845 1037 2905 quam
1056 2826 1110 2887 lor-

130 2906 255 2966 midatus
276 2914 320 2966 est
333 2916 393 2967 tam
410 2914 627 2969 contemnetur:
649 2910 704 2968 nisi
722 2908 798 2968 lorte
814 2911 915 2985 specie
936 2912 1111 2972 concordiae

130 2998 158 3051 ct
176 2992 266 3066 pacis,
289 3008 362 3068 quae
383 2991 485 3052 sceleri
507 3000 537 3052 et
553 2993 692 3069 paricidio
708 3010 760 3051 suo
780 2993 899 3052 nomina
918 2995 1044 3056 indidit:
1064 3012 1110 3055 ne·

130 3093 186 3153 que
213 3074 296 3134 aliter
318 3092 382 3135 rem
402 3075 549 3152 publicam
572 3082 600 3136 et
626 3074 695 3136 belli
716 3076 804 3134 linem
827 3078 882 3145 ait,
917 3080 977 3138 nisi
1000 3084 1111 3139 maneat

130 3157 249 3242 expulsa
271 3160 349 3235 agris
365 3158 481 3236 plebes,
505 3160 614 3236 praeda
630 3158 719 3219 civilis
735 3158 954 3231 acerbissumas,
980 3165 1028 3224 ius
1042 3162 1111 3223 iudi·

130 3244 264 3322 ciumque
285 3244 414 3303 omnium
436 3260 538 3303 rerum
566 3260 657 3321 penes
677 3261 724 3312 se,
751 3243 830 3321 quod
858 3245 964 3322 populi
991 3246 1111 3307 Romani

78 3344 111 3393 25
129 3329 191 3389 luit.
229 3325 309 3397 Quae
331 3329 355 3386 si
378 3326 460 3386 vobis
482 3345 539 3404 pax
567 3333 597 3387 et
622 3328 771 3404 conposita
793 3326 1028 3404 intelleguntur,
1055 3348 1112 3391 ma·

128 3431 215 3474 xuma
240 3411 426 3471 turbamenta
448 3409 645 3488 reipublicae
676 3418 762 3488 atque
788 3411 875 3470 exitia
897 3413 1043 3489 probate,
1066 3414 1112 3475 nd·

129 3499 208 3558 nuite
222 3494 336 3572 legibus
349 3495 495 3572 inpositis,
518 3495 639 3571 accipite
654 3496 744 3555 otium
764 3510 831 3553 curn
851 3497 986 3567 servitio,
1011 3506 1040 3559 et
1057 3508 1133 3559 nan

130 3581 188 3641 dite
204 3578 370 3656 exemplum
385 3581 510 3655 posteris
530 3578 566 3638 ad
586 3595 650 3638 rem
667 3577 814 3654 publicam
833 3581 943 3640 suimet
965 3586 1115 3661 sanguinis

81 3677 114 3729 m
129 3664 266 3724 mercede
280 3663 575 3724 circumveniundam.
597 3661 674 3721 llihi.
699 3678 876 3739 quamquam
891 3681 948 3741 per
965 3666 1027 3727 hoc
1040 3684 1115 3730 sum·

131 3765 212 3810 mum
227 3748 372 3826 inperium
387 3748 455 3807 satis
467 3747 629 3823 quaesitum
645 3752 707 3807 erat
720 3746 830 3807 nomini
846 3750 1010 3823 maiorum,
1026 3752 1116 3830 digm-
