2272 4176
448 156 562 216 LIBER
583 156 618 213 ll.
966 152 1029 217 255

64 326 162 373 mrum
176 260 337 371 numerum
353 308 549 378 interficiunt;
575 306 659 367 madii
680 308 831 382 perterriti
844 310 1028 385 profugiunt.

64 396 121 470 >uo
137 396 220 455 lacto
236 398 277 456 ad
292 396 454 456 Curionem
477 392 594 469 equites
615 399 807 454 revertuntur
828 395 1029 472 captivosque

64 480 92 540 td
107 496 180 540 eum
194 481 354 541 reducunt.

136 606 271 671 XXXIX.
306 607 394 667 Curio
422 622 490 665 cum
516 605 656 665 omnibus
679 606 777 680 copiis
800 613 908 681 quarta
927 608 1030 682 vigilia

64 691 172 752 exierat
188 692 366 753 cohortibus
383 690 518 766 quinque
534 690 642 750 eastris
654 690 807 765 praesidio
820 692 942 752 relictis.
956 692 1028 752 Pro·

64 792 185 852 ,nessus
200 777 283 838 milia
297 793 443 852 passuum
463 792 519 834 scx
537 776 655 851 equites
667 775 817 849 convenit,
834 793 898 834 rem
912 784 1029 851 gestam

64 862 217 936 cognovit3
246 878 263 921 e
284 862 411 938 captivis
434 860 566 936 (quaerit,
593 861 662 936 quis
683 859 792 919 castris
807 861 847 920 ad
860 862 1031 936 Bagradam

64 947 187 1022 praesit:
214 948 405 1021 respondent
426 945 598 1005 Saburram.
633 946 763 1020 Reliqua
788 946 889 1007 studio
914 946 1030 1005 itineris

64 1031 243 1092 conficiendi
259 1047 407 1107 quaerere
422 1031 631 1104 praetermittit
645 1031 846 1105 proximaque
860 1031 1030 1105 respiciens

64 1116 154 1190 signa,
179 1118 336 1187 Videtisne,
352 1116 457 1192 inquit,
473 1119 586 1187 milites,
598 1120 780 1191 captivorum
791 1120 953 1176 orationem
963 1133 1031 1176 cum

64 1201 196 1277 perfupis
207 1198 385 1262 convenire?
404 1202 502 1260 abesse
512 1218 619 1275 repem,
635 1204 834 1275 extabescere
845 1203 1030 1276 copicsmis-

64 1303 114 1359 res,
127 1290 323 1362 praepaucis
332 1288 473 1360 equitibus
481 1302 572 1360 peres
580 1304 642 1346 esse
653 1303 709 1345 nou
720 1284 890 1361 potuerint?
900 1287 1031 1346 Proinde

64 1371 269 1446 adpraedam,
287 1373 330 1430 ud
336 1374 463 1447 pieriam
468 1378 640 1445 properate.
659 1378 690 1430 at
706 1376 766 1430 ium
778 1372 815 1433 de
824 1374 967 1446 praemiis
976 1388 1030 1433 oe-

64 1458 125 1518 rtris
142 1462 171 1527 et
187 1456 226 1517 de
236 1457 400 1528 referenda
408 1458 510 1529 pretia
520 1458 651 1528 copitare
661 1458 846 1531 incipiamus.
867 1456 962 1515 Erant
975 1472 1031 1531 per

64 1557 94 1600 sc
108 1556 229 1615 magna,
248 1555 326 1615 quac
341 1547 500 1615 gesserant
511 1541 639 1614 equites
655 1541 833 1613 praesertim
846 1556 1029 1601 cumeorum

64 1626 190 1700 exiguus
208 1641 352 1685 numerus
369 1641 437 1683 cmn
453 1632 535 1683 tanta
549 1626 736 1684 multitudine
747 1625 942 1685 Numidarum
958 1642 1029 1686 con-

64 1710 200 1769 terretur.
229 1710 315 1769 llaec
335 1717 434 1768 tamen
456 1709 494 1768 ab
509 1710 586 1783 ipsis
602 1709 736 1769 inilatius
752 1710 1030 1771 commemoraban-

64 1801 121 1868 tur,
148 1802 182 1853 ut
207 1796 246 1854 de
272 1794 336 1854 suis
361 1794 498 1854 homines
524 1794 665 1854 laudibus
692 1794 818 1853 libenter
843 1794 1030 1870 praedicant

64 1878 155 1939 llulta
180 1887 343 1954 praeterea
367 1879 467 1954 spolia
493 1879 756 1953 praeferebantur,
787 1880 868 1954 capti
892 1879 1030 1939 homines

64 1964 195 2039 equique
210 1963 466 2039 producebantur,
481 1971 522 2037 ut,
539 1964 688 2037 ‹pridquid
702 1963 904 2023 intercederet
915 1970 1015 2039 tempo

64 2049 110 2123 ris,
127 2048 188 2108 hac
203 2065 292 2108 omne
308 2049 462 2108 victoriam
477 2049 587 2107 morari
604 2049 764 2108 rideretur.
787 2050 832 2108 lta
846 2050 914 2123 spei
928 2049 1029 2109 Curia-

64 2134 107 2192 nis
123 2134 252 2192 militum
268 2133 369 2192 studia
383 2150 444 2192 non
460 2133 595 2193 deerant.
616 2133 743 2208 Equites
760 2134 847 2208 sequi
862 2134 945 2193 iubet
960 2150 1031 2195 sese

64 2218 178 2292 iterque
204 2220 369 2291 accelerat,
395 2226 428 2277 ut
454 2234 543 2292 quam
565 2219 695 2278 maxime
710 2235 749 2277 cx
765 2220 836 2293 iuga
850 2220 1030 2293 perterritos

64 2303 176 2363 adoriri
198 2311 315 2378 posset.
343 2303 384 2361 At
404 2303 445 2361 illi
466 2303 572 2361 itinere
593 2303 684 2363 totius
700 2304 798 2363 noctis
814 2305 944 2363 coniecti
959 2306 1030 2365 sub-

64 2388 149 2463 sequi
166 2405 228 2448 non
244 2394 398 2462 poterant,
425 2393 516 2460 atque
537 2388 586 2445 alii
602 2388 660 2447 alio
682 2389 750 2448 loco
766 2388 958 2449 resistebant.
988 2389 1031 2449 Ne

64 2471 138 2532 baec
154 2473 279 2549 quidem
295 2472 453 2531 Curionem
470 2472 509 2530 ad
524 2488 611 2546 spem
624 2474 828 2533 morabantur.

143 2598 205 2658 XL.
228 2599 302 2657 iuba
318 2599 426 2658 certior
441 2598 539 2657 iactus
555 2597 718 2659 aSuburra
729 2601 767 2659 de
779 2606 925 2662 nocturno
941 2618 1029 2677 proc-

64 2684 97 2745 lio
114 2683 178 2744 duo
194 2683 486 2758 miliallispanorum
503 2690 532 2742 et
540 2683 691 2744 Gallorum
706 2686 849 2761 equitum,
866 2704 943 2762 quos
956 2704 1031 2747 suite

64 2768 222 2830 custodiae
239 2785 332 2827 causa
347 2769 460 2828 circum
475 2783 509 2826 se
524 2767 636 2828 habere
652 2779 829 2844 consuerat,
851 2779 881 2832 et
896 2773 1030 2847 peditum

64 2868 126 2913 eam
141 2861 270 2929 partem,
287 2855 334 2913 cui
350 2854 479 2912 maxime
495 2852 681 2928 confidebat,
698 2854 849 2916 Saburrae
865 2858 1030 2929 summisit;

64 2936 125 3014 ipse
148 2954 217 2998 cum
239 2939 363 3012 reliquis
387 2939 483 3012 copiis
500 2939 731 3015 elephantisque
746 2941 906 3017 sexaginta
920 2944 1030 3005 lentius

64 3021 268 3098 subsequitur.
287 3021 465 3098 Suspicatus
475 3023 812 3100 praemissisequitibus
825 3027 1030 3101 ipsumalioro

64 3106 221 3169 bunionem
238 3106 371 3168 Saburra
397 3109 502 3183 copias
529 3108 663 3183 equitum
688 3112 885 3187 peditumque
911 3113 1031 3175 instruit

64 3198 150 3270 tique
165 3193 213 3253 his
230 3192 366 3268 imperat,
382 3202 415 3253 ut
429 3193 620 3253 simulatione
635 3196 749 3256 timoris
762 3198 905 3271 paulatim
921 3200 1030 3261 corlant

64 3294 95 3341 ao
109 3279 224 3355 pedem
238 3279 387 3337 reserant:
403 3295 483 3351 sese,
501 3294 568 3337 oum
584 3296 664 3353 opus
680 3288 772 3355 esset,
789 3281 907 3357 signum
923 3284 1028 3361 proclii

64 3362 200 3425 daturum
208 3370 239 3423 ct
246 3364 331 3438 quad
344 3380 407 3423 rem
421 3365 578 3440 postulare
591 3365 790 3440 cognovisset
803 3366 1027 3445 imperaturum.

64 3448 164 3524 Durio,
190 3447 233 3510 ad
254 3447 443 3523 superiorem
465 3465 551 3524 spem
572 3450 677 3513 addita
692 3454 865 3531 praesentis
882 3455 1037 3537 tempora
