2272 4176
282 148 326 189 nn
345 147 449 191 annno
472 144 674 191 rvuvcrnmo
697 147 725 189 c.
747 140 791 194 20.
812 140 856 192 21.
878 140 922 192 tt.
1051 132 1089 192 bt

106 297 153 375 gis
174 313 262 374 mam
277 295 409 356 Numidis
423 295 516 356 Iratus
531 305 607 366 erat,
630 295 741 374 legatos
759 296 795 355 ad
810 295 982 374 Iugurtham
997 298 1033 357 de
1047 299 1091 358 in-

104 380 191 441 iuriis
213 382 348 459 questum
368 381 461 439 misit:
485 381 535 458 qui
551 380 666 441 tametsi
688 378 896 440 contumeliosa
915 381 991 441 dIcta
1011 389 1091 442 retn-

104 463 221 531 lerunt,
246 465 329 541 prius
350 450 447 523 tamen
468 464 565 523 omnia
578 464 639 543 pati
659 463 796 531 decrerit,
813 480 901 543 quam
916 463 1027 524 bellum
1042 482 1090 525 su·

104 565 206 616 mere,
232 547 300 624 quia
328 551 500 624 temptatum
521 553 605 607 antea
627 564 713 607 secus
744 554 881 607 cesserat.
932 546 1033 625 Neque
1056 558 1120 613 eod

79 631 203 707 imagis
218 630 325 707 cupido
338 628 497 708 Iugurthae
515 629 710 699 minuebatur,
729 630 837 709 quippe
853 631 902 709 qui
917 638 1010 691 totum
1028 633 1090 691 eius

101 730 234 791 regnum
256 715 353 773 animo
374 714 432 773 iam
453 715 607 774 invaserat.
642 713 743 793 Itaque
756 730 826 782 non,
848 716 891 774 uti
913 722 1007 791 antea,
1023 732 1121 782 eumq

102 796 293 877 praedatoria
311 814 416 865 manu,
437 796 489 857 sed
511 812 619 874 magno
641 799 772 858 exercitu
794 804 954 875 conparato
980 798 1090 859 bellum

101 896 215 958 gerere
238 882 334 958 coepit
355 886 384 941 et
404 886 507 958 aperte
526 882 615 941 totius
636 880 789 941 Numidiae
810 882 957 958 inperium
978 893 1089 960 petere.

102 963 247 1025 Ceterum
263 982 317 1041 qua
335 964 493 1042 pergebat,
509 963 592 1024 urbis
606 979 694 1041 agros
708 970 832 1033 vastare,
846 966 971 1043 praedas
987 980 1117 1041 agere:8

64 1067 91 1108 ro
100 1049 168 1108 suis
182 1048 326 1117 animum,
350 1046 483 1107 hostibus
497 1053 643 1108 terrorem
660 1063 779 1124 augere.
809 1042 957 1109 Adherbal
978 1049 1031 1109 ubi
1046 1051 1119 1114 ich

101 1130 220 1206 tellegit
242 1148 277 1191 eo
296 1148 481 1209 processum,
505 1133 548 1190 uti
561 1147 687 1208 regnum
709 1140 760 1192 aut
772 1131 998 1210 reIInquendum
1013 1141 1091 1193 esset

102 1222 158 1275 aut
173 1215 263 1274 armis
277 1214 472 1283 retinendum,
490 1217 656 1276 necessario
671 1217 769 1294 copias
783 1222 869 1295 parat
883 1222 911 1277 et
927 1217 1088 1292 Iugurthae

102 1298 211 1358 ovaus
231 1298 374 1376 procedit
407 1297 528 1359 Interim
550 1298 622 1359 haut
641 1298 729 1376 longe
741 1317 758 1359 a
772 1301 847 1359 mari
866 1316 960 1378 prope
981 1299 1116 1366 Cirtama

103 1381 249 1460 oppidum
268 1383 421 1461 utriusque
445 1383 590 1443 exercitus
613 1383 759 1451 consedit,
785 1388 814 1444 et
832 1385 900 1461 quia
915 1384 972 1445 diei
994 1391 1090 1445 extre·

64 1488 91 1529 rc
102 1483 189 1526 mum
211 1472 288 1534 erat,
318 1465 462 1544 proelium
482 1483 543 1525 non
562 1467 721 1543 inceptum.
768 1465 819 1525 Set
844 1465 896 1525 ubi
916 1466 1091 1547 plerumque

102 1550 201 1609 noctis
211 1551 364 1627 processIt,
384 1549 511 1610 obscuro
526 1550 675 1609 etiamtum
688 1547 797 1608 lumIne
811 1547 915 1609 milites
925 1549 1091 1626 Iugurthini

103 1635 192 1709 signo
204 1633 271 1692 dato
279 1632 508 1694 eastrahostium
518 1631 673 1692 invadunt:
685 1632 879 1692 semisomnos
890 1634 1005 1710 partim,
1018 1633 1090 1694 alios

104 1732 189 1777 arma
211 1718 353 1777 sumentis
374 1716 476 1793 fugant
497 1714 698 1794 funduntque:
726 1713 874 1775 Adherbal
901 1731 969 1775 cum
988 1719 1089 1794 paucis

104 1797 255 1896 equiq'bus
276 1798 384 1860 Cirtam
399 1800 543 1878 profugit,
566 1807 595 1859 et
615 1800 646 1860 ni
660 1796 817 1859 multitudo
831 1803 1000 1876 togatorum
1018 1800 1089 1861 luis-

64 1890 164 1951 mset,
195 1900 269 1961 quae
291 1882 431 1944 Numidas
452 1884 632 1962 insequentis
659 1881 814 1943 moenibus
836 1882 1001 1960 prohibuit,
1029 1902 1089 1944 uno

103 1966 153 2028 die
169 1968 245 2026 inter
262 1967 336 2027 duos
351 1982 438 2044 reges
453 1973 590 2046 coeptum
608 1973 696 2045 atque
719 1972 866 2044 patratum
881 1964 991 2027 bellum
1002 1967 1088 2028 soret.

103 2051 198 2127 Igitur
216 2048 357 2126 Iugurtha
380 2050 520 2129 oppidum
537 2050 731 2119 circumsedit,
746 2051 838 2110 vineis
855 2050 1044 2130 turrIbusque
1061 2057 1116 2118 eta

103 2133 248 2193 machinIs
263 2136 393 2194 omnium
407 2150 550 2211 generum
568 2149 738 2212 expugnare
758 2133 938 2210 adgreditur,
953 2153 1089 2195 maxume

104 2217 246 2277 festinans
260 2223 377 2296 tempus
392 2216 557 2293 legatorum
572 2224 756 2295 antecapere,
773 2234 847 2295 quos
862 2225 929 2279 ante
942 2217 1088 2296 proelium

71 2318 94 2359 :c
106 2301 217 2361 lactum
238 2300 275 2360 ab
298 2299 462 2362 Adherbale
480 2301 605 2361 Romam
622 2301 727 2360 missos
753 2300 911 2362 audiuerat.

192 2383 242 2444 Set
253 2392 408 2464 postquam
423 2391 541 2445 senatus
555 2383 678 2446 debello
690 2402 793 2446 eorum
808 2387 929 2463 accepIt,
941 2392 1002 2446 tres
1016 2386 1116 2471 adp-4

104 2467 250 2528 lescentes
264 2467 294 2527 in
311 2468 437 2528 Africam
451 2467 604 2544 legantur,
624 2469 674 2547 qui
693 2468 795 2528 ambos
812 2485 898 2545 reges
913 2469 1026 2537 adeant,
1043 2486 1088 2530 se·
1118 2500 1121 2505 v

104 2557 193 2611 natus
211 2550 370 2630 popuhque
390 2551 514 2612 Romani
536 2551 633 2613 verbis
649 2553 799 2612 nuntient:
822 2551 895 2611 velle
912 2559 941 2612 et
956 2570 1087 2622 censere,

104 2651 157 2695 eos
173 2632 208 2693 ab
227 2636 315 2694 armis
330 2635 496 2697 discedere:
512 2637 551 2695 ita
565 2652 656 2714 seque
674 2634 787 2715 illisque
802 2634 922 2711 dignum
937 2653 1010 2701 esse.
1033 2637 1136 2706 Le·2:

68 2718 165 2796 rogati
179 2719 209 2777 in
225 2717 353 2779 Africam
368 2725 549 2780 maturantes
565 2720 692 2788 veniunt,
712 2737 746 2780 eo
764 2720 856 2795 magis
872 2720 952 2796 quod
966 2719 1087 2789 Romae,

104 2803 176 2862 dum
193 2801 339 2879 proticisci
353 2810 466 2880 parant,
483 2802 520 2864 de
531 2801 644 2881 proelio
660 2801 736 2862 lacto
751 2808 780 2863 et
794 2801 1010 2881 obpugnatione
1026 2802 1088 2863 Cir·

104 2892 153 2945 tae
171 2884 357 2955 audiebatur:
373 2892 418 2947 set
431 2888 455 2946 is
469 2904 572 2947 rumor
587 2884 715 2947 clemens
729 2892 800 2946 erat.
834 2884 967 2954 Quorum
980 2886 1084 2963 Iugur·
1098 2897 1115 2948 2

105 2968 157 3028 tha
173 2975 293 3046 accepta
308 2971 440 3030 oratione
457 2971 625 3047 respondIt:
640 2967 696 3029 sihi
711 2987 808 3047 neque
822 2970 915 3030 maius
932 2970 1089 3048 quicquam

104 3070 203 3131 noque
222 3054 319 3114 carlus
341 3054 511 3113 auctoritate
528 3054 621 3114 senati
636 3070 713 3113 esse:
731 3051 767 3113 ab
783 3050 979 3114 adulescentia
1000 3055 1040 3113 ita
1057 3072 1088 3115 se

67 3154 94 3195 as
105 3136 236 3206 enisum,
251 3143 284 3196 ut
298 3137 334 3196 ab
352 3142 473 3215 optumo
490 3154 606 3216 quoque
619 3135 810 3213 probaretur:
830 3137 935 3196 vlrtute
950 3153 1010 3195 non
1026 3154 1087 3197 ma·

104 3218 166 3279 lina
186 3219 219 3279 P.
243 3220 385 3298 Scipioni,
409 3237 523 3280 summo
544 3223 623 3289 viro,
645 3217 802 3297 placuisse:
825 3219 863 3279 oh
879 3220 996 3280 easdem
1017 3222 1087 3281 artis

105 3302 143 3363 ab
159 3303 294 3381 llicipsa,
315 3322 375 3366 non
388 3305 527 3381 paenuria
542 3302 713 3372 liberorum,
735 3304 764 3362 in
778 3318 902 3380 regnum
918 3304 1087 3381 adoptatum

106 3402 187 3447 esse:
210 3392 340 3449 ceterum
362 3404 421 3465 quo
441 3386 526 3464 plura
547 3386 623 3448 hene
645 3394 732 3463 atque
753 3392 872 3449 strenue
892 3388 1023 3459 lecisset,
1052 3402 1112 3455 eoa

796 3502 801 3509 .
895 3496 936 3552 4*
