2272 4176
373 150 531 222 BELLUM
551 150 730 214 tamenn
976 150 1039 216 399

150 303 212 367 XC.
233 304 361 367 Postero
377 307 426 367 die
440 320 530 367 mane
544 307 573 366 in
590 305 737 382 oppidum
751 307 865 368 introiit
879 308 1036 369 contione·
1076 306 1079 311 ’

65 404 128 467 que
149 390 301 451 advocata
319 391 479 453 Uticenses
504 392 622 451 incolas
649 390 823 451 cohortatus
846 394 959 468 gratias
979 409 1036 468 pro

63 490 174 536 eorum
194 490 268 550 erga
289 490 324 535 se
344 476 445 536 studio
461 475 537 550 agit,
560 474 643 535 cives
659 481 757 536 autem
772 476 928 538 Romanos
944 493 1037 551 nego-

62 559 191 621 tiatores
207 565 321 633 atses,
350 560 401 635 qui
415 561 493 627 inter
513 565 666 620 necantes
683 560 830 634 pecunias
847 563 1037 622 contulerant

62 644 148 704 Varo
171 648 202 702 et
222 641 372 718 Scipioni,
399 645 499 705 multis
521 643 624 703 verbis
646 651 809 704 accusatos
826 652 856 705 et
875 646 914 704 de
930 659 1035 705 eorum

63 726 236 789 sceleribus
251 727 388 802 longiore
402 728 506 789 habita
520 729 657 788 oratione
672 728 711 788 ad
726 734 907 803 extremum,
923 736 956 789 ut
970 729 1037 788 sine

61 820 148 872 metu
161 812 333 887 prodirent,
360 812 465 872 edicit:
492 828 526 873 se
541 813 586 872 eis
602 811 749 872 duntaxat
761 814 853 874 vitam
869 828 1035 873 concessu·-

61 912 147 966 rum3
168 896 251 957 bona
266 896 387 971 quidem
403 912 508 957 eorum
523 913 558 956 se
571 896 776 971 venditurum,
798 898 839 957 ita
852 904 967 970 tamen,
985 895 1035 972 qui

61 995 171 1041 eorum
191 980 259 1055 ipse
279 996 336 1040 sua
355 981 437 1041 bona
451 982 647 1055 redemisset,
673 997 708 1041 se
721 980 871 1041 bonorum
885 981 1034 1040 venditio·

60 1081 132 1125 nem
154 1065 347 1125 inducturum
368 1071 397 1124 ct
419 1066 578 1140 pecaniam
598 1066 709 1125 multae
725 1067 845 1127 nomine
860 1068 1033 1140 relaturum,

60 1156 95 1209 ut
108 1149 345 1210 incolumitatem
358 1150 490 1209 retinere
504 1157 620 1224 posset.
644 1149 759 1223 Quibus
775 1159 856 1210 metu
871 1150 1033 1224 exsangui·

60 1233 120 1294 bus
144 1234 183 1292 de
203 1233 326 1308 vitaque
346 1249 385 1293 ex
406 1250 463 1294 suo
485 1234 649 1309 promerito
672 1234 905 1308 desperantibus
932 1234 1032 1294 subito

60 1318 165 1378 oblata
180 1319 277 1377 salute
298 1318 426 1378 libentes
443 1318 606 1393 copidique
623 1318 834 1380 condicionem
848 1326 1033 1393 acceperunt

60 1402 277 1478 petieruntque
291 1402 455 1476 accesere,
471 1410 504 1463 ut
516 1404 667 1462 universis
683 1404 825 1462 trecentis
837 1420 898 1463 uno
910 1405 1032 1463 nomine

59 1486 224 1562 pecuniam
239 1487 407 1561 imperaret.
424 1487 529 1560 ltaque
543 1487 661 1546 miliens
678 1488 817 1547 sestertio
828 1487 875 1547 his
888 1488 1030 1562 inposito,

60 1577 94 1631 ut
108 1585 167 1646 per
181 1571 341 1631 triennium
356 1586 411 1630 sex
427 1571 629 1646 pensionibus
644 1573 760 1647 populo
774 1572 913 1631 Romano
929 1573 1029 1631 solve-

60 1662 144 1728 rent,
167 1656 249 1716 nullo
266 1671 370 1715 eorum
385 1661 547 1716 recusante
575 1669 611 1714 ac
638 1670 725 1716 seeo
742 1655 791 1715 die
806 1656 927 1715 demum
941 1662 1029 1716 natos

61 1738 275 1815 praedicantes
290 1738 360 1798 laeti
375 1738 487 1814 gratias
503 1745 597 1814 agunt
612 1739 742 1799 Caesari.

144 1823 218 1883 XCI.
239 1824 306 1883 Rex
326 1823 443 1883 interim
457 1824 546 1896 Iuba,
572 1831 605 1884 ut
625 1839 663 1882 ex
678 1824 794 1898 proelio
811 1825 942 1897 fugerat,
969 1839 1030 1883 una

60 1923 131 1968 cum
145 1906 263 1967 Petreio
279 1908 408 1968 interdiu
423 1908 452 1966 in
467 1908 546 1968 villis
565 1908 712 1969 latitando
734 1908 856 1968 tandem
871 1906 1027 1997 nocturnis

59 1991 218 2051 itineribus
233 1993 379 2053 conlectis
392 1993 420 2052 in
437 2009 562 2067 regnum
577 1993 716 2067 pervenit
729 1998 820 2068 atque
831 1992 870 2051 ad
883 1991 1028 2066 oppidum

58 2077 199 2149 Zamam,
213 2077 265 2136 ubi
280 2077 348 2152 ipse
363 2077 561 2150 domicilium,
586 2077 731 2151 coniuges
747 2077 922 2150 liberosque
936 2075 1029 2135 habe·

59 2160 126 2233 bat,
151 2177 211 2235 quo
227 2176 266 2221 ex
280 2167 387 2222 cuncto
402 2176 498 2236 regno
513 2177 632 2222 omnem
649 2163 807 2235 pecuniam
839 2159 1028 2221 carissimas-

62 2260 123 2319 quc
138 2259 189 2303 res
206 2253 449 2320 comportaverat
464 2247 608 2321 quodque
623 2245 695 2305 inito
710 2246 791 2307 bello
807 2245 951 2322 operibus
966 2261 1028 2304 ma-

57 2328 150 2387 ximis
171 2331 332 2404 munierat,
358 2331 484 2390 accedit.
515 2331 609 2405 Quem
631 2337 720 2390 antea
741 2330 886 2404 oppidani
907 2343 1029 2390 rumore

59 2419 207 2487 exoptato
229 2414 268 2472 de
289 2414 427 2474 Caesaris
451 2415 579 2477 victoria
603 2416 704 2476 audito
721 2415 760 2475 ob
776 2415 831 2474 has
847 2431 957 2474 causas
974 2430 1029 2487 op-

58 2497 133 2572 pido
148 2495 376 2571 prohibuerunt,
394 2500 477 2573 quod
491 2500 570 2559 bello
587 2506 692 2560 contra
706 2500 1028 2574 populumRomanum
1080 2522 1082 2527 ⁸

58 2589 206 2656 suscepto
229 2580 259 2639 in
280 2582 393 2657 oppido
409 2583 519 2643 Zamae
539 2585 629 2658 lignis
652 2585 807 2658 congestis
822 2582 984 2641 maximam
998 2584 1028 2640 in

57 2665 161 2726 medio
177 2666 243 2727 loro
260 2683 368 2744 pyram
384 2675 610 2742 construxerat,
635 2675 683 2743 ut,
709 2669 736 2728 si
758 2670 835 2728 lorle
855 2668 934 2726 bello
951 2667 1029 2727 foret

58 2757 240 2824 superatus,
267 2751 405 2812 omnibus
427 2752 520 2812 rebus
541 2769 578 2814 eo
601 2753 798 2828 coacervatis,
819 2752 888 2811 dein
911 2750 1027 2811 civibus

58 2834 178 2894 cunctis
200 2835 364 2895 interfectis
385 2838 555 2911 codemque
570 2839 714 2912 proiectis
729 2838 799 2911 igne
813 2836 950 2896 subiecto
965 2844 1028 2897 tum

59 2918 183 2979 demum
204 2919 272 2993 ipse
295 2936 329 2980 sc
349 2921 475 2995 insuper
490 2921 673 2982 interficeret
687 2929 778 2998 atque
795 2936 938 2982 unacum
954 2919 1027 2978 libe·

56 3002 109 3076 ris,
126 3004 317 3078 coniugibus,
333 3005 449 3065 civibus
465 3013 635 3080 cunctaque
649 3023 725 3081 gaza
739 3007 823 3081 regia
834 3010 1026 3063 cremaretur.

56 3085 225 3164 Postquam
247 3089 320 3149 luba
341 3095 409 3149 ante
431 3097 535 3164 portas
559 3091 610 3150 diu
624 3093 811 3165 multumque
826 3088 923 3165 primo
939 3088 1026 3148 minis

57 3186 114 3246 pro
130 3172 258 3248 imperio
274 3173 389 3248 egisset
403 3190 470 3233 cum
481 3174 689 3248 Zamensibus,
702 3175 772 3234 dein
788 3191 855 3233 cum
871 3188 906 3231 se
920 3189 1027 3247 parum

56 3256 209 3330 prolicere
217 3258 424 3332 intellexisset,
433 3259 576 3333 precibus
586 3266 713 3333 orasset,
723 3259 764 3319 uti
772 3259 852 3318 sead
864 3273 938 3317 suos
951 3258 1026 3319 deos

56 3349 186 3416 penates
201 3342 404 3417 admitterent,
430 3343 482 3403 ubi
498 3358 552 3404 eos
571 3351 709 3420 perstare
723 3344 753 3402 in
769 3341 919 3404 sententia
933 3342 1025 3403 anim·

56 3425 190 3490 advertit
204 3442 262 3489 nec
276 3426 365 3491 minis
382 3445 439 3490 nec
452 3429 598 3508 precibus
614 3429 679 3493 suis
694 3428 825 3508 moveri,
852 3444 913 3508 quo
928 3427 1025 3507 magis
