2302 4192
329 200 370 238 nr
391 198 556 239 nrsronus
579 196 776 239 exornares.
989 175 1048 236 121

63 349 167 428 precio
179 349 208 407 in
221 347 282 408 dies
300 346 410 407 bellum
431 347 595 425 prolatans,
616 347 770 407 Cretenses
784 346 938 424 inpugnati
958 343 1052 406 semel

64 435 124 492 iam
144 450 240 509 neque
260 433 349 491 linem
369 433 425 491 nisi
440 432 551 492 excidio
574 430 710 491 habituri.
733 429 877 507 Equidem
900 447 967 507 cum
979 429 1051 488 mibi
1069 444 1101 494 13

66 516 105 576 ob
124 517 255 593 ipsorum
271 517 385 576 interna
401 515 476 576 mala
494 515 581 575 dilata
596 512 707 592 proeba
725 515 819 590 magis
836 531 924 593 quam
946 530 1051 590 pacem

66 600 164 660 datam
182 599 396 677 intellegerem,
421 599 568 661 abnuente
583 599 718 674 Tigrane,
738 599 788 676 qui
809 615 874 658 mea
889 598 966 658 dicta
981 612 1049 656 sero

27 707 42 746 s
65 683 186 761 probat,
210 690 239 744 te
257 691 371 743 remoto
388 683 508 761 procul,
533 682 669 743 omnibus
689 681 753 742 aliis
774 681 923 751 obnoxiis,
945 697 1050 741 rursus

64 774 162 828 tamen
185 767 295 828 bellum
315 769 379 845 cepi
397 768 587 846 Marcumque
604 766 727 836 Cottam,
749 765 915 826 Romanum
934 764 1049 834 ducem,

65 851 144 929 apud
160 850 345 912 Chalcedona
362 858 440 912 terra
457 851 536 919 ludi,
561 853 636 911 mari
651 851 718 911 exui
737 848 830 910 classe
850 849 1048 926 pulcerruma.

65 935 150 1012 Apud
178 934 313 1014 Cyzicum
342 951 448 1012 magno
476 954 543 996 cum
568 935 699 995 exercitu
724 933 755 992 in
783 932 896 993 obsidio
924 932 1051 992 moranti
1071 938 1101 988 14

66 1019 246 1079 frumentum
274 1020 365 1079 deluit
388 1017 469 1079 nullo
499 1021 611 1080 circum
643 1018 806 1078 adnitente:
840 1015 926 1078 simul
956 1017 1051 1077 biems

30 1104 141 1168 inmari
168 1101 353 1179 prohibebat.
395 1102 438 1162 lta
458 1103 522 1163 sine
541 1103 569 1162 vi
589 1102 716 1162 hostium
738 1101 855 1179 regredi
876 1107 998 1160 conatus
1020 1100 1051 1159 in

66 1188 193 1264 patrium
220 1203 347 1262 regnum
366 1187 525 1263 naufragiis
553 1185 630 1264 apud
655 1185 774 1246 Parium
801 1192 831 1246 et
851 1186 938 1261 opud
957 1184 1049 1244 Hera·

66 1270 159 1330 oleam
185 1269 308 1330 militum
340 1277 475 1347 optumos
504 1288 571 1330 cum
598 1269 739 1330 classibus
767 1269 858 1329 amisi.
903 1268 1098 1332 Restitutori

66 1354 172 1413 deinde
194 1354 271 1430 apud
301 1353 441 1413 Caberam
470 1355 600 1413 exercitu
627 1362 656 1412 et
678 1355 766 1412 variis
793 1354 869 1413 iuter
893 1357 1050 1429 meatque

65 1435 220 1497 Lucullum
241 1435 360 1515 proeliis
379 1437 477 1514 inopia
498 1441 602 1496 rursus
621 1435 724 1495 ambos
745 1437 873 1495 incessit.
897 1435 942 1495 llli
962 1434 1049 1495 sube-

21 1524 112 1586 'rarat
127 1536 251 1596 regnum
268 1519 472 1580 Ariobarzanis
491 1518 568 1580 bello
583 1521 740 1579 intactum:
762 1536 816 1596 ego
834 1520 921 1578 vastis
937 1519 1050 1578 circum

66 1603 202 1664 omnibns
227 1603 299 1664 locis
320 1606 350 1664 iu
371 1603 539 1663 Armeniam
562 1604 709 1663 concessi:
736 1604 888 1680 secutique
909 1602 1048 1671 Romani,

64 1705 126 1747 non
140 1706 187 1748 me
201 1696 245 1748 set
265 1706 379 1748 morem
397 1706 484 1748 suum
514 1688 611 1746 omnia
644 1703 735 1763 regna
756 1685 962 1754 subvortundi,
982 1687 1049 1762 quia

63 1771 281 1832 multitudinem
308 1773 378 1831 artis
400 1772 473 1832 locis
495 1788 593 1848 pugna
614 1770 808 1848 prohibuere,
830 1769 1048 1848 inprudentiam

63 1856 199 1931 Tigranis
219 1873 273 1933 pro
295 1857 413 1916 victoria
435 1861 589 1916 ostentant.

26 1963 53 2003 ro
149 1939 234 1999 Nunc
245 1957 355 2017 quaeso
366 1940 535 2006 considera,
558 1939 644 1999 nobis
659 1938 808 2016 obpressis
824 1944 925 1999 utrum
938 1937 1048 1997 firmio·
1066 1951 1100 2005 16

62 2042 128 2084 rem
159 2030 188 2083 te
215 2022 251 2082 ad
279 2023 478 2084 resistundum
504 2041 542 2084 an
568 2023 657 2084 linem
688 2022 758 2083 belli
785 2023 916 2083 futurum
946 2021 1050 2100 putes?

62 2109 131 2168 Scio
149 2107 285 2186 equidem
305 2107 358 2168 tibi
372 2124 495 2188 magnas
514 2124 586 2185 opes
605 2109 751 2175 virorum,
774 2123 927 2168 armorum
945 2112 974 2166 et
985 2105 1050 2166 auri

62 2208 143 2253 esse:
166 2199 196 2253 et
215 2187 249 2251 ea
266 2210 300 2252 re
323 2210 339 2251 a
361 2190 447 2251 nobis
468 2192 506 2252 ad
524 2192 702 2259 societatem,
727 2189 834 2250 abillis
853 2190 890 2250 ad
909 2188 1050 2268 praedam

61 2277 181 2353 peteris.
227 2274 365 2335 Ceterum
389 2276 543 2335 consilium
565 2282 622 2343 est,
647 2273 784 2351 Tigranis
806 2290 899 2350 regno
925 2275 1049 2350 integro,

24 2360 136 2423 zameis
155 2358 296 2420 militibus
314 2357 384 2419 belli
402 2358 613 2437 prudentibus,
638 2358 743 2440 procul
771 2357 808 2419 ab
835 2358 922 2419 domo
945 2356 1050 2438 [parvo

61 2443 178 2525 labore]
202 2461 255 2521 per
281 2449 382 2504 nostra
403 2460 529 2525 corpora
549 2442 661 2504 bellum
683 2442 843 2513 conficere,
873 2460 932 2522 quo
954 2459 1051 2520 neque

60 2529 177 2588 vincere
191 2546 288 2607 neque
300 2528 375 2588 vinci
387 2528 451 2588 sine
462 2534 514 2588 tuo
526 2525 657 2605 periculo
680 2543 846 2606 possumus.
870 2526 916 2586 An
928 2527 1048 2602 ignoras
1066 2529 1099 2580 17

60 2611 219 2682 Romanos,
235 2618 391 2689 postquam
405 2612 442 2673 ad
455 2611 637 2673 occidentem
647 2610 839 2691 pergentibus
854 2611 941 2672 finem
958 2609 1050 2672 Ocea·

61 2712 119 2754 nus
139 2694 223 2766 fecit,
243 2713 325 2756 arma
344 2697 404 2757 huc
420 2695 620 2757 convortissel
642 2713 739 2774 neque
755 2696 913 2774 quicquam
935 2713 951 2755 a
969 2696 1050 2773 prin-

24 2804 51 2844 oo
62 2780 138 2856 cipio
159 2781 215 2839 nisi
234 2784 264 2840 vi
278 2786 397 2858 partum
420 2779 547 2849 habere,
569 2780 690 2841 domum
711 2779 867 2855 coniuges,
898 2795 986 2855 agros
1006 2780 1050 2840 in·

60 2865 195 2942 perium?
215 2880 360 2924 convenas
381 2863 450 2925 olim
472 2864 536 2925 siue
554 2865 648 2942 patria
667 2863 852 2943 parentibus,
880 2880 947 2924 eum
968 2870 1050 2942 peste

62 2947 195 3007 conditos
223 2945 303 3006 orbis
323 2953 487 3009 terrarum:
517 2948 624 3027 quibus
644 2965 704 3007 non
726 2947 854 3008 humana
872 2947 931 3009 ulla
952 2965 1048 3027 neque

62 3030 158 3090 divina
181 3029 312 3099 obstant,
342 3032 413 3109 quin
445 3034 541 3093 socios
571 3034 695 3102 amieos,
728 3032 834 3111 procul
864 3033 943 3093 iuxta
967 3033 1047 3103 sitos,

61 3116 164 3192 inopes
186 3115 372 3193 potentisque
393 3116 511 3176 trahant
529 3116 693 3187 excludant,
717 3118 873 3195 omniaque
887 3134 948 3176 non
963 3134 1048 3178 serra

24 3216 51 3255 as
62 3203 91 3259 et
117 3215 254 3260 maxume
283 3213 375 3275 regna
401 3199 515 3260 hostilia
537 3200 663 3262 ducant?
691 3200 825 3279 Namque
849 3202 936 3278 pauci
958 3199 1100 3263 liber-18

60 3288 165 3352 tatem,
192 3300 262 3362 pars
283 3300 390 3361 magna
417 3285 510 3345 iustos
536 3284 671 3345 dominos
695 3285 811 3345 volunt:
842 3303 897 3346 nos
921 3287 1049 3362 suspecti

60 3383 162 3426 sumus
182 3366 289 3428 aemuli
310 3375 339 3427 et
359 3369 389 3428 in
410 3372 546 3447 tempore
565 3369 697 3431 uindices
717 3368 865 3431 adlutxu‘x.
898 3368 957 3425 ‘lxx
968 3376 1115 3430 mm

56 3451 105 3507 cni
123 3449 279 3521 Seleucea,
302 3470 445 3518 maxuma
456 3453 604 3529 urbium,
622 3441 1091 3535 regnumqicuexsmsnxsxs-
