2302 4192
459 113 574 175 LIBER
594 115 616 173 l.
1001 117 1018 181 l

67 264 142 328 silvas
156 266 348 329 abdiderunt.
369 268 400 327 Is
414 282 514 343 pagus
529 269 742 344 appellabatur
754 269 932 344 'ligurinusz
948 287 1018 332 nam

69 353 147 413 omnis
162 352 269 412 civitas
284 352 423 412 Helvetia
443 352 474 411 in
490 359 634 428 quattuor
649 368 748 426 pagos
764 353 862 413 divisa
877 364 933 416 est.
964 357 1020 416 liic

39 508 42 514 Ι
69 450 147 511 pegus
160 452 252 511 unuS,
267 451 336 497 eum
351 436 442 496 domo
458 438 575 496 exisset
588 443 710 510 patrum
721 442 895 498 nostrorum
906 456 1016 499 memo-

69 519 115 593 ria,
134 522 165 580 L
181 520 322 580 Cassium
344 522 502 581 consulem
517 522 712 580 interfecerat
726 528 756 580 et
770 521 837 582 eius
853 524 1018 583 exercitum

70 604 225 680 subiugum
239 604 371 664 miserat
408 605 453 663 lta
473 604 540 664 sive
562 619 637 663 casu
659 604 725 662 sive
748 605 877 664 consilio
893 606 1021 667 deorum

69 684 250 749 mortalium
267 703 346 775 quae
360 703 434 763 pars
450 687 579 747 civitatis
593 688 781 747 Helvetiae
770 689 923 783 insignem
940 693 1018 750 cola-

69 771 180 831 mitatem
201 760 331 847 populo
334 773 474 832 Romano
489 773 646 846 intulerat,
672 787 709 830 ea
730 772 877 847 princeps
900 788 1019 846 poenas

69 856 207 927 persolvit.
244 855 338 930 Qua'
331 871 360 914 m
382 871 417 914 re
439 856 552 915 caesar
572 871 634 915 non
658 857 758 915 solum
780 857 937 930 publicas
965 859 1019 917 sed

69 938 139 997 etiam
152 939 310 1014 privatas
302 940 428 1000 iniurias
443 940 525 999 ultus
541 947 603 1014 est,
628 939 711 1014 quod
728 939 794 999 eius
810 942 909 1001 soceri
925 942 957 999 L.
973 942 1020 999 Pi-

68 1023 135 1082 sonis
149 1039 248 1098 avum,
263 1024 296 1083 L.
312 1024 455 1084 Pisonem
469 1025 612 1098 legatum,
626 1023 760 1098 Tigurini
776 1025 885 1083 eodem
901 1024 1019 1099 proelio

68 1121 115 1179 quo
129 1106 265 1167 Cassium
278 1108 500 1167 interfecerant.

131 1190 206 1250 Xlll.
227 1192 294 1251 Hoc
309 1190 428 1266 proelio
444 1192 525 1251 laeto
540 1191 675 1265 reliquas
691 1189 798 1265 copias
813 1191 1019 1252 Helvetiorum

38 1284 42 1293 ·
66 1278 91 1331 nt
101 1275 244 1349 consequi
258 1282 377 1349 posset,
393 1282 518 1349 pontem
533 1275 563 1333 in
575 1276 673 1333 Arare
688 1274 861 1334 laciendum
877 1282 963 1335 curat
977 1284 1020 1335 at-

66 1372 112 1431 que
130 1359 171 1418 ita
191 1361 359 1419 exercitum
374 1358 514 1418 traducit.
543 1358 673 1418 Helvetii
694 1358 856 1432 repentino
879 1360 945 1419 eius
967 1361 1019 1418 ad-

64 1449 141 1502 ventu
154 1444 297 1503 commoti
312 1458 381 1503 cum
394 1442 441 1517 id,
470 1442 552 1517 quod
578 1442 638 1516 ipsi
660 1442 769 1501 diebus
784 1458 828 1500 xx
842 1458 1021 1516 aegerrume

65 1526 262 1600 contecerant,
286 1533 320 1586 ut
333 1525 448 1585 flumen
462 1526 642 1600 transirent,
667 1525 751 1584 illum
765 1543 827 1586 uno
843 1527 893 1586 die
908 1528 1021 1586 iecisse

62 1606 269 1684 intellegerent,
294 1612 414 1684 legatos
434 1611 474 1670 ad
496 1626 565 1670 eum
586 1612 723 1678 mittunt;
751 1612 838 1670 cuius
859 1611 1020 1683 legationis

35 1723 39 1732 ·
62 1690 152 1753 iiivico
166 1694 313 1768 princeps
328 1694 393 1768 luit,
409 1695 460 1769 qui
475 1694 556 1754 bello
573 1693 719 1753 Cassiano
736 1694 799 1753 dux
813 1695 1019 1755 Helvetiorum

61 1772 155 1837 luerat.
184 1778 215 1836 ls
236 1778 279 1836 ita
300 1793 368 1838 eum
384 1778 515 1838 Caesare
531 1778 608 1852 egit:
638 1777 670 1836 Si
685 1792 794 1851 pacem
809 1779 944 1851 populus
959 1780 1019 1838 Ro·

60 1874 155 1920 manus
170 1877 239 1921 eum
253 1861 401 1921 Helvetiis
416 1864 539 1936 laceret,
554 1855 585 1920 in
601 1877 668 1920 eam
683 1866 801 1935 partem
816 1862 912 1920 ituros
928 1869 1019 1936 atquo

59 1936 91 2003 3bi
104 1947 222 2005 tuturos
238 1945 411 2019 Helvetios,
437 1946 490 2005 ubi
504 1960 559 2006 eos
576 1946 689 2005 Caesar
705 1946 915 2004 constituisset
928 1953 1019 2020 atque

58 2040 120 2087 esse
133 2029 299 2096 voluisset;
326 2029 374 2088 sin
389 2030 469 2089 bello
485 2029 631 2105 persequi
647 2036 875 2104 perseveraret,
900 2031 1007 2088 remini

57 2120 184 2173 tueretur
198 2120 230 2172 et
242 2113 355 2195 veteris
370 2113 556 2174 incommodi
571 2112 678 2188 populi
686 2113 815 2172 Romani
830 2121 860 2172 et
873 2113 1019 2187 pristinae

54 2195 165 2256 nnutis
175 2196 395 2257 Helvetiorum.
417 2196 505 2271 Quod
519 2198 678 2272 inproviso
693 2213 787 2256 unum
802 2212 915 2271 pagum
930 2198 1019 2258 ador-

55 2286 97 2339 tus
111 2286 212 2353 esset,
236 2280 354 2355 cumii,
377 2281 431 2356 qui
445 2280 559 2341 fiumen
574 2281 772 2354 transissent,
793 2280 858 2341 suis
875 2281 1019 2341 auxilium

51 2364 128 2423 terre
143 2376 205 2424 non
220 2371 364 2438 possent,
391 2381 430 2424 ne
451 2365 491 2424 ob
513 2381 581 2425 eam
595 2381 659 2424 rem
675 2370 728 2424 aut
742 2380 818 2424 suae
832 2380 1020 2438 magnopere

18 2448 145 2509 virtuti
166 2446 314 2507 tribueret
335 2455 388 2508 aut
406 2449 495 2522 ipsos
518 2449 709 2523 despiceret,
737 2464 771 2508 se
792 2449 834 2507 ito
849 2463 867 2506 a
882 2448 1019 2521 patribus

10 2542 15 2601 t
48 2532 276 2606 maioribusque
291 2533 356 2592 suis
372 2532 533 2605 didicisse,
554 2541 589 2592 ut
602 2532 700 2606 magis
714 2532 826 2591 virtute
841 2547 931 2605 quam
948 2532 1019 2592 dolo

10 2616 266 2675 contenderent
279 2622 331 2675 aut
344 2616 464 2676 insidiis
479 2617 654 2676 niterentur.
686 2615 785 2689 Quare
800 2630 838 2673 ne
855 2617 1019 2673 committe·

46 2706 100 2773 ret,
114 2706 150 2759 ut
160 2699 187 2758 is
198 2700 296 2773 locus,
307 2699 360 2759 ubi
374 2687 590 2773 constitissent,
607 2716 645 2759 ex
659 2699 827 2759 calamitate
839 2698 946 2773 populi
958 2700 1017 2758 Ro·

10 2797 12 2843 ;
46 2782 124 2843 meni
142 2788 173 2843 et
186 2783 387 2843 internicione
402 2783 557 2843 exereitus
571 2800 683 2844 nomen
700 2790 825 2857 caperet
839 2791 891 2841 aut
905 2799 1017 2843 memo-

15 2862 120 2927 'riem
134 2867 288 2941 proderet.

10 3001 23 3020 .,
127 2948 209 3011 XIV.
230 2950 285 3010 His
300 2949 413 3009 Caesar
427 2950 469 3009 ita
481 2950 658 3025 respondit:
678 2949 724 3011 Eo
741 2951 799 3011 sibi
815 2950 914 3009 minus
931 2948 1016 3009 dubi-

10 3035 17 3063 *
45 3034 169 3095 utonis
186 3034 267 3108 dari,
283 3034 368 3108 quod
383 3049 436 3093 eas
451 3049 519 3108 res,
542 3050 619 3109 quas
635 3036 726 3108 legati
741 3034 870 3094 Helvetii
886 3048 1012 3092 comme-

10 3115 14 3148 '‘
47 3124 229 3189 plorassent,
244 3118 392 3177 memoria
407 3124 532 3191 teneret,
548 3124 641 3192 atque
656 3134 693 3179 eo
708 3119 832 3192 gravius
849 3118 938 3189 terre,
956 3135 1018 3191 quo

47 3202 147 3263 minus
160 3202 268 3261 merito
283 3202 390 3276 populi
403 3202 532 3262 Romani
547 3202 748 3262 accidissent:
771 3200 823 3276 qui
846 3200 872 3259 si
889 3200 1019 3260 alicuius

48 3280 174 3347 iniuriae
187 3285 247 3346 sibi
262 3286 406 3346 conscius
422 3285 545 3360 luisset,
561 3302 623 3346 non
639 3287 735 3346 luisse
750 3283 874 3344 diliioile
889 3300 1017 3354 cavere,

10 3421 15 3480 ἑ
48 3370 105 3433 nd
118 3384 157 3433 eo
172 3370 351 3447 deceptum,
378 3370 462 3445 quod
482 3384 583 3446 neque
604 3371 802 3431 commissum
817 3385 835 3427 a
849 3384 884 3428 se
899 3370 1017 3430 intelle-
