2272 4176
106 489 148 549 72
281 508 325 548 nu
346 507 450 550 nunno
474 507 675 550 ivovurnruo
699 508 725 549 e.
742 503 786 555 54.
808 502 851 554 55.
870 502 914 557 56.

80 655 179 723 odere
199 657 378 732 nequiverat,
394 656 424 715 in
440 654 540 715 alienis
555 654 664 715 bellum
680 673 794 733 gerere.
829 658 942 720 Tamen
958 678 994 720 ex
1010 662 1083 738 eopia

108 738 187 817 quod
208 745 361 815 optumum
382 738 535 799 ridebatur
558 740 710 800 eonsilium
733 743 823 818 eapit:
848 745 1010 804 exereitum
1029 745 1082 822 ple·
1124 754 1126 819 ξ

108 840 234 901 rumque
255 825 284 883 in
308 823 418 885 eisdem
438 822 510 881 loeis
533 824 642 900 operiri
670 825 765 891 iubet,
795 827 857 902 ipse
885 844 953 886 eum
974 828 1084 889 delectis

108 906 254 984 equitibus
274 906 421 968 Metellum
442 908 588 984 sequitur,
614 910 767 968 nocturnis
795 916 824 969 et
848 911 920 969 auiis
941 912 1084 971 itineribus

67 991 260 1066 loignoratus
281 990 430 1051 Romanos
456 989 580 1066 palantis
606 997 728 1068 repente
757 993 938 1069 adgreditur.
982 994 1100 1055 Eorums

107 1073 241 1152 plerique
258 1077 386 1135 inermes
409 1073 532 1142 cadunt,
554 1074 638 1134 multi
660 1079 828 1152 capiuntur,
851 1093 942 1137 nemo
964 1080 1083 1138 omnimo

107 1161 233 1218 intactus
254 1158 384 1237 profugit
409 1166 439 1218 et
459 1157 603 1218 Numidae
625 1160 707 1235 prius
729 1177 817 1238 quam
839 1178 876 1220 ex
899 1163 1003 1221 castris
1024 1162 1084 1222 sub·

108 1242 267 1312 veniretur,
290 1244 375 1303 sicuti
395 1243 466 1301 iussi
488 1247 581 1310 erant,
597 1243 627 1301 in
644 1260 805 1319 proxumos
826 1243 909 1303 collis
931 1245 1083 1305 discedunt.

57 1328 98 1391 55
193 1327 312 1387 Interim
326 1327 438 1386 Romae
455 1325 593 1402 gaudium
608 1327 712 1401 ingens
731 1334 829 1386 ortum
846 1330 974 1403 cognitis
987 1329 1085 1389 Metelli

108 1411 214 1480 rebus,
235 1418 268 1471 ut
288 1428 379 1488 seque
401 1417 431 1471 et
452 1410 614 1469 exereitum
634 1428 717 1470 more
739 1413 885 1470 maiorum
908 1420 1040 1488 gereret,
1060 1416 1110 1471 inu

113 1496 236 1556 advorso
248 1495 313 1554 loeo
324 1495 415 1554 victor
426 1500 522 1553 tamen
532 1493 753 1562 uirtuteiuisset,
762 1495 891 1554 hostium
903 1513 976 1572 agro
987 1498 1085 1573 potire·

107 1587 171 1647 tur,
193 1578 365 1655 Iugurtham
387 1577 573 1654 magnificum
595 1595 632 1636 ex
652 1577 717 1637 Auli
736 1576 832 1637 Albini
854 1580 991 1640 socordia
1011 1598 1086 1657 spem

82 1662 209 1726 2salutis
224 1664 252 1720 in
269 1661 423 1721 solitudine
439 1667 489 1720 aut
504 1659 573 1736 fuga
588 1663 731 1736 coegisset
744 1661 866 1722 habere.
894 1663 998 1742 ltaque
1011 1681 1085 1725 sena·

109 1753 157 1806 tus
168 1744 205 1805 ob
219 1764 252 1806 ea
265 1744 387 1805 feliciter
399 1751 462 1804 aeta
474 1743 535 1803 deis
549 1744 752 1805 inmortalibus
763 1745 907 1822 subplieia
922 1747 1083 1811 deoemeru

110 1831 210 1889 civitas
232 1829 345 1906 trepida
361 1834 444 1888 antea
463 1834 491 1887 et
508 1827 628 1888 sollicita
644 1829 680 1888 de
696 1828 766 1888 belli
783 1836 888 1891 eventu
904 1831 981 1891 laeta
996 1848 1076 1908 agere
1092 1847 1110 1888 n

110 1915 146 1974 de
166 1913 281 1974 lletello
303 1913 379 1972 lama
400 1911 551 1989 praeclara
574 1930 645 1972 esse.

81 2010 99 2061 3
193 1998 286 2073 Igitur
303 2015 337 2056 eo
350 1998 486 2055 intentior
498 1996 534 2054 ad
550 1999 699 2056 victoriam
715 1998 775 2065 niti,
794 1998 932 2058 omnibus
944 2000 1039 2059 modis
1052 1999 1086 2058 le·

109 2085 233 2142 stiuare:
253 2099 356 2141 cavere
376 2086 487 2147 tamen,
511 2080 618 2139 necubi
637 2080 713 2140 hosti
731 2088 894 2157 oportunus
912 2084 1012 2151 fieret,
1035 2102 1087 2142 me·

82 2168 228 2231 ominisse
248 2171 314 2242 post
334 2165 455 2240 gloriam
477 2164 613 2222 invidiam
635 2166 727 2242 sequi.
758 2164 800 2223 lta
816 2184 874 2243 quo
896 2166 1004 2227 olarior
1024 2175 1086 2233 erat,

111 2269 145 2310 eo
163 2251 256 2325 magis
273 2251 369 2308 animo
385 2249 487 2307 alixius
505 2254 582 2314 erat,
605 2265 701 2326 neque
720 2255 786 2326 post
801 2250 920 2310 insidias
936 2251 1112 2327 lugurtlueu

111 2335 202 2393 elluso
225 2335 356 2392 exercitu
380 2332 531 2409 praedari:
560 2331 610 2390 ubi
640 2333 786 2392 frumento
814 2341 865 2392 aut
885 2334 997 2411 pabulo
1024 2353 1087 2411 opus

112 2422 189 2483 erat,
220 2417 355 2475 eoliortes
382 2434 448 2474 eum
476 2416 555 2474 omni
578 2418 705 2492 equitatu
733 2417 912 2493 praesidium
933 2419 1087 2496 agitabant:

85 2501 258 2563 sexereitus
279 2506 394 2575 partem
416 2501 491 2576 ipse,
515 2499 640 2559 relicuos
661 2499 768 2559 ilarius
790 2501 927 2562 illicebat.
965 2503 1017 2563 Set
1038 2503 1089 2579 igni

86 2584 204 2661 dmagis
227 2601 313 2659 quiam
336 2583 444 2657 praeda
468 2600 537 2658 ager
561 2584 737 2643 vastabatur.
787 2576 910 2645 lluobus
934 2587 1006 2647 loeis
1027 2587 1087 2645 baut

86 2668 199 2742 ilouge
220 2667 296 2724 iuter
318 2683 349 2725 se
372 2672 466 2725 eastra
488 2667 646 2727 fatiebant:
675 2668 726 2727 ubi
752 2670 779 2727 vi
810 2687 883 2745 opus
913 2678 978 2730 erat
1001 2671 1109 2730 eunetiu

20 2770 27 2795 r
113 2752 243 2817 aderant,
261 2755 390 2808 ceterum
415 2766 472 2826 quo
496 2751 562 2827 luga
585 2758 671 2830 atque
694 2752 817 2811 formido
840 2753 927 2813 latius
949 2762 1087 2815 oresoerrt

86 2836 219 2896 8dirorsi
237 2833 371 2911 agebant.
393 2832 435 2892 Eo
451 2840 584 2910 tempore
597 2835 736 2913 Iugurtha
749 2855 802 2915 per
819 2836 901 2896 collis
913 2841 1008 2916 sequi,
1024 2847 1086 2898 tem·

112 2937 168 2998 pus
184 2926 232 2978 aiut
247 2919 343 2978 locum
358 2934 474 2994 pugnae
491 2937 648 2996 quieuere,
672 2937 729 2997 qua
743 2928 899 2980 venturum
915 2922 1031 2984 hostem
1045 2940 1086 2981 au-

114 3005 206 3064 dierat
227 3001 364 3080 pabulum
385 3009 414 3062 et
435 3021 577 3080 aquarum
597 3002 693 3071 sontis,
717 3022 843 3082 quorum
861 3008 1007 3083 paenuria
1025 3014 1086 3067 erat,

20 3084 28 3137 l
114 3105 317 3165 conrumpere,
338 3086 425 3146 modo
447 3104 479 3147 se
497 3086 622 3156 Metello,
643 3089 790 3148 interdum
812 3088 905 3148 llario
932 3091 1112 3151 ostenderem

112 3180 277 3252 postremos
296 3174 324 3231 in
341 3172 456 3248 agmine
477 3177 620 3248 temptare
641 3189 676 3232 ao
698 3174 793 3231 statim
815 3173 844 3231 in
863 3173 946 3233 collis
970 3174 1085 3252 regredi.

112 3275 216 3319 rursus
229 3257 299 3324 aliis,
314 3261 380 3334 post
394 3255 456 3314 aliis
471 3257 606 3324 minitari,
623 3273 718 3334 neque
729 3255 874 3332 proelium
890 3257 990 3319 locere
1004 3276 1089 3335 nequo

114 3345 203 3403 otium
225 3343 299 3419 piati,
322 3346 433 3399 tantum
456 3339 543 3399 modo
565 3340 679 3399 hostem
703 3339 739 3399 ab
761 3341 877 3417 incepto
899 3344 1038 3402 retinere.

62 3427 103 3490 56
197 3426 347 3487 Romanus
366 3426 515 3500 inperator
534 3423 585 3484 ubi
608 3440 639 3483 se
665 3423 738 3483 dolis
769 3424 882 3501 fatigari
904 3427 984 3485 ridet
1003 3444 1090 3503 neque

114 3512 151 3574 ab
174 3512 257 3571 hoste
280 3510 394 3585 eopiam
414 3508 563 3586 pugnandi
583 3509 663 3576 sieri,
683 3507 788 3567 urbem
810 3526 947 3586 magnam
965 3517 994 3570 et
1016 3513 1042 3570 in
1062 3522 1116 3568 east

115 3604 211 3673 parte,
229 3613 286 3672 qua
303 3595 355 3651 sita
372 3599 447 3660 erat,
472 3610 570 3653 arcem
586 3593 689 3667 regni,
711 3594 829 3651 nomine
844 3593 980 3664 Zamam,
1002 3596 1092 3654 statuit

116 3679 302 3756 obpugnare,
325 3683 420 3746 ratus,
442 3677 471 3736 id
486 3676 565 3754 quod
586 3678 733 3753 negotium
756 3676 907 3752 poscebat,
928 3679 1092 3755 lugurtboin

114 3762 315 3825 laborantibus
335 3762 394 3821 suis
413 3760 518 3821 auxilio
543 3766 710 3828 venturum,
731 3759 829 3838 ibique
851 3761 1001 3837 proelium
1026 3762 1091 3821 lore.
