<?xml version="1.0" encoding="UTF-8"?>
<!DOCTYPE html PUBLIC "-//W3C//DTD XHTML 1.0 Transitional//EN"
    "http://www.w3.org/TR/xhtml1/DTD/xhtml1-transitional.dtd">
<html xmlns="http://www.w3.org/1999/xhtml" xml:lang="en" lang="en">
 <head>
  <title>
</title>
<meta http-equiv="Content-Type" content="text/html;charset=utf-8" />
  <meta name='ocr-system' content='tesseract 3.04.00' />
  <meta name='ocr-capabilities' content='ocr_page ocr_carea ocr_par ocr_line ocrx_word'/>
</head>
<body>
  <div class='ocr_page' id='page_1' title='image "./commentarii00caesgoog_0530.png"; bbox 0 0 2272 4176; ppageno 0'>
   <div class='ocr_carea' id='block_1_1' title="bbox 99 144 1039 213">
    <p class='ocr_par' dir='ltr' id='par_1_1' title="bbox 99 144 1039 213">
     <span class='ocr_line' id='line_1_1' title="bbox 99 144 1039 213; baseline 0.003 -8"><span class='ocrx_word' id='word_1_1' title='bbox 99 160 108 169; x_wconf 84' lang='lat'><strong>··</strong></span> <span class='ocrx_word' id='word_1_2' title='bbox 210 166 253 206; x_wconf 82' lang='lat' dir='ltr'><strong>me</strong></span> <span class='ocrx_word' id='word_1_3' title='bbox 275 165 378 207; x_wconf 80' lang='lat' dir='ltr'><strong>annno</strong></span> <span class='ocrx_word' id='word_1_4' title='bbox 401 165 601 209; x_wconf 82' lang='lat' dir='ltr'><strong>rvuvnrumo</strong></span> <span class='ocrx_word' id='word_1_5' title='bbox 627 165 655 208; x_wconf 84' lang='lat' dir='ltr'><strong>c.</strong></span> <span class='ocrx_word' id='word_1_6' title='bbox 678 158 721 213; x_wconf 79' lang='lat'><strong>28.</strong></span> <span class='ocrx_word' id='word_1_7' title='bbox 743 159 786 212; x_wconf 77' lang='lat'><strong>29.</strong></span> <span class='ocrx_word' id='word_1_8' title='bbox 805 160 846 213; x_wconf 77' lang='lat'><strong>30.</strong></span> <span class='ocrx_word' id='word_1_9' title='bbox 976 144 1039 208; x_wconf 75' lang='lat'><strong>55&#39;</strong></span> 
     </span>
    </p>
   </div>
   <div class='ocr_carea' id='block_1_2' title="bbox 36 313 1046 390">
    <p class='ocr_par' dir='ltr' id='par_1_2' title="bbox 36 313 1046 390">
     <span class='ocr_line' id='line_1_2' title="bbox 36 313 1046 390; baseline 0.002 -15"><span class='ocrx_word' id='word_1_10' title='bbox 36 322 64 375; x_wconf 88' lang='lat' dir='ltr'><strong>et</strong></span> <span class='ocrx_word' id='word_1_11' title='bbox 77 313 181 375; x_wconf 88' lang='lat' dir='ltr'><strong>habitu</strong></span> <span class='ocrx_word' id='word_1_12' title='bbox 195 330 284 390; x_wconf 91' lang='lat' dir='ltr'><strong>supra</strong></span> <span class='ocrx_word' id='word_1_13' title='bbox 299 315 534 373; x_wconf 83' lang='lat' dir='ltr'><strong>memoravimus.</strong></span> <span class='ocrx_word' id='word_1_14' title='bbox 563 314 637 374; x_wconf 91' lang='lat' dir='ltr'><strong>Nam</strong></span> <span class='ocrx_word' id='word_1_15' title='bbox 652 316 683 375; x_wconf 92' lang='lat' dir='ltr'><strong>in</strong></span> <span class='ocrx_word' id='word_1_16' title='bbox 695 315 814 374; x_wconf 91' lang='lat' dir='ltr'><strong>consule</strong></span> <span class='ocrx_word' id='word_1_17' title='bbox 829 323 930 375; x_wconf 90' lang='lat' dir='ltr'><strong>nostro</strong></span> <span class='ocrx_word' id='word_1_18' title='bbox 943 314 1046 377; x_wconf 87' lang='lat' dir='ltr'><strong>mul-5</strong></span> 
     </span>
    </p>
   </div>
   <div class='ocr_carea' id='block_1_3' title="bbox 10 397 1082 3489">
    <p class='ocr_par' dir='ltr' id='par_1_3' title="bbox 10 397 1082 3489">
     <span class='ocr_line' id='line_1_3' title="bbox 35 397 1018 477; baseline 0.001 -20"><span class='ocrx_word' id='word_1_19' title='bbox 35 403 81 459; x_wconf 89' lang='lat' dir='ltr'><strong>tae</strong></span> <span class='ocrx_word' id='word_1_20' title='bbox 96 397 252 476; x_wconf 80' lang='lat' dir='ltr'><strong>bonaeque</strong></span> <span class='ocrx_word' id='word_1_21' title='bbox 266 402 344 455; x_wconf 91' lang='lat' dir='ltr'><strong>artes</strong></span> <span class='ocrx_word' id='word_1_22' title='bbox 357 397 446 456; x_wconf 91' lang='lat' dir='ltr'><strong>animi</strong></span> <span class='ocrx_word' id='word_1_23' title='bbox 461 403 490 457; x_wconf 90' lang='lat' dir='ltr'><strong>et</strong></span> <span class='ocrx_word' id='word_1_24' title='bbox 504 400 637 477; x_wconf 89' lang='lat' dir='ltr'><strong>corporis</strong></span> <span class='ocrx_word' id='word_1_25' title='bbox 653 403 744 466; x_wconf 92' lang='lat' dir='ltr'><strong>erant,</strong></span> <span class='ocrx_word' id='word_1_26' title='bbox 760 414 832 476; x_wconf 93' lang='lat' dir='ltr'><strong>quas</strong></span> <span class='ocrx_word' id='word_1_27' title='bbox 848 401 941 459; x_wconf 90' lang='lat' dir='ltr'><strong>omnis</strong></span> <span class='ocrx_word' id='word_1_28' title='bbox 952 416 1018 458; x_wconf 90' lang='lat' dir='ltr'><strong>ava·</strong></span> 
     </span>
     <span class='ocr_line' id='line_1_4' title="bbox 34 478 1018 559; baseline -0.001 -18"><span class='ocrx_word' id='word_1_29' title='bbox 34 483 100 541; x_wconf 91' lang='lat' dir='ltr'><strong>ritia</strong></span> <span class='ocrx_word' id='word_1_30' title='bbox 114 478 341 558; x_wconf 85' lang='lat' dir='ltr'><strong>praepediebat:</strong></span> <span class='ocrx_word' id='word_1_31' title='bbox 354 481 467 557; x_wconf 90' lang='lat' dir='ltr'><strong>patiens</strong></span> <span class='ocrx_word' id='word_1_32' title='bbox 481 480 626 550; x_wconf 89' lang='lat' dir='ltr'><strong>laborum,</strong></span> <span class='ocrx_word' id='word_1_33' title='bbox 642 482 703 542; x_wconf 87' lang='lat' dir='ltr'><strong>acri</strong></span> <span class='ocrx_word' id='word_1_34' title='bbox 718 482 843 559; x_wconf 90' lang='lat' dir='ltr'><strong>ingenio,</strong></span> <span class='ocrx_word' id='word_1_35' title='bbox 871 484 940 543; x_wconf 91' lang='lat' dir='ltr'><strong>satis</strong></span> <span class='ocrx_word' id='word_1_36' title='bbox 950 499 1018 559; x_wconf 89' lang='lat' dir='ltr'><strong>pro·</strong></span> 
     </span>
     <span class='ocr_line' id='line_1_5' title="bbox 33 561 1020 643; baseline -0.005 -17"><span class='ocrx_word' id='word_1_37' title='bbox 33 564 147 633; x_wconf 90' lang='lat' dir='ltr'><strong>videus,</strong></span> <span class='ocrx_word' id='word_1_38' title='bbox 169 562 240 624; x_wconf 91' lang='lat' dir='ltr'><strong>belli</strong></span> <span class='ocrx_word' id='word_1_39' title='bbox 259 561 331 623; x_wconf 87' lang='lat' dir='ltr'><strong>baut</strong></span> <span class='ocrx_word' id='word_1_40' title='bbox 354 564 482 642; x_wconf 89' lang='lat' dir='ltr'><strong>ignarus,</strong></span> <span class='ocrx_word' id='word_1_41' title='bbox 502 565 696 625; x_wconf 82' lang='lat' dir='ltr'><strong>firmissumus</strong></span> <span class='ocrx_word' id='word_1_42' title='bbox 718 571 819 625; x_wconf 89' lang='lat' dir='ltr'><strong>contra</strong></span> <span class='ocrx_word' id='word_1_43' title='bbox 838 564 969 643; x_wconf 89' lang='lat' dir='ltr'><strong>pericula</strong></span> <span class='ocrx_word' id='word_1_44' title='bbox 992 572 1020 624; x_wconf 91' lang='lat' dir='ltr'><strong>et</strong></span> 
     </span>
     <span class='ocr_line' id='line_1_6' title="bbox 13 646 1046 728; baseline 0.004 -25"><span class='ocrx_word' id='word_1_45' title='bbox 13 649 165 709; x_wconf 78' lang='lat' dir='ltr'><strong>siusidias.</strong></span> <span class='ocrx_word' id='word_1_46' title='bbox 209 646 259 707; x_wconf 93' lang='lat' dir='ltr'><strong>Set</strong></span> <span class='ocrx_word' id='word_1_47' title='bbox 280 646 411 723; x_wconf 78' lang='lat' dir='ltr'><strong>legiones</strong></span> <span class='ocrx_word' id='word_1_48' title='bbox 429 666 484 726; x_wconf 88' lang='lat' dir='ltr'><strong>per</strong></span> <span class='ocrx_word' id='word_1_49' title='bbox 498 647 609 709; x_wconf 88' lang='lat' dir='ltr'><strong>ltaliam</strong></span> <span class='ocrx_word' id='word_1_50' title='bbox 623 648 764 725; x_wconf 84' lang='lat' dir='ltr'><strong>Regium,</strong></span> <span class='ocrx_word' id='word_1_51' title='bbox 788 655 874 728; x_wconf 92' lang='lat' dir='ltr'><strong>atque</strong></span> <span class='ocrx_word' id='word_1_52' title='bbox 890 650 956 709; x_wconf 91' lang='lat' dir='ltr'><strong>inde</strong></span> <span class='ocrx_word' id='word_1_53' title='bbox 976 648 1046 708; x_wconf 76' lang='lat' dir='ltr'><strong>Sit</strong></span> 
     </span>
     <span class='ocr_line' id='line_1_7' title="bbox 31 729 1064 811; baseline -0.004 -19"><span class='ocrx_word' id='word_1_54' title='bbox 31 730 142 800; x_wconf 87' lang='lat' dir='ltr'><strong>eiliam,</strong></span> <span class='ocrx_word' id='word_1_55' title='bbox 160 748 253 811; x_wconf 88' lang='lat' dir='ltr'><strong>porro</strong></span> <span class='ocrx_word' id='word_1_56' title='bbox 271 748 307 790; x_wconf 84' lang='lat' dir='ltr'><strong>ex</strong></span> <span class='ocrx_word' id='word_1_57' title='bbox 323 729 418 793; x_wconf 90' lang='lat' dir='ltr'><strong>Sicilia</strong></span> <span class='ocrx_word' id='word_1_58' title='bbox 435 733 464 791; x_wconf 93' lang='lat' dir='ltr'><strong>iu</strong></span> <span class='ocrx_word' id='word_1_59' title='bbox 479 732 607 792; x_wconf 77' lang='lat' dir='ltr'><strong>Africam</strong></span> <span class='ocrx_word' id='word_1_60' title='bbox 627 737 815 793; x_wconf 85' lang='lat' dir='ltr'><strong>transvectae.</strong></span> <span class='ocrx_word' id='word_1_61' title='bbox 849 733 940 809; x_wconf 79' lang='lat' dir='ltr'>Igitur</span> <span class='ocrx_word' id='word_1_62' title='bbox 956 730 1064 792; x_wconf 85' lang='lat' dir='ltr'><strong>Cal-7·</strong></span> 
     </span>
     <span class='ocr_line' id='line_1_8' title="bbox 30 813 1020 894; baseline -0.001 -19"><span class='ocrx_word' id='word_1_63' title='bbox 30 816 162 894; x_wconf 90' lang='lat' dir='ltr'><strong>purnius</strong></span> <span class='ocrx_word' id='word_1_64' title='bbox 176 814 257 874; x_wconf 87' lang='lat' dir='ltr'><strong>initio</strong></span> <span class='ocrx_word' id='word_1_65' title='bbox 273 815 381 891; x_wconf 88' lang='lat' dir='ltr'><strong>paratis</strong></span> <span class='ocrx_word' id='word_1_66' title='bbox 397 814 597 876; x_wconf 77' lang='lat' dir='ltr'><strong>evomentibus</strong></span> <span class='ocrx_word' id='word_1_67' title='bbox 612 817 717 876; x_wconf 89' lang='lat' dir='ltr'><strong>acriter</strong></span> <span class='ocrx_word' id='word_1_68' title='bbox 726 813 892 876; x_wconf 89' lang='lat' dir='ltr'><strong>Numidiam</strong></span> <span class='ocrx_word' id='word_1_69' title='bbox 908 818 1020 893; x_wconf 88' lang='lat' dir='ltr'><strong>ingres-</strong></span> 
     </span>
     <span class='ocr_line' id='line_1_9' title="bbox 30 897 1019 977; baseline -0.002 -18"><span class='ocrx_word' id='word_1_70' title='bbox 30 917 86 960; x_wconf 89' lang='lat' dir='ltr'><strong>sus</strong></span> <span class='ocrx_word' id='word_1_71' title='bbox 101 905 148 959; x_wconf 87' lang='lat' dir='ltr'><strong>est</strong></span> <span class='ocrx_word' id='word_1_72' title='bbox 161 897 327 976; x_wconf 88' lang='lat' dir='ltr'><strong>multosque</strong></span> <span class='ocrx_word' id='word_1_73' title='bbox 342 898 473 958; x_wconf 93' lang='lat' dir='ltr'><strong>mortalis</strong></span> <span class='ocrx_word' id='word_1_74' title='bbox 487 905 516 958; x_wconf 93' lang='lat' dir='ltr'><strong>et</strong></span> <span class='ocrx_word' id='word_1_75' title='bbox 534 897 616 959; x_wconf 92' lang='lat' dir='ltr'><strong>urbis</strong></span> <span class='ocrx_word' id='word_1_76' title='bbox 631 898 740 977; x_wconf 89' lang='lat' dir='ltr'><strong>aliquot</strong></span> <span class='ocrx_word' id='word_1_77' title='bbox 753 901 912 977; x_wconf 91' lang='lat' dir='ltr'><strong>pugnando</strong></span> <span class='ocrx_word' id='word_1_78' title='bbox 934 900 1019 976; x_wconf 88' lang='lat' dir='ltr'><strong>cepit.</strong></span> 
     </span>
     <span class='ocr_line' id='line_1_10' title="bbox 32 980 1072 1062; baseline -0.004 -18"><span class='ocrx_word' id='word_1_79' title='bbox 32 983 88 1044; x_wconf 89' lang='lat' dir='ltr'><strong>Set</strong></span> <span class='ocrx_word' id='word_1_80' title='bbox 99 981 154 1043; x_wconf 89' lang='lat' dir='ltr'><strong>ubi</strong></span> <span class='ocrx_word' id='word_1_81' title='bbox 167 980 308 1059; x_wconf 83' lang='lat' dir='ltr'><strong>Iugurtha</strong></span> <span class='ocrx_word' id='word_1_82' title='bbox 318 997 373 1058; x_wconf 91' lang='lat' dir='ltr'><strong>per</strong></span> <span class='ocrx_word' id='word_1_83' title='bbox 386 981 498 1058; x_wconf 90' lang='lat' dir='ltr'><strong>legatos</strong></span> <span class='ocrx_word' id='word_1_84' title='bbox 508 983 631 1060; x_wconf 90' lang='lat' dir='ltr'><strong>pecunia</strong></span> <span class='ocrx_word' id='word_1_85' title='bbox 642 988 785 1059; x_wconf 89' lang='lat' dir='ltr'><strong>temptare</strong></span> <span class='ocrx_word' id='word_1_86' title='bbox 796 981 932 1062; x_wconf 86' lang='lat' dir='ltr'><strong>bellique,</strong></span> <span class='ocrx_word' id='word_1_87' title='bbox 943 982 1022 1062; x_wconf 88' lang='lat' dir='ltr'><strong>quod</strong></span> <span class='ocrx_word' id='word_1_88' title='bbox 1031 980 1072 1040; x_wconf 82' lang='lat'><strong>29</strong></span> 
     </span>
     <span class='ocr_line' id='line_1_11' title="bbox 10 1064 1022 1143; baseline -0.004 -15"><span class='ocrx_word' id='word_1_89' title='bbox 10 1064 269 1134; x_wconf 78' lang='lat' dir='ltr'><strong>&gt;administrabat</strong></span> <span class='ocrx_word' id='word_1_90' title='bbox 289 1065 475 1142; x_wconf 74' lang='lat' dir='ltr'><strong>asperitatem</strong></span> <span class='ocrx_word' id='word_1_91' title='bbox 493 1065 648 1126; x_wconf 90' lang='lat' dir='ltr'><strong>ostendere</strong></span> <span class='ocrx_word' id='word_1_92' title='bbox 665 1067 775 1143; x_wconf 88' lang='lat' dir='ltr'><strong>coepit,</strong></span> <span class='ocrx_word' id='word_1_93' title='bbox 799 1068 912 1126; x_wconf 93' lang='lat' dir='ltr'><strong>animus</strong></span> <span class='ocrx_word' id='word_1_94' title='bbox 934 1082 1022 1142; x_wconf 82' lang='lat' dir='ltr'><strong>aeger</strong></span> 
     </span>
     <span class='ocr_line' id='line_1_12' title="bbox 31 1147 1048 1211; baseline -0.006 -1"><span class='ocrx_word' id='word_1_95' title='bbox 31 1150 159 1211; x_wconf 89' lang='lat' dir='ltr'><strong>avaritia</strong></span> <span class='ocrx_word' id='word_1_96' title='bbox 175 1147 259 1208; x_wconf 83' lang='lat' dir='ltr'><strong>facile</strong></span> <span class='ocrx_word' id='word_1_97' title='bbox 275 1165 436 1208; x_wconf 91' lang='lat' dir='ltr'><strong>convorsus</strong></span> <span class='ocrx_word' id='word_1_98' title='bbox 457 1156 509 1210; x_wconf 89' lang='lat' dir='ltr'><strong>est.</strong></span> <span class='ocrx_word' id='word_1_99' title='bbox 546 1147 682 1210; x_wconf 85' lang='lat' dir='ltr'><strong>Ceterum</strong></span> <span class='ocrx_word' id='word_1_100' title='bbox 697 1151 793 1209; x_wconf 92' lang='lat' dir='ltr'><strong>socius</strong></span> <span class='ocrx_word' id='word_1_101' title='bbox 808 1156 837 1209; x_wconf 91' lang='lat' dir='ltr'><strong>et</strong></span> <span class='ocrx_word' id='word_1_102' title='bbox 854 1150 1048 1210; x_wconf 83' lang='lat' dir='ltr'><strong>administer2</strong></span> 
     </span>
     <span class='ocr_line' id='line_1_13' title="bbox 32 1230 1022 1311; baseline -0.002 -17"><span class='ocrx_word' id='word_1_103' title='bbox 32 1234 170 1294; x_wconf 92' lang='lat' dir='ltr'><strong>omnium</strong></span> <span class='ocrx_word' id='word_1_104' title='bbox 189 1230 377 1292; x_wconf 90' lang='lat' dir='ltr'><strong>consiliorum</strong></span> <span class='ocrx_word' id='word_1_105' title='bbox 393 1231 554 1293; x_wconf 90' lang='lat' dir='ltr'><strong>adsumitur</strong></span> <span class='ocrx_word' id='word_1_106' title='bbox 565 1232 707 1300; x_wconf 84' lang='lat' dir='ltr'><strong>Scaurus,</strong></span> <span class='ocrx_word' id='word_1_107' title='bbox 721 1235 769 1311; x_wconf 92' lang='lat' dir='ltr'><strong>qui</strong></span> <span class='ocrx_word' id='word_1_108' title='bbox 781 1236 896 1294; x_wconf 91' lang='lat' dir='ltr'><strong>tametsi</strong></span> <span class='ocrx_word' id='word_1_109' title='bbox 911 1253 926 1294; x_wconf 92' lang='lat' dir='ltr'><strong>a</strong></span> <span class='ocrx_word' id='word_1_110' title='bbox 942 1235 1022 1311; x_wconf 91' lang='lat' dir='ltr'><strong>priu-</strong></span> 
     </span>
     <span class='ocr_line' id='line_1_14' title="bbox 34 1314 1023 1396; baseline -0.002 -18"><span class='ocrx_word' id='word_1_111' title='bbox 34 1318 116 1396; x_wconf 92' lang='lat' dir='ltr'><strong>cipio</strong></span> <span class='ocrx_word' id='word_1_112' title='bbox 132 1314 280 1393; x_wconf 90' lang='lat' dir='ltr'><strong>plerisque</strong></span> <span class='ocrx_word' id='word_1_113' title='bbox 302 1334 338 1375; x_wconf 88' lang='lat' dir='ltr'><strong>ex</strong></span> <span class='ocrx_word' id='word_1_114' title='bbox 360 1315 485 1377; x_wconf 83' lang='lat' dir='ltr'><strong>factione</strong></span> <span class='ocrx_word' id='word_1_115' title='bbox 500 1318 561 1377; x_wconf 91' lang='lat' dir='ltr'><strong>eius</strong></span> <span class='ocrx_word' id='word_1_116' title='bbox 578 1318 728 1394; x_wconf 91' lang='lat' dir='ltr'><strong>conruptis</strong></span> <span class='ocrx_word' id='word_1_117' title='bbox 748 1333 903 1378; x_wconf 90' lang='lat' dir='ltr'><strong>acerrume</strong></span> <span class='ocrx_word' id='word_1_118' title='bbox 921 1334 1023 1394; x_wconf 86' lang='lat' dir='ltr'><strong>regem</strong></span> 
     </span>
     <span class='ocr_line' id='line_1_15' title="bbox 33 1398 1023 1478; baseline 0 -17"><span class='ocrx_word' id='word_1_119' title='bbox 33 1403 263 1478; x_wconf 80' lang='lat' dir='ltr'><strong>impugnaverat,</strong></span> <span class='ocrx_word' id='word_1_120' title='bbox 279 1404 375 1458; x_wconf 92' lang='lat' dir='ltr'><strong>tamen</strong></span> <span class='ocrx_word' id='word_1_121' title='bbox 388 1400 586 1477; x_wconf 86' lang='lat' dir='ltr'><strong>magnitudine</strong></span> <span class='ocrx_word' id='word_1_122' title='bbox 601 1401 744 1476; x_wconf 91' lang='lat' dir='ltr'><strong>pecuniae</strong></span> <span class='ocrx_word' id='word_1_123' title='bbox 761 1417 777 1459; x_wconf 89' lang='lat' dir='ltr'><strong>a</strong></span> <span class='ocrx_word' id='word_1_124' title='bbox 791 1398 871 1460; x_wconf 92' lang='lat' dir='ltr'><strong>bono</strong></span> <span class='ocrx_word' id='word_1_125' title='bbox 885 1401 1023 1461; x_wconf 87' lang='lat' dir='ltr'><strong>honesto·</strong></span> 
     </span>
     <span class='ocr_line' id='line_1_16' title="bbox 10 1481 1049 1563; baseline 0.001 -20"><span class='ocrx_word' id='word_1_126' title='bbox 10 1503 98 1563; x_wconf 76' lang='lat' dir='ltr'><strong>sque</strong></span> <span class='ocrx_word' id='word_1_127' title='bbox 114 1484 145 1542; x_wconf 93' lang='lat' dir='ltr'><strong>iu</strong></span> <span class='ocrx_word' id='word_1_128' title='bbox 162 1499 283 1560; x_wconf 92' lang='lat' dir='ltr'><strong>pravom</strong></span> <span class='ocrx_word' id='word_1_129' title='bbox 304 1481 468 1543; x_wconf 89' lang='lat' dir='ltr'><strong>abstractus</strong></span> <span class='ocrx_word' id='word_1_130' title='bbox 487 1490 540 1543; x_wconf 91' lang='lat' dir='ltr'><strong>est.</strong></span> <span class='ocrx_word' id='word_1_131' title='bbox 573 1482 624 1542; x_wconf 90' lang='lat' dir='ltr'><strong>Set</strong></span> <span class='ocrx_word' id='word_1_132' title='bbox 637 1482 779 1558; x_wconf 88' lang='lat' dir='ltr'><strong>iugurtha</strong></span> <span class='ocrx_word' id='word_1_133' title='bbox 792 1486 889 1561; x_wconf 92' lang='lat' dir='ltr'><strong>primo</strong></span> <span class='ocrx_word' id='word_1_134' title='bbox 910 1492 1049 1544; x_wconf 88' lang='lat' dir='ltr'><strong>tantum3</strong></span> 
     </span>
     <span class='ocr_line' id='line_1_17' title="bbox 35 1564 1023 1646; baseline -0.002 -18"><span class='ocrx_word' id='word_1_135' title='bbox 35 1567 130 1628; x_wconf 90' lang='lat' dir='ltr'><strong>modo</strong></span> <span class='ocrx_word' id='word_1_136' title='bbox 146 1564 216 1626; x_wconf 92' lang='lat' dir='ltr'><strong>belli</strong></span> <span class='ocrx_word' id='word_1_137' title='bbox 232 1583 345 1627; x_wconf 92' lang='lat' dir='ltr'><strong>moram</strong></span> <span class='ocrx_word' id='word_1_138' title='bbox 360 1565 537 1635; x_wconf 87' lang='lat' dir='ltr'><strong>redimebat,</strong></span> <span class='ocrx_word' id='word_1_139' title='bbox 554 1567 732 1627; x_wconf 83' lang='lat' dir='ltr'><strong>existumans</strong></span> <span class='ocrx_word' id='word_1_140' title='bbox 748 1583 812 1627; x_wconf 91' lang='lat' dir='ltr'><strong>sese</strong></span> <span class='ocrx_word' id='word_1_141' title='bbox 828 1566 936 1646; x_wconf 90' lang='lat' dir='ltr'><strong>aliquid</strong></span> <span class='ocrx_word' id='word_1_142' title='bbox 950 1570 1023 1627; x_wconf 90' lang='lat' dir='ltr'><strong>inte·</strong></span> 
     </span>
     <span class='ocr_line' id='line_1_18' title="bbox 36 1649 1024 1730; baseline -0.002 -18"><span class='ocrx_word' id='word_1_143' title='bbox 36 1652 98 1712; x_wconf 90' lang='lat' dir='ltr'><strong>rim</strong></span> <span class='ocrx_word' id='word_1_144' title='bbox 113 1649 224 1711; x_wconf 88' lang='lat' dir='ltr'><strong>llomae</strong></span> <span class='ocrx_word' id='word_1_145' title='bbox 241 1651 335 1726; x_wconf 90' lang='lat' dir='ltr'><strong>pretio</strong></span> <span class='ocrx_word' id='word_1_146' title='bbox 352 1656 402 1710; x_wconf 90' lang='lat' dir='ltr'><strong>aut</strong></span> <span class='ocrx_word' id='word_1_147' title='bbox 416 1652 508 1727; x_wconf 85' lang='lat' dir='ltr'><strong>gratia</strong></span> <span class='ocrx_word' id='word_1_148' title='bbox 524 1649 712 1710; x_wconf 83' lang='lat' dir='ltr'><strong>effectumm:</strong></span> <span class='ocrx_word' id='word_1_149' title='bbox 734 1656 836 1727; x_wconf 91' lang='lat' dir='ltr'><strong>postea</strong></span> <span class='ocrx_word' id='word_1_150' title='bbox 850 1669 920 1712; x_wconf 92' lang='lat' dir='ltr'><strong>vero</strong></span> <span class='ocrx_word' id='word_1_151' title='bbox 937 1668 1024 1730; x_wconf 90' lang='lat' dir='ltr'><strong>quam</strong></span> 
     </span>
     <span class='ocr_line' id='line_1_19' title="bbox 36 1733 1024 1816; baseline -0.003 -21"><span class='ocrx_word' id='word_1_152' title='bbox 36 1736 215 1816; x_wconf 82' lang='lat' dir='ltr'><strong>participem</strong></span> <span class='ocrx_word' id='word_1_153' title='bbox 232 1735 331 1810; x_wconf 88' lang='lat' dir='ltr'><strong>negoti</strong></span> <span class='ocrx_word' id='word_1_154' title='bbox 349 1733 494 1794; x_wconf 86' lang='lat' dir='ltr'><strong>Scaurum</strong></span> <span class='ocrx_word' id='word_1_155' title='bbox 510 1735 630 1812; x_wconf 91' lang='lat' dir='ltr'><strong>accepit,</strong></span> <span class='ocrx_word' id='word_1_156' title='bbox 645 1735 675 1792; x_wconf 93' lang='lat' dir='ltr'><strong>iu</strong></span> <span class='ocrx_word' id='word_1_157' title='bbox 688 1751 855 1794; x_wconf 81' lang='lat' dir='ltr'><strong>maxumam</strong></span> <span class='ocrx_word' id='word_1_158' title='bbox 874 1752 957 1812; x_wconf 90' lang='lat' dir='ltr'><strong>spem</strong></span> <span class='ocrx_word' id='word_1_159' title='bbox 973 1735 1024 1793; x_wconf 93' lang='lat' dir='ltr'><strong>ad-</strong></span> 
     </span>
     <span class='ocr_line' id='line_1_20' title="bbox 39 1817 1025 1896; baseline -0.004 -16"><span class='ocrx_word' id='word_1_160' title='bbox 39 1819 149 1880; x_wconf 91' lang='lat' dir='ltr'><strong>ductus</strong></span> <span class='ocrx_word' id='word_1_161' title='bbox 171 1817 392 1896; x_wconf 88' lang='lat' dir='ltr'><strong>recuperandae</strong></span> <span class='ocrx_word' id='word_1_162' title='bbox 413 1819 511 1896; x_wconf 91' lang='lat' dir='ltr'><strong>pacis,</strong></span> <span class='ocrx_word' id='word_1_163' title='bbox 541 1819 641 1877; x_wconf 89' lang='lat' dir='ltr'><strong>statuit</strong></span> <span class='ocrx_word' id='word_1_164' title='bbox 668 1835 735 1877; x_wconf 91' lang='lat' dir='ltr'><strong>cum</strong></span> <span class='ocrx_word' id='word_1_165' title='bbox 761 1818 802 1877; x_wconf 90' lang='lat' dir='ltr'><strong>eis</strong></span> <span class='ocrx_word' id='word_1_166' title='bbox 831 1818 867 1878; x_wconf 91' lang='lat' dir='ltr'><strong>de</strong></span> <span class='ocrx_word' id='word_1_167' title='bbox 889 1817 1025 1877; x_wconf 90' lang='lat' dir='ltr'><strong>omnibus</strong></span> 
     </span>
     <span class='ocr_line' id='line_1_21' title="bbox 10 1899 1052 1983; baseline -0.007 -18"><span class='ocrx_word' id='word_1_168' title='bbox 10 1899 227 1983; x_wconf 83' lang='lat' dir='ltr'><strong>topactionibus</strong></span> <span class='ocrx_word' id='word_1_169' title='bbox 249 1918 389 1978; x_wconf 91' lang='lat' dir='ltr'><strong>praesens</strong></span> <span class='ocrx_word' id='word_1_170' title='bbox 409 1917 506 1977; x_wconf 90' lang='lat' dir='ltr'><strong>agere.</strong></span> <span class='ocrx_word' id='word_1_171' title='bbox 553 1899 688 1961; x_wconf 80' lang='lat' dir='ltr'><strong>Ceterum</strong></span> <span class='ocrx_word' id='word_1_172' title='bbox 709 1902 821 1961; x_wconf 89' lang='lat' dir='ltr'><strong>interea</strong></span> <span class='ocrx_word' id='word_1_173' title='bbox 841 1901 909 1961; x_wconf 90' lang='lat' dir='ltr'><strong>tidei</strong></span> <span class='ocrx_word' id='word_1_174' title='bbox 924 1905 1052 1961; x_wconf 80' lang='lat' dir='ltr'><strong>caussal</strong></span> 
     </span>
     <span class='ocr_line' id='line_1_22' title="bbox 40 1983 1026 2064; baseline -0.003 -17"><span class='ocrx_word' id='word_1_175' title='bbox 40 1987 167 2047; x_wconf 90' lang='lat' dir='ltr'><strong>mittitur</strong></span> <span class='ocrx_word' id='word_1_176' title='bbox 190 2003 205 2044; x_wconf 94' lang='lat' dir='ltr'><strong>a</strong></span> <span class='ocrx_word' id='word_1_177' title='bbox 228 1984 348 2045; x_wconf 91' lang='lat' dir='ltr'><strong>consule</strong></span> <span class='ocrx_word' id='word_1_178' title='bbox 366 1984 481 2046; x_wconf 90' lang='lat' dir='ltr'><strong>Sextius</strong></span> <span class='ocrx_word' id='word_1_179' title='bbox 503 1992 641 2064; x_wconf 86' lang='lat' dir='ltr'><strong>quaestor</strong></span> <span class='ocrx_word' id='word_1_180' title='bbox 664 1986 693 2044; x_wconf 92' lang='lat' dir='ltr'><strong>in</strong></span> <span class='ocrx_word' id='word_1_181' title='bbox 714 1985 854 2062; x_wconf 92' lang='lat' dir='ltr'><strong>oppidum</strong></span> <span class='ocrx_word' id='word_1_182' title='bbox 868 1983 1026 2062; x_wconf 90' lang='lat' dir='ltr'><strong>Iugurthae</strong></span> 
     </span>
     <span class='ocr_line' id='line_1_23' title="bbox 40 2068 1027 2148; baseline 0 -21"><span class='ocrx_word' id='word_1_183' title='bbox 40 2068 184 2130; x_wconf 91' lang='lat' dir='ltr'><strong>Vaceam:</strong></span> <span class='ocrx_word' id='word_1_184' title='bbox 213 2069 296 2129; x_wconf 92' lang='lat' dir='ltr'><strong>cuius</strong></span> <span class='ocrx_word' id='word_1_185' title='bbox 318 2069 362 2130; x_wconf 90' lang='lat' dir='ltr'><strong>rei</strong></span> <span class='ocrx_word' id='word_1_186' title='bbox 383 2070 496 2148; x_wconf 87' lang='lat' dir='ltr'><strong>speeies</strong></span> <span class='ocrx_word' id='word_1_187' title='bbox 523 2074 587 2128; x_wconf 92' lang='lat' dir='ltr'><strong>erat</strong></span> <span class='ocrx_word' id='word_1_188' title='bbox 609 2070 740 2147; x_wconf 91' lang='lat' dir='ltr'><strong>acceptio</strong></span> <span class='ocrx_word' id='word_1_189' title='bbox 765 2068 919 2137; x_wconf 83' lang='lat' dir='ltr'><strong>frumeuti,</strong></span> <span class='ocrx_word' id='word_1_190' title='bbox 949 2068 1027 2147; x_wconf 93' lang='lat' dir='ltr'><strong>quod</strong></span> 
     </span>
     <span class='ocr_line' id='line_1_24' title="bbox 43 2144 1027 2231; baseline -0.004 -17"><span class='ocrx_word' id='word_1_191' title='bbox 43 2153 220 2230; x_wconf 81' lang='lat' dir='ltr'><strong>Calpurnius</strong></span> <span class='ocrx_word' id='word_1_192' title='bbox 239 2152 335 2231; x_wconf 93' lang='lat' dir='ltr'><strong>palam</strong></span> <span class='ocrx_word' id='word_1_193' title='bbox 356 2153 458 2229; x_wconf 88' lang='lat' dir='ltr'><strong>legatis</strong></span> <span class='ocrx_word' id='word_1_194' title='bbox 483 2144 682 2229; x_wconf 77' lang='lat' dir='ltr'><strong>inperaverat‚</strong></span> <span class='ocrx_word' id='word_1_195' title='bbox 714 2154 852 2229; x_wconf 89' lang='lat' dir='ltr'><strong>quoniam</strong></span> <span class='ocrx_word' id='word_1_196' title='bbox 874 2153 1027 2213; x_wconf 90' lang='lat' dir='ltr'><strong>deditionis</strong></span> 
     </span>
     <span class='ocr_line' id='line_1_25' title="bbox 42 2235 1053 2313; baseline -0.004 -15"><span class='ocrx_word' id='word_1_197' title='bbox 42 2254 128 2298; x_wconf 91' lang='lat' dir='ltr'><strong>mora</strong></span> <span class='ocrx_word' id='word_1_198' title='bbox 145 2236 278 2297; x_wconf 88' lang='lat' dir='ltr'><strong>induciae</strong></span> <span class='ocrx_word' id='word_1_199' title='bbox 293 2235 487 2312; x_wconf 87' lang='lat' dir='ltr'><strong>agitabantur.</strong></span> <span class='ocrx_word' id='word_1_200' title='bbox 520 2237 612 2313; x_wconf 87' lang='lat' dir='ltr'><strong>igitur</strong></span> <span class='ocrx_word' id='word_1_201' title='bbox 626 2254 694 2305; x_wconf 87' lang='lat' dir='ltr'><strong>rex,</strong></span> <span class='ocrx_word' id='word_1_202' title='bbox 718 2237 760 2294; x_wconf 90' lang='lat' dir='ltr'><strong>uti</strong></span> <span class='ocrx_word' id='word_1_203' title='bbox 780 2239 978 2304; x_wconf 90' lang='lat' dir='ltr'><strong>constituerat,</strong></span> <span class='ocrx_word' id='word_1_204' title='bbox 995 2237 1053 2294; x_wconf 82' lang='lat' dir='ltr'><strong>in5</strong></span> 
     </span>
     <span class='ocr_line' id='line_1_26' title="bbox 10 2317 1028 2399; baseline -0.008 -14"><span class='ocrx_word' id='word_1_205' title='bbox 10 2342 34 2385; x_wconf 76' lang='lat' dir='ltr'><strong>aa</strong></span> <span class='ocrx_word' id='word_1_206' title='bbox 51 2327 141 2383; x_wconf 69' lang='lat' dir='ltr'><strong>,astra</strong></span> <span class='ocrx_word' id='word_1_207' title='bbox 159 2322 236 2380; x_wconf 89' lang='lat' dir='ltr'><strong>venit</strong></span> <span class='ocrx_word' id='word_1_208' title='bbox 253 2339 287 2380; x_wconf 89' lang='lat' dir='ltr'><strong>ac</strong></span> <span class='ocrx_word' id='word_1_209' title='bbox 307 2338 401 2397; x_wconf 91' lang='lat' dir='ltr'><strong>pauca</strong></span> <span class='ocrx_word' id='word_1_210' title='bbox 421 2321 567 2399; x_wconf 90' lang='lat' dir='ltr'><strong>praesenti</strong></span> <span class='ocrx_word' id='word_1_211' title='bbox 589 2318 709 2379; x_wconf 91' lang='lat' dir='ltr'><strong>consilio</strong></span> <span class='ocrx_word' id='word_1_212' title='bbox 728 2317 842 2380; x_wconf 90' lang='lat' dir='ltr'><strong>locutus</strong></span> <span class='ocrx_word' id='word_1_213' title='bbox 865 2321 900 2380; x_wconf 92' lang='lat' dir='ltr'><strong>de</strong></span> <span class='ocrx_word' id='word_1_214' title='bbox 922 2320 1028 2379; x_wconf 92' lang='lat' dir='ltr'><strong>invidia</strong></span> 
     </span>
     <span class='ocr_line' id='line_1_27' title="bbox 56 2403 1028 2483; baseline 0 -19"><span class='ocrx_word' id='word_1_215' title='bbox 56 2406 114 2466; x_wconf 88' lang='lat' dir='ltr'><strong>acti</strong></span> <span class='ocrx_word' id='word_1_216' title='bbox 129 2405 174 2464; x_wconf 92' lang='lat' dir='ltr'><strong>sui</strong></span> <span class='ocrx_word' id='word_1_217' title='bbox 196 2410 283 2483; x_wconf 90' lang='lat' dir='ltr'><strong>atque</strong></span> <span class='ocrx_word' id='word_1_218' title='bbox 305 2406 346 2464; x_wconf 92' lang='lat' dir='ltr'><strong>uti</strong></span> <span class='ocrx_word' id='word_1_219' title='bbox 368 2406 399 2464; x_wconf 93' lang='lat' dir='ltr'><strong>iu</strong></span> <span class='ocrx_word' id='word_1_220' title='bbox 419 2404 595 2464; x_wconf 90' lang='lat' dir='ltr'><strong>deditionem</strong></span> <span class='ocrx_word' id='word_1_221' title='bbox 613 2405 810 2481; x_wconf 90' lang='lat' dir='ltr'><strong>acciperetur,</strong></span> <span class='ocrx_word' id='word_1_222' title='bbox 834 2403 945 2465; x_wconf 90' lang='lat' dir='ltr'><strong>relicua</strong></span> <span class='ocrx_word' id='word_1_223' title='bbox 961 2422 1028 2464; x_wconf 91' lang='lat' dir='ltr'><strong>cum</strong></span> 
     </span>
     <span class='ocr_line' id='line_1_28' title="bbox 43 2486 1030 2566; baseline -0.001 -17"><span class='ocrx_word' id='word_1_224' title='bbox 43 2488 143 2549; x_wconf 90' lang='lat' dir='ltr'><strong>Bestia</strong></span> <span class='ocrx_word' id='word_1_225' title='bbox 164 2493 193 2547; x_wconf 88' lang='lat' dir='ltr'><strong>et</strong></span> <span class='ocrx_word' id='word_1_226' title='bbox 214 2487 326 2548; x_wconf 90' lang='lat' dir='ltr'><strong>Scauro</strong></span> <span class='ocrx_word' id='word_1_227' title='bbox 349 2494 462 2548; x_wconf 88' lang='lat' dir='ltr'><strong>secreta</strong></span> <span class='ocrx_word' id='word_1_228' title='bbox 481 2488 628 2565; x_wconf 88' lang='lat' dir='ltr'><strong>transigit:</strong></span> <span class='ocrx_word' id='word_1_229' title='bbox 652 2486 719 2547; x_wconf 93' lang='lat' dir='ltr'><strong>dein</strong></span> <span class='ocrx_word' id='word_1_230' title='bbox 742 2494 860 2564; x_wconf 92' lang='lat' dir='ltr'><strong>postero</strong></span> <span class='ocrx_word' id='word_1_231' title='bbox 879 2489 924 2548; x_wconf 91' lang='lat' dir='ltr'><strong>die</strong></span> <span class='ocrx_word' id='word_1_232' title='bbox 947 2491 1030 2566; x_wconf 88' lang='lat' dir='ltr'><strong>quasi</strong></span> 
     </span>
     <span class='ocr_line' id='line_1_29' title="bbox 43 2570 1026 2651; baseline -0.003 -18"><span class='ocrx_word' id='word_1_233' title='bbox 43 2590 100 2651; x_wconf 93' lang='lat' dir='ltr'><strong>per</strong></span> <span class='ocrx_word' id='word_1_234' title='bbox 121 2578 252 2631; x_wconf 87' lang='lat' dir='ltr'><strong>saturam</strong></span> <span class='ocrx_word' id='word_1_235' title='bbox 278 2571 427 2632; x_wconf 89' lang='lat' dir='ltr'><strong>sententiis</strong></span> <span class='ocrx_word' id='word_1_236' title='bbox 450 2571 597 2649; x_wconf 83' lang='lat' dir='ltr'><strong>exquisitis</strong></span> <span class='ocrx_word' id='word_1_237' title='bbox 621 2572 650 2630; x_wconf 90' lang='lat' dir='ltr'><strong>iu</strong></span> <span class='ocrx_word' id='word_1_238' title='bbox 671 2570 848 2631; x_wconf 89' lang='lat' dir='ltr'><strong>deditionem</strong></span> <span class='ocrx_word' id='word_1_239' title='bbox 876 2574 1026 2650; x_wconf 88' lang='lat' dir='ltr'><strong>accipitur.</strong></span> 
     </span>
     <span class='ocr_line' id='line_1_30' title="bbox 44 2647 1056 2734; baseline -0.002 -16"><span class='ocrx_word' id='word_1_240' title='bbox 44 2657 113 2724; x_wconf 90' lang='lat' dir='ltr'><strong>Set,</strong></span> <span class='ocrx_word' id='word_1_241' title='bbox 129 2656 171 2714; x_wconf 88' lang='lat' dir='ltr'><strong>uti</strong></span> <span class='ocrx_word' id='word_1_242' title='bbox 185 2672 241 2732; x_wconf 90' lang='lat' dir='ltr'><strong>pro</strong></span> <span class='ocrx_word' id='word_1_243' title='bbox 259 2655 379 2715; x_wconf 91' lang='lat' dir='ltr'><strong>consilio</strong></span> <span class='ocrx_word' id='word_1_244' title='bbox 395 2657 560 2734; x_wconf 90' lang='lat' dir='ltr'><strong>inperatum</strong></span> <span class='ocrx_word' id='word_1_245' title='bbox 581 2659 652 2723; x_wconf 91' lang='lat' dir='ltr'><strong>erat,</strong></span> <span class='ocrx_word' id='word_1_246' title='bbox 669 2647 814 2732; x_wconf 91' lang='lat' dir='ltr'><strong>elephanti</strong></span> <span class='ocrx_word' id='word_1_247' title='bbox 834 2656 960 2732; x_wconf 86' lang='lat' dir='ltr'><strong>triginta,</strong></span> <span class='ocrx_word' id='word_1_248' title='bbox 977 2658 1056 2733; x_wconf 82' lang='lat' dir='ltr'><strong>pe·6</strong></span> 
     </span>
     <span class='ocr_line' id='line_1_31' title="bbox 10 2737 1031 2817; baseline -0.003 -15"><span class='ocrx_word' id='word_1_249' title='bbox 10 2754 99 2802; x_wconf 74' lang='lat' dir='ltr'><strong>meus</strong></span> <span class='ocrx_word' id='word_1_250' title='bbox 117 2744 205 2816; x_wconf 92' lang='lat' dir='ltr'><strong>atque</strong></span> <span class='ocrx_word' id='word_1_251' title='bbox 228 2740 296 2816; x_wconf 91' lang='lat' dir='ltr'><strong>equi</strong></span> <span class='ocrx_word' id='word_1_252' title='bbox 315 2737 398 2799; x_wconf 90' lang='lat' dir='ltr'><strong>multi</strong></span> <span class='ocrx_word' id='word_1_253' title='bbox 413 2757 480 2800; x_wconf 91' lang='lat' dir='ltr'><strong>cum</strong></span> <span class='ocrx_word' id='word_1_254' title='bbox 494 2756 586 2816; x_wconf 88' lang='lat' dir='ltr'><strong>parvo</strong></span> <span class='ocrx_word' id='word_1_255' title='bbox 607 2740 720 2815; x_wconf 89' lang='lat' dir='ltr'><strong>argenti</strong></span> <span class='ocrx_word' id='word_1_256' title='bbox 734 2737 865 2816; x_wconf 91' lang='lat' dir='ltr'><strong>pondere</strong></span> <span class='ocrx_word' id='word_1_257' title='bbox 882 2741 1031 2817; x_wconf 90' lang='lat' dir='ltr'><strong>quaestori</strong></span> 
     </span>
     <span class='ocr_line' id='line_1_32' title="bbox 43 2820 1056 2899; baseline -0.004 -14"><span class='ocrx_word' id='word_1_258' title='bbox 43 2822 215 2885; x_wconf 89' lang='lat' dir='ltr'><strong>traduntur.</strong></span> <span class='ocrx_word' id='word_1_259' title='bbox 263 2820 437 2899; x_wconf 87' lang='lat' dir='ltr'><strong>Calpurnius</strong></span> <span class='ocrx_word' id='word_1_260' title='bbox 463 2821 587 2882; x_wconf 84' lang='lat' dir='ltr'><strong>Romam</strong></span> <span class='ocrx_word' id='word_1_261' title='bbox 613 2822 649 2882; x_wconf 94' lang='lat' dir='ltr'><strong>ad</strong></span> <span class='ocrx_word' id='word_1_262' title='bbox 674 2823 861 2899; x_wconf 90' lang='lat' dir='ltr'><strong>magistratus</strong></span> <span class='ocrx_word' id='word_1_263' title='bbox 882 2823 1056 2898; x_wconf 78' lang='lat' dir='ltr'><strong>rogandost</strong></span> 
     </span>
     <span class='ocr_line' id='line_1_33' title="bbox 45 2904 1029 2987; baseline -0.005 -19"><span class='ocrx_word' id='word_1_264' title='bbox 45 2907 253 2987; x_wconf 86' lang='lat' dir='ltr'><strong>proficiscitur.</strong></span> <span class='ocrx_word' id='word_1_265' title='bbox 279 2906 314 2966; x_wconf 93' lang='lat' dir='ltr'><strong>ln</strong></span> <span class='ocrx_word' id='word_1_266' title='bbox 324 2904 459 2966; x_wconf 88' lang='lat' dir='ltr'><strong>Numidia</strong></span> <span class='ocrx_word' id='word_1_267' title='bbox 478 2912 507 2965; x_wconf 92' lang='lat' dir='ltr'><strong>et</strong></span> <span class='ocrx_word' id='word_1_268' title='bbox 523 2907 653 2966; x_wconf 87' lang='lat' dir='ltr'><strong>exercitu</strong></span> <span class='ocrx_word' id='word_1_269' title='bbox 666 2912 767 2964; x_wconf 91' lang='lat' dir='ltr'><strong>nostro</strong></span> <span class='ocrx_word' id='word_1_270' title='bbox 781 2923 836 2982; x_wconf 88' lang='lat' dir='ltr'><strong>pax</strong></span> <span class='ocrx_word' id='word_1_271' title='bbox 856 2905 1029 2982; x_wconf 85' lang='lat' dir='ltr'><strong>agitabatur.</strong></span> 
     </span>
     <span class='ocr_line' id='line_1_34' title="bbox 132 2983 1082 3068; baseline -0.005 -20"><span class='ocrx_word' id='word_1_272' title='bbox 132 2989 292 3068; x_wconf 87' lang='lat' dir='ltr'><strong>Postquam</strong></span> <span class='ocrx_word' id='word_1_273' title='bbox 310 3007 359 3049; x_wconf 93' lang='lat' dir='ltr'><strong>res</strong></span> <span class='ocrx_word' id='word_1_274' title='bbox 379 2991 409 3049; x_wconf 90' lang='lat' dir='ltr'><strong>in</strong></span> <span class='ocrx_word' id='word_1_275' title='bbox 427 2989 522 3049; x_wconf 77' lang='lat' dir='ltr'><strong>Africa</strong></span> <span class='ocrx_word' id='word_1_276' title='bbox 542 2994 639 3064; x_wconf 86' lang='lat' dir='ltr'><strong>gestas</strong></span> <span class='ocrx_word' id='word_1_277' title='bbox 653 3007 770 3068; x_wconf 91' lang='lat' dir='ltr'><strong>quoque</strong></span> <span class='ocrx_word' id='word_1_278' title='bbox 786 2990 874 3049; x_wconf 90' lang='lat' dir='ltr'><strong>modo</strong></span> <span class='ocrx_word' id='word_1_279' title='bbox 890 2997 971 3050; x_wconf 88' lang='lat' dir='ltr'><strong>actae</strong></span> <span class='ocrx_word' id='word_1_280' title='bbox 987 2989 1030 3048; x_wconf 89' lang='lat' dir='ltr'><strong>lo·</strong></span> <span class='ocrx_word' id='word_1_281' title='bbox 1041 2983 1082 3044; x_wconf 83' lang='lat'><strong>30</strong></span> 
     </span>
     <span class='ocr_line' id='line_1_35' title="bbox 46 3070 1031 3150; baseline -0.006 -12"><span class='ocrx_word' id='word_1_282' title='bbox 46 3080 117 3137; x_wconf 91' lang='lat' dir='ltr'><strong>rent</strong></span> <span class='ocrx_word' id='word_1_283' title='bbox 133 3072 208 3133; x_wconf 86' lang='lat' dir='ltr'><strong>lama</strong></span> <span class='ocrx_word' id='word_1_284' title='bbox 232 3071 400 3148; x_wconf 91' lang='lat' dir='ltr'><strong>divolgavit,</strong></span> <span class='ocrx_word' id='word_1_285' title='bbox 418 3071 529 3132; x_wconf 87' lang='lat' dir='ltr'><strong>Romae</strong></span> <span class='ocrx_word' id='word_1_286' title='bbox 550 3089 603 3150; x_wconf 90' lang='lat' dir='ltr'><strong>per</strong></span> <span class='ocrx_word' id='word_1_287' title='bbox 623 3073 717 3131; x_wconf 91' lang='lat' dir='ltr'><strong>omnis</strong></span> <span class='ocrx_word' id='word_1_288' title='bbox 733 3070 813 3132; x_wconf 93' lang='lat' dir='ltr'><strong>locos</strong></span> <span class='ocrx_word' id='word_1_289' title='bbox 829 3079 858 3133; x_wconf 90' lang='lat' dir='ltr'><strong>et</strong></span> <span class='ocrx_word' id='word_1_290' title='bbox 873 3081 1031 3133; x_wconf 91' lang='lat' dir='ltr'><strong>conventus</strong></span> 
     </span>
     <span class='ocr_line' id='line_1_36' title="bbox 10 3154 1031 3234; baseline -0.001 -17"><span class='ocrx_word' id='word_1_291' title='bbox 10 3175 38 3223; x_wconf 74' lang='lat' dir='ltr'><strong>ts</strong></span> <span class='ocrx_word' id='word_1_292' title='bbox 48 3160 86 3222; x_wconf 90' lang='lat' dir='ltr'><strong>de</strong></span> <span class='ocrx_word' id='word_1_293' title='bbox 99 3157 177 3217; x_wconf 86' lang='lat' dir='ltr'><strong>laeto</strong></span> <span class='ocrx_word' id='word_1_294' title='bbox 193 3155 321 3216; x_wconf 92' lang='lat' dir='ltr'><strong>consulis</strong></span> <span class='ocrx_word' id='word_1_295' title='bbox 331 3157 442 3231; x_wconf 86' lang='lat' dir='ltr'><strong>agitari.</strong></span> <span class='ocrx_word' id='word_1_296' title='bbox 466 3156 551 3232; x_wconf 78' lang='lat' dir='ltr'><strong>Apud</strong></span> <span class='ocrx_word' id='word_1_297' title='bbox 566 3154 683 3232; x_wconf 91' lang='lat' dir='ltr'><strong>plebem</strong></span> <span class='ocrx_word' id='word_1_298' title='bbox 698 3158 794 3231; x_wconf 91' lang='lat' dir='ltr'><strong>gravis</strong></span> <span class='ocrx_word' id='word_1_299' title='bbox 805 3156 919 3225; x_wconf 90' lang='lat' dir='ltr'><strong>invidia,</strong></span> <span class='ocrx_word' id='word_1_300' title='bbox 932 3162 1031 3234; x_wconf 90' lang='lat' dir='ltr'><strong>patres</strong></span> 
     </span>
     <span class='ocr_line' id='line_1_37' title="bbox 47 3238 1031 3316; baseline -0.005 -12"><span class='ocrx_word' id='word_1_301' title='bbox 47 3242 165 3304; x_wconf 88' lang='lat' dir='ltr'><strong>solliciti</strong></span> <span class='ocrx_word' id='word_1_302' title='bbox 186 3246 285 3300; x_wconf 91' lang='lat' dir='ltr'><strong>erant:</strong></span> <span class='ocrx_word' id='word_1_303' title='bbox 305 3238 504 3316; x_wconf 90' lang='lat' dir='ltr'><strong>probarentne</strong></span> <span class='ocrx_word' id='word_1_304' title='bbox 523 3245 636 3298; x_wconf 90' lang='lat' dir='ltr'><strong>tantum</strong></span> <span class='ocrx_word' id='word_1_305' title='bbox 656 3238 796 3315; x_wconf 87' lang='lat' dir='ltr'><strong>flagitium</strong></span> <span class='ocrx_word' id='word_1_306' title='bbox 819 3257 856 3298; x_wconf 91' lang='lat' dir='ltr'><strong>an</strong></span> <span class='ocrx_word' id='word_1_307' title='bbox 879 3240 1031 3300; x_wconf 90' lang='lat' dir='ltr'><strong>decretum</strong></span> 
     </span>
     <span class='ocr_line' id='line_1_38' title="bbox 48 3321 1058 3403; baseline -0.008 -16"><span class='ocrx_word' id='word_1_308' title='bbox 48 3325 179 3388; x_wconf 85' lang='lat' dir='ltr'><strong>consulis</strong></span> <span class='ocrx_word' id='word_1_309' title='bbox 200 3323 408 3386; x_wconf 86' lang='lat' dir='ltr'><strong>subverterent</strong></span> <span class='ocrx_word' id='word_1_310' title='bbox 428 3340 535 3403; x_wconf 93' lang='lat' dir='ltr'><strong>parum</strong></span> <span class='ocrx_word' id='word_1_311' title='bbox 556 3321 717 3382; x_wconf 89' lang='lat' dir='ltr'><strong>constabat.</strong></span> <span class='ocrx_word' id='word_1_312' title='bbox 759 3323 800 3382; x_wconf 78' lang='lat' dir='ltr'><strong>Ae</strong></span> <span class='ocrx_word' id='word_1_313' title='bbox 821 3341 956 3384; x_wconf 85' lang='lat' dir='ltr'><strong>maxume</strong></span> <span class='ocrx_word' id='word_1_314' title='bbox 980 3330 1058 3383; x_wconf 70' lang='lat' dir='ltr'><strong>eost</strong></span> 
     </span>
     <span class='ocr_line' id='line_1_39' title="bbox 47 3406 1031 3489; baseline -0.005 -19"><span class='ocrx_word' id='word_1_315' title='bbox 47 3410 179 3489; x_wconf 89' lang='lat' dir='ltr'><strong>potentia</strong></span> <span class='ocrx_word' id='word_1_316' title='bbox 194 3406 306 3476; x_wconf 88' lang='lat' dir='ltr'><strong>Scauri,</strong></span> <span class='ocrx_word' id='word_1_317' title='bbox 330 3408 407 3486; x_wconf 92' lang='lat' dir='ltr'><strong>quod</strong></span> <span class='ocrx_word' id='word_1_318' title='bbox 427 3410 451 3467; x_wconf 92' lang='lat' dir='ltr'><strong>is</strong></span> <span class='ocrx_word' id='word_1_319' title='bbox 469 3413 570 3467; x_wconf 88' lang='lat' dir='ltr'><strong>auctor</strong></span> <span class='ocrx_word' id='word_1_320' title='bbox 589 3412 617 3465; x_wconf 91' lang='lat' dir='ltr'><strong>et</strong></span> <span class='ocrx_word' id='word_1_321' title='bbox 633 3407 729 3466; x_wconf 83' lang='lat' dir='ltr'><strong>socius</strong></span> <span class='ocrx_word' id='word_1_322' title='bbox 744 3407 857 3467; x_wconf 79' lang='lat' dir='ltr'><strong>bestiae</strong></span> <span class='ocrx_word' id='word_1_323' title='bbox 872 3406 1031 3474; x_wconf 83' lang='lat' dir='ltr'><strong>ferebatur,</strong></span> 
     </span>
    </p>
   </div>
   <div class='ocr_carea' id='block_1_4' title="bbox 181 3688 228 3769">
    <p class='ocr_par' dir='ltr' id='par_1_4' title="bbox 181 3688 228 3769">
     <span class='ocr_line' id='line_1_40' title="bbox 181 3688 228 3769; baseline 0 -72"><span class='ocrx_word' id='word_1_324' title='bbox 181 3688 228 3769; x_wconf 71' lang='lat' dir='ltr'><strong>&#39;t&#39;</strong></span> 
     </span>
    </p>
   </div>
   <div class='ocr_carea' id='block_1_5' title="bbox 0 0 1140 4176">
    <p class='ocr_par' dir='ltr' id='par_1_5' title="bbox 0 0 1140 4176">
     <span class='ocr_line' id='line_1_41' title="bbox 0 0 1140 4176; baseline 0 0"><span class='ocrx_word' id='word_1_325' title='bbox 0 0 1140 4176; x_wconf 95' lang='lat' dir='ltr'><strong> </strong></span> 
     </span>
    </p>
   </div>
  </div>
 </body>
</html>
