2272 4176
12 37 80 229 Γ
473 165 589 229 LIBER
609 165 645 225 ll.
984 160 1046 229 247

12 310 15 319 '
68 318 203 383 cambus
215 321 389 396 duodecim,
402 336 478 397 quas
489 321 645 396 pracsidio
658 320 805 383 onerariis
817 320 947 382 navibus
956 320 1045 384 Curio

69 422 110 467 ex
126 404 232 467 Sicilia
251 407 416 481 eduxerat,
437 414 601 482 postquam
622 406 652 465 in
674 407 762 467 litore
781 407 916 466 relictam
937 423 1045 468 navem

69 492 243 567 conspexit,
258 492 338 553 hanc
351 493 484 552 remulco
500 491 664 562 abstraxit;
679 491 747 566 ipse
761 492 799 551 ad
810 491 969 553 Curionem
977 507 1044 553 cum

70 578 173 637 classe
186 577 276 637 redit.

11 702 17 733 ,-
152 654 261 721 XXIV.
308 661 400 722 curio
416 660 563 720 Marcium
577 659 695 721 Uticam
716 660 845 720 navibus
867 663 1044 736 praemittit;

70 748 137 823 ipse
159 746 271 807 eodem
287 764 355 807 cum
370 746 507 806 exercitu
522 745 727 820 proficiscitur
741 745 888 819 biduique
902 746 959 805 iter
973 764 1043 821 pro-

69 846 199 907 gressus
222 832 261 891 ad
282 830 396 892 llumen
409 831 580 905 Bagradam
602 832 749 906 pervenit.
778 829 822 890 lbi
839 831 869 890 C.
888 831 1043 893 Caninium

69 916 210 976 Rebilum
224 917 356 991 legatum
372 930 440 975 curn
455 915 625 991 legionibus
640 916 778 992 reliquit;
793 915 862 990 ipse
878 931 946 976 cum
959 918 1043 992 equi-

71 1008 132 1062 tatu
154 1002 309 1061 antecedit
322 1002 362 1061 ad
378 1007 479 1061 castra
493 1000 685 1075 cxploranda
700 1000 893 1077 Corneliana,
918 1003 1002 1076 quod
1016 1004 1043 1062 is

69 1086 157 1147 locus
179 1086 365 1162 peridoneus
388 1084 496 1146 castris
511 1085 687 1146 habebatur.
715 1087 750 1146 ld
765 1092 865 1146 autem
880 1093 927 1146 est
941 1088 1043 1162 iugum

70 1170 228 1243 directum,
244 1172 381 1232 eminens
395 1171 425 1230 in
441 1186 533 1244 mare,
549 1177 678 1246 utraque
693 1187 732 1230 ex
746 1177 834 1247 parte
844 1179 1041 1247 praeruptum

69 1261 163 1330 atque
183 1271 342 1330 aspemm,
369 1257 426 1316 sed
446 1263 545 1316 tamen
567 1257 659 1330 paulo
682 1257 797 1318 leniore
816 1256 937 1332 fastigio
953 1258 991 1316 ab
1005 1273 1043 1318 ea

68 1347 170 1416 parte,
198 1356 278 1416 quae
299 1342 337 1401 ad
352 1341 470 1403 Uticam
491 1341 598 1414 vergit.
631 1341 730 1401 Abest
751 1343 867 1401 directo
882 1341 989 1402 itinere
1003 1342 1041 1402 ab

67 1424 157 1486 Utica
176 1427 270 1501 paulo
286 1427 417 1501 amplius
432 1441 581 1501 passuum
597 1425 687 1485 mille.
724 1425 784 1486 Sed
800 1425 859 1485 hoc
874 1426 980 1487 itinere
995 1434 1042 1488 est

67 1510 155 1586 lons,
177 1525 238 1586 quo
254 1526 337 1570 mare
351 1510 491 1572 succedit
504 1510 641 1585 longius,
662 1511 785 1586 lateque
801 1511 826 1570 is
842 1512 929 1571 locus
944 1519 1040 1573 resta-

66 1601 156 1669 grat:
179 1610 269 1671 quem
285 1595 310 1655 si
328 1596 379 1671 qui
394 1596 491 1655 vitare
505 1594 644 1669 voluerit,
667 1611 723 1654 scx
738 1596 852 1656 milium
868 1597 995 1658 circuitu
1009 1597 1037 1656 in

66 1680 216 1754 oppidum
232 1681 378 1754 pervenit.

149 1765 243 1824 XXV.
286 1765 353 1826 Hoc
374 1766 532 1840 explorato
556 1765 624 1824 loco
642 1764 731 1824 Curio
754 1772 855 1825 castra
870 1766 945 1825 Vari
967 1782 1039 1826 con-

66 1849 158 1926 spicit
170 1866 258 1910 muro
274 1851 452 1926 oppidoque
468 1850 628 1910 coniuncta
643 1849 682 1908 ad
696 1855 824 1924 portam,
842 1866 922 1925 quae
934 1851 1039 1926 appel-

65 1936 145 1996 latur
158 1935 284 2008 bellica,
307 1935 470 1995 admodum
483 1935 597 1994 munita
611 1939 719 1993 natura
733 1934 800 2009 loci,
824 1951 884 1994 una
899 1950 938 1994 ex
952 1942 1039 2010 parte

64 2021 135 2096 ipso
153 2018 268 2094 oppido
284 2020 384 2093 Utica,
408 2021 502 2079 altera
516 2036 535 2078 a
548 2019 682 2092 theatro,
706 2019 787 2094 quod
804 2026 851 2080 est
866 2027 935 2080 ante
951 2022 1038 2097 oppi-

65 2106 148 2177 dum,
161 2104 438 2163 substructionibus
451 2104 515 2163 cius
529 2104 787 2179 operismaximis,
801 2106 883 2165 aditu
891 2106 929 2165 ad
939 2113 1039 2166 castra

66 2189 183 2249 dillioili
205 2195 236 2247 et
256 2196 395 2264 angusto.
437 2188 531 2247 Simul
554 2189 764 2248 animadvertit
785 2192 878 2249 multa
901 2192 1039 2266 undique

65 2275 182 2349 portari
195 2280 286 2348 atque
299 2274 347 2348 agi
358 2272 544 2347 plenissimis
556 2273 623 2347 viis,
643 2289 722 2348 quae
733 2276 882 2348 repentini
893 2278 1037 2336 tumuitus

63 2360 174 2419 timore
196 2373 235 2417 ex
256 2358 337 2432 agris
359 2358 388 2416 in
409 2358 515 2419 urbem
537 2359 740 2418 conserantur.
779 2360 845 2418 Huc
871 2361 1035 2434 equitatum

62 2444 159 2517 mittit,
176 2450 210 2502 ut
224 2442 368 2517 diriperet
382 2449 473 2518 atque
484 2443 609 2503 liaberet
620 2444 687 2504 loco
700 2444 850 2518 pracdae3
866 2446 1037 2520 codemque

62 2537 205 2602 tompore
224 2526 272 2586 his
286 2528 378 2588 rebus
395 2528 533 2588 subsidio
550 2528 686 2587 sexcenti
701 2528 820 2603 equites
835 2529 983 2588 Numidae
998 2545 1036 2589 ex

63 2613 182 2688 oppido
203 2612 385 2688 peditesque
408 2613 618 2688 quadringenti
633 2613 788 2673 mittuntur
801 2629 820 2672 a
835 2613 935 2687 Vara,
958 2630 1036 2688 quos

64 2698 169 2758 auxilii
188 2712 282 2756 causa
295 2713 350 2756 rex
364 2698 438 2757 Iuba
452 2700 559 2772 paucis
575 2698 682 2758 diebus
694 2706 763 2759 ante
774 2698 891 2758 Uticam
902 2698 1035 2759 miserat.

62 2784 140 2842 Huic
162 2789 193 2840 et
213 2789 373 2855 paternum
396 2783 562 2857 hospitium
584 2798 651 2842 cum
672 2781 816 2857 Pompeio
844 2790 874 2841 et
898 2783 1035 2843 simultas

63 2884 132 2928 curn
155 2866 286 2926 Curione
306 2867 526 2941 intercedebat,
555 2868 637 2942 quod
657 2867 796 2928 tribunus
818 2868 917 2942 plebis
938 2869 1034 2943 legem

63 2953 327 3029 promulgaverat,
359 2970 419 3027 qua
446 2955 513 3027 lcge
541 2967 668 3026 regnum
694 2953 786 3013 lubae
815 2953 1033 3028 publicaverat.

63 3038 255 3099 Concurrunt
270 3037 387 3110 equites
401 3039 476 3097 inter
488 3053 536 3105 sc;
554 3052 654 3112 neque
665 3052 738 3098 vero
751 3038 879 3113 primum
891 3037 1033 3112 impetum

62 3132 238 3184 nostrorum
253 3120 400 3183 Numidae
421 3124 500 3180 serre
521 3128 698 3197 potuerunt,
725 3124 781 3182 sed
796 3122 960 3182 interfectis
977 3125 1030 3183 cir-

62 3208 135 3268 citer
157 3222 218 3265 cxx
238 3205 345 3280 reliqui
366 3224 400 3268 se
426 3209 455 3265 in
482 3214 581 3266 castra
606 3208 645 3266 ad
671 3208 817 3281 oppidum
841 3215 1032 3281 receperunt
1116 3232 1121 3247 ··

61 3292 182 3353 Interim
198 3290 332 3350 adventu
347 3294 504 3367 longarum
519 3291 641 3350 navium
654 3292 742 3352 Curio
754 3292 949 3367 pronuntiare
961 3310 1032 3355 ono·
1117 3283 1121 3333 ’ἶ

60 3377 149 3438 rariis
171 3375 302 3435 navibus
328 3376 424 3453 iubet,
458 3392 536 3451 quae
563 3376 682 3437 stabant
707 3378 747 3437 ad
765 3378 882 3439 Uticam
907 3395 1032 3439 numero

63 3462 181 3523 circiter
195 3460 361 3534 ducentae,
386 3479 420 3523 se
434 3462 464 3521 in
479 3461 611 3524 hostiurn
624 3460 796 3527 habiturum
810 3464 891 3541 loco,
905 3464 958 3543 qui
971 3480 1035 3514 nnn
