2272 4176
374 120 377 125 ⁵
446 176 563 239 mm
587 175 650 236 vn.
981 188 1040 257 m

61 346 155 395 omne
167 330 211 395 ad
224 344 261 393 se
273 328 384 391 relcrri
396 329 488 406 lubet,
505 332 613 407 eapitis
629 348 761 408 poenam
775 331 823 408 iis,
841 332 893 409 qui
908 350 969 395 non
983 348 1036 410 pa·

60 418 187 490 ruerint,
203 413 369 490 constituit,
383 430 490 491 pecus,
507 416 594 477 cuius
609 433 719 492 magna
733 426 798 478 erat
810 418 899 493 copia
906 419 943 478 ab
951 418 1038 479 Man-

62 502 165 563 dubiis
179 501 358 577 compulsa,
383 500 494 560 viritim
509 501 676 576 distribuit,
703 504 885 564 trumentum
900 509 1038 577 pareest

63 586 210 662 paulatim
224 584 322 646 metiri
337 584 479 653 instituit;
501 587 608 660 copias
625 603 741 660 omnes,
758 604 835 662 quas
850 603 905 662 pro
921 588 1035 662 oppido

64 674 288 744 collocaverat,
309 669 338 727 in
357 669 504 744 oppidum
521 670 646 745 recepit.
675 672 730 731 llis
744 672 913 732 rationibus
925 674 1037 732 auxilia

66 756 181 821 Galliae
197 761 364 830 expectare
378 761 409 812 et
423 752 534 813 bellum
549 762 638 829 parat
652 755 873 815 administrare.

144 838 263 899 LXXII.
287 838 402 914 Quibus
423 838 517 897 rebus
539 840 669 914 cognitis
690 855 729 898 cx
744 841 881 915 perfugis
896 848 927 901 et
941 841 1035 917 capti-

66 923 108 982 vis
124 922 241 983 Caesar
255 922 332 983 haec
345 937 460 997 genera
480 923 656 984 munitionis
672 924 806 985 instituit.
834 924 965 985 Fossam
981 943 1033 1002 pe-

67 1006 136 1067 dum
151 1008 261 1083 viginti
276 1007 400 1067 directis
414 1007 560 1067 lateribus
576 1008 671 1082 duxit,
687 1017 719 1068 ut
733 1009 799 1068 eius
815 1011 919 1070 lassae
934 1012 1034 1072 solum

66 1093 241 1152 tantundem
255 1099 386 1169 pateret,
410 1098 556 1166 quantum
571 1109 709 1153 summae
724 1095 828 1154 iassae
842 1095 927 1154 labra
940 1096 1033 1155 dista-

66 1182 136 1235 rent
165 1176 315 1251 Reliquas
331 1192 438 1237 omnes
453 1177 633 1238 munitiones
648 1178 687 1237 ab
702 1193 740 1237 ea
754 1181 840 1239 lossa
854 1179 950 1254 pedes
965 1196 1033 1240 cccc

65 1259 198 1334 reduxit,
221 1260 253 1320 id
268 1261 327 1321 hoc
343 1261 487 1335 consilio,
504 1262 647 1336 quoniam
663 1270 777 1322 tantum
793 1271 876 1323 esset
890 1279 1032 1325 necessa-

66 1344 104 1403 rio
126 1344 262 1419 spatium
285 1345 471 1420 conplexus,
496 1361 554 1404 nec
576 1347 664 1406 tacite
678 1353 773 1407 totum
789 1364 901 1423 corpus
918 1365 1033 1410 corona

66 1428 187 1489 militum
204 1429 390 1507 cingeretur,
416 1446 455 1488 ne
476 1428 515 1488 de
536 1429 693 1504 inproviso
709 1439 760 1491 aut
775 1441 867 1493 noctu
881 1433 920 1492 ad
935 1434 1030 1493 muni-

65 1513 160 1573 tiones
183 1511 317 1573 hostium
338 1513 496 1573 multitudo
517 1514 690 1589 advolaret,
717 1524 769 1577 aut
783 1516 914 1576 interdiu
928 1519 988 1577 tela
1001 1519 1031 1577 in

65 1604 184 1658 rosbes
210 1596 297 1672 operi
317 1596 485 1658 destinatos
511 1598 651 1657 conicere
676 1607 814 1674 possent.
849 1602 916 1661 Hoc
941 1601 1027 1662 inter-

13 1674 19 1715 *
65 1682 154 1742 nisse
170 1682 272 1756 spatio
289 1680 366 1741 dutts
381 1683 486 1742 lassas
500 1697 542 1739 xv
556 1684 653 1756 pedes
665 1685 742 1743 latas
755 1684 862 1744 eadem
874 1685 1031 1746 altitudine

65 1766 222 1839 perduxit;
248 1780 376 1841 quarum
397 1766 569 1826 interiorem
591 1768 813 1841 campestribus
836 1785 873 1828 ac
887 1770 1030 1831 demissis

66 1850 136 1910 locis
152 1865 237 1925 aqua
251 1864 291 1910 ex
306 1847 430 1909 flumine
446 1850 581 1910 derivata
597 1853 759 1926 conplevit.
781 1853 855 1913 Post
869 1868 922 1913 eas
939 1870 1029 1929 agge-

64 1950 121 1993 rem
136 1949 174 1993 ac
191 1934 302 1994 vallum
316 1950 360 1992 xu
376 1934 488 2008 pedum
503 1934 645 1994 extruxit.
673 1936 751 1996 Huic
766 1938 891 1997 loricam
906 1938 1030 2012 pinnas-

65 2034 119 2093 que
135 2018 261 2093 adiecit,
282 2018 449 2093 grandibus
466 2019 564 2078 cervis
580 2019 780 2080 eminentibus
797 2023 836 2081 ad
851 2022 1028 2083 commissu-

65 2118 108 2165 tas
123 2103 297 2178 pluteorum
312 2109 404 2177 atque
419 2104 554 2178 aggeris,
577 2104 629 2178 qui
645 2121 808 2165 ascensum
822 2105 955 2167 hostium
970 2116 1026 2167 tar·

64 2186 174 2259 darent,
191 2194 221 2247 et
235 2194 333 2247 turres
348 2195 408 2249 toto
422 2203 516 2262 opere
529 2187 735 2264 circumdedit,
748 2206 827 2265 quae
839 2192 936 2266 pedes
947 2208 1028 2252 cxxx

10 2272 15 2331 l
64 2270 134 2331 later
148 2287 185 2331 se
199 2272 354 2331 distarent.

143 2355 274 2414 LXXlll.
287 2355 359 2415 Erat
371 2355 478 2415 eodem
489 2362 627 2431 tempore
643 2364 673 2417 et
686 2358 837 2417 materiari
852 2366 882 2418 et
896 2360 1027 2419 frumen-

11 2436 14 2441 '
65 2439 113 2498 tari
134 2447 166 2499 ct
186 2446 286 2500 tancts
309 2440 492 2500 munitiones
508 2441 573 2499 lieri
589 2456 719 2502 necesse
734 2442 896 2502 deminutis
911 2445 1026 2504 nostris

63 2524 165 2598 copiis,
183 2540 263 2599 quae
277 2525 398 2598 longius
414 2525 452 2583 ab
465 2526 573 2584 castris
589 2526 879 2600 progrediebantur:
901 2543 937 2586 ac
951 2545 1025 2587 non-

63 2623 222 2683 numquam
245 2624 339 2683 opcra
355 2616 460 2668 nostra
475 2609 550 2667 Galli
565 2617 713 2684 temptare
728 2618 821 2683 atque
836 2612 1026 2684 eruptionem

62 2707 95 2751 ex
109 2691 227 2768 oppido
249 2694 388 2767 pluribus
409 2693 507 2767 portis
529 2710 646 2752 summa
660 2694 690 2751 vi
712 2694 812 2752 lacere
827 2696 1025 2756 conabantur.

62 2775 155 2849 Quare
177 2777 217 2835 ad
237 2775 314 2836 haec
334 2793 442 2837 rursus
465 2792 561 2850 opera
582 2777 756 2836 addendum
772 2779 885 2837 Caesar
899 2781 1025 2854 putavit,

62 2876 117 2935 quo
132 2861 251 2920 minore
273 2878 398 2921 numero
413 2862 536 2920 militum
552 2862 733 2920 munitiones
749 2861 871 2922 delendi
887 2872 1025 2937 possent.

60 2943 160 3020 ltaque
183 2945 297 3005 truncis
318 2946 461 3005 arborum
482 2944 645 3022 admodum
666 2945 760 3005 firmis
781 2948 873 3005 ramis
895 2948 1024 3009 abscisis

59 3036 146 3105 alque
162 3028 272 3090 horum
287 3029 441 3090 delibratis
457 3046 493 3088 ae
508 3029 681 3103 praeacutis
694 3032 901 3090 cacuminibus
913 3048 1023 3107 perpe-

58 3120 124 3172 tuae
145 3115 252 3174 iossac
274 3114 384 3188 quinos
400 3116 497 3189 pedes
514 3115 592 3172 altae
607 3113 804 3174 ducebantur.
832 3116 900 3174 Huc
914 3116 956 3174 illi
971 3118 1022 3177 sti-

58 3198 133 3271 pites
155 3196 283 3257 demissi
305 3204 335 3257 et
355 3198 392 3257 ab
415 3199 517 3257 infimo
537 3197 676 3271 revincti,
703 3214 741 3256 ne
760 3198 864 3258 revelli
885 3209 1021 3277 possent,

57 3280 92 3341 ab
112 3282 206 3341 ramis
229 3282 410 3342 eminebant.
442 3282 529 3356 Quini
550 3289 639 3340 erant
659 3281 783 3341 ordines
804 3282 957 3345 coniuncti
979 3285 1019 3346 in·

57 3372 100 3426 ter
112 3381 147 3426 se
161 3373 256 3441 atque
271 3365 423 3440 inplicati;
440 3384 501 3442 quo
517 3365 569 3441 qui
583 3365 775 3442 intraverant,
791 3368 898 3443 seipsi
910 3370 1003 3431 acct’·

58 3448 139 3509 timis
164 3450 255 3509 vallis
281 3450 455 3511 induebant.
484 3453 549 3511 Hos
574 3450 685 3525 cippos
710 3452 918 3533 appendant.
947 3506 949 3513 .
