2302 4192
451 168 566 232 LIBER
587 169 623 229 II.
646 171 695 230 lll.
1019 176 1059 238 qt

82 324 142 387 diei
157 324 302 384 relractls
318 324 425 399 porus,
443 339 511 384 cum
525 322 583 381 iam
600 322 779 386 detenderet
793 342 891 403 nemo,
908 335 999 404 atque
1014 332 1058 390 ln·

84 410 239 470 trornissis
254 408 399 473 militibus
414 407 528 469 nostris
544 407 713 467 sectionem
728 410 794 471 eius
810 413 916 488 oppidi
937 414 1058 474 univer-

84 511 148 555 sam
165 494 283 553 Caesar
297 492 444 553 vendidit.
472 491 521 551 Ab
537 491 590 565 iis,
614 492 666 566 qui
682 494 832 570 emerant,
856 497 988 569 capitum
1004 517 1057 559 nu·-

84 595 188 639 merus
204 578 244 638 ad
260 593 329 637 eum
343 579 456 637 relatus
473 581 520 636 est
534 575 648 635 milium
665 578 886 654 quinquaginta
899 582 997 641 trium.

166 663 304 722 XXXIV.
338 658 456 721 Eodem
475 668 613 735 tempore
634 676 653 719 a
672 661 703 720 P.
728 662 855 739 Crasso,
878 681 969 739 quem
991 683 1057 727 cum

86 747 209 822 legione
222 763 285 806 una
298 746 423 805 miserat
436 745 475 805 ad
488 747 642 819 Venetos,
664 746 805 823 Unellos,
829 748 977 823 Osismos,
1002 752 1056 811 Cu·
1077 752 1081 758 '

87 831 252 904 ricsolitas
272 829 416 904 Esuvios,
432 829 598 903 Aulercos,
613 830 766 907 Redones,
789 849 869 908 quae
884 843 956 895 sunt
970 836 1056 894 mari-

88 922 188 975 tumae
204 915 342 977 civitates
359 914 575 988 Oceanumque
590 915 748 989 attingunt,
771 918 882 978 certior
896 920 995 978 lactus
1012 927 1059 978 est

91 1015 194 1060 omnes
217 1015 270 1058 eas
293 1000 431 1059 civitates
456 998 487 1057 ln
509 997 661 1058 dicionem
682 1006 928 1077 potestatemque
951 1004 1057 1078 populi

91 1083 216 1145 Romani
232 1099 303 1143 esse
317 1084 469 1142 redactas.

169 1168 292 1227 XXXV.
326 1167 381 1226 His
402 1167 496 1226 rebus
518 1166 614 1240 gestis
636 1166 717 1227 omni
734 1168 829 1227 Gallia
849 1176 961 1243 pacata
975 1178 1057 1231 tanta

93 1252 178 1312 buius
193 1252 266 1311 belli
281 1251 321 1310 ad
335 1251 487 1311 barbaros
502 1250 606 1324 opinio
621 1253 740 1325 perlata
754 1258 816 1325 est,
838 1254 882 1312 uti
897 1254 935 1312 ab
950 1254 987 1314 ils
1003 1272 1054 1313 na-

94 1337 238 1409 tionibus,
261 1351 341 1411 quae
354 1342 438 1394 trans
454 1335 593 1394 Rhenum
608 1335 790 1411 incolerent,
811 1337 1000 1399 mitterentur
1015 1340 1055 1397 le-

46 1446 50 1469 ι
97 1423 148 1494 gali
163 1421 201 1479 ad
211 1420 381 1495 Caesarem,
398 1419 496 1495 quise
511 1418 636 1478 obsides
650 1420 783 1495 daturas,
799 1421 947 1495 imperata
961 1424 1055 1482 lactu·

98 1521 138 1564 ras
150 1505 375 1580 pollicerentur..
399 1504 480 1578 Quas
495 1503 662 1577 legationes
673 1505 793 1579 Cacsar,
810 1507 894 1581 quod
905 1507 1055 1567 initaliam

99 1588 304 1667 illyricumque
332 1588 532 1663 properabat,
560 1588 633 1648 inita
653 1589 794 1664 proxima
822 1597 939 1650 aestate
960 1592 1000 1650 ad
1022 1606 1056 1650 ss

100 1674 198 1733 reverti
214 1673 314 1733 iussit.
336 1675 409 1747 lpse
423 1674 454 1731 ln
462 1672 620 1747 Carnutes,
635 1674 742 1733 Andes
750 1676 961 1749 latronesque,
978 1691 1055 1750 quac

102 1757 225 1817 civitates
241 1759 434 1833 propinquae
448 1756 496 1814 his
512 1757 587 1816 locis
604 1765 698 1831 erant,
713 1757 766 1817 ubi
781 1758 893 1816 bellum
908 1766 1055 1832 gesserat,

102 1840 259 1915 legionibus
281 1842 311 1900 in
332 1841 530 1901 hibernacula
550 1840 690 1901 deductis
712 1842 742 1901 ln
763 1842 878 1901 Italiam
899 1844 1056 1917 proiectus

103 1931 148 1983 cst.
175 1926 220 1986 Ob
242 1942 360 2003 easque
380 1942 431 1985 res
453 1941 492 1983 ex
512 1923 618 1985 litteris
634 1926 774 1986 Caesaris
797 1926 862 1986 dies
885 1926 1056 2002 quindecim

104 2012 274 2085 supplicatio
286 2012 410 2071 decreta
421 2015 477 2083 est,
495 2010 578 2084 quod
589 2017 659 2070 ante
671 2011 702 2070 id
717 2018 837 2087 tempus
853 2012 964 2072 accidit
974 2012 1056 2071 nulli.

450 2291 614 2354 LIBER
645 2290 695 2354 Ill.

396 2411 749 2470 ARGUMENTUM.

109 2512 206 2565 Servius
217 2511 305 2571 Galba,
322 2511 421 2577 legatus
432 2510 556 2571 Caesaris,
575 2519 664 2575 gentes
683 2512 807 2574 quasdem
825 2513 872 2560 sub
891 2512 998 2578 Alpibus
1016 2513 1057 2563 Al-

139 2585 257 2646 lobroges
270 2595 359 2631 versus
371 2580 433 2629 sitas
450 2581 562 2644 subegit3
581 2580 729 2629 rebellantes
749 2587 773 2628 et
791 2589 873 2629 castra
888 2581 996 2647 legionis
1016 2584 1057 2633 ob-

139 2653 250 2706 sidentes
275 2650 404 2714 eruptione
428 2649 495 2698 lactu
514 2650 650 2712 prostravit
666 2666 687 2698 c.
704 2645 789 2699 1—6.
826 2649 923 2700 Eodem
945 2659 1058 2716 tempore

137 2719 261 2772 armona
278 2717 304 2768 li.
324 2735 346 2768 e.
365 2718 454 2767 Veneti
474 2732 529 2766 cum
547 2718 668 2779 finitimis,
686 2718 776 2784 legatis
794 2721 906 2780 retentis,
928 2721 1057 2779 rebellant,

139 2805 203 2854 quos
221 2788 315 2838 Caesar
330 2788 432 2837 tandem
450 2786 533 2838 navali
551 2787 616 2836 bello
636 2788 733 2837 domuit
751 2804 773 2838 c.
784 2784 877 2840 7-16.
908 2789 1002 2839 Titurio
1015 2789 1057 2839 Sa-

138 2861 198 2910 bino
215 2857 301 2924 legato
318 2857 413 2906 interea
429 2857 542 2906 vincente
560 2855 660 2906 Unellos
680 2873 701 2906 c.
722 2854 847 2917 17-19.,
872 2857 961 2907 Crasso
980 2859 1057 2919 Aqui-

138 2935 216 2978 tanos
247 2946 272 2982 o.
307 2922 430 2985 20-27,
449 2926 558 2974 Morinos
577 2925 766 2990 lllenapiusque,
785 2927 869 2989 quoad
887 2929 945 2976 anni
963 2934 1057 2991 tempe-

138 3007 191 3047 stas
208 2996 332 3060 permisit,
352 2993 445 3044 Caesar
463 2994 567 3058 adfligit.
597 2994 660 3044 Dein
680 2997 816 3046 exercitum
835 2997 866 3045 ob
885 2997 943 3044 anni
960 2994 1056 3061 templis

136 3068 163 3116 in
181 3065 290 3115 hiberna
307 3063 403 3114 reducit
420 3080 443 3113 c.
453 3060 496 3114 28.
506 3059 549 3114 29.

168 3173 192 3232 Ι.
223 3170 298 3230 Cum
317 3169 348 3228 in
367 3167 482 3228 ltaliam
503 3166 750 3241 proficisceretur
768 3165 895 3237 Caesar,
918 3162 1055 3223 Servium

90 3258 214 3319 Galbam
227 3269 296 3315 cum
308 3253 429 3327 legione
441 3251 624 3312 duodecima
634 3255 663 3308 et
673 3255 759 3322 parte
771 3247 924 3323 equitatus
940 3248 968 3306 in
977 3249 1054 3307 Nan

90 3342 195 3417 luatis,
220 3340 376 3412 Veragros
393 3338 599 3410 Sedunosque
613 3332 703 3406 misit,
725 3332 776 3407 qui
792 3333 830 3392 ab
845 3332 958 3392 linibus
973 3334 1054 3392 Allo·

89 3426 218 3503 brogum
233 3428 265 3484 et
278 3423 510 3483 lacuLemanno
526 3427 556 3480 et
570 3417 853 3480 llumineerodano
868 3418 908 3477 ad
922 3432 1056 3477 summas
