2272 4176
105 653 372 755 bttttttt
432 658 991 762 lttxtttbttttttttt.

469 857 612 867 ι---

371 954 722 1014 ARGUMENTUM.

80 1062 141 1116 Belli
149 1065 316 1117 Alexandrini
325 1067 430 1118 historia
440 1071 591 1120 continuata.
629 1069 671 1122 10.
683 1069 789 1121 Proeliis
799 1069 894 1134 aliquot
904 1070 1035 1122 navalibus

105 1137 185 1186 victor
196 1136 288 1186 Caesar
308 1134 348 1188 17.
361 1139 463 1188 castella
479 1141 512 1188 ad
527 1149 627 1205 portum
636 1147 778 1190 constructa
788 1142 911 1203 quaedam
921 1149 1034 1206 occupat,

114 1206 240 1268 quaedam
250 1207 344 1256 frustra
351 1215 476 1274 temptans
490 1206 532 1259 21.
543 1211 652 1260 natando
662 1210 802 1275 periculum
812 1211 904 1260 evadit.
926 1208 968 1261 24.
977 1211 1034 1260 Pto-

112 1276 238 1325 lemaeum
254 1292 339 1342 regem
356 1279 388 1328 ad
403 1293 463 1327 suos
477 1280 610 1328 remissum
619 1279 768 1343 hostemque
777 1279 871 1329 lactum
888 1277 929 1330 28.
944 1279 1035 1330 Caesar

113 1347 254 1396 coniunctis
270 1363 326 1396 cum
341 1347 485 1396 Mithridate
500 1349 655 1414 Pergameno
670 1350 749 1414 copiis
764 1351 889 1414 profligat.
916 1347 959 1400 31.
977 1351 1034 1415 lpse

112 1431 158 1466 rex
172 1417 301 1482 mergitur.
325 1414 367 1467 34.
379 1417 475 1466 interea
483 1417 608 1468 Domitius
619 1417 735 1468 Calvinus
751 1421 777 1467 in
787 1420 865 1469 Ponto
878 1434 968 1484 parum
977 1434 1035 1484 pro·

112 1501 187 1551 spere
194 1502 249 1536 rem
258 1487 322 1551 gerit
340 1484 382 1536 42.
395 1495 419 1536 et
427 1487 551 1552 Illyricum
560 1489 631 1538 varia
643 1487 798 1551 aliquamdiu
806 1489 906 1538 fortuna
916 1490 1034 1538 iactatum

114 1556 217 1606 tandem
227 1556 321 1605 Vatinii
337 1557 429 1606 virtute
447 1553 489 1608 47.
501 1556 603 1607 Caesari
611 1559 758 1606 restituitur.
782 1554 824 1608 48.
835 1555 885 1606 Sub
896 1558 963 1607 idem
972 1564 1035 1606 tem-

112 1641 162 1691 pus
179 1627 269 1676 turbae
288 1626 313 1674 in
331 1625 452 1690 Hispania
471 1626 588 1677 ulteriore
607 1628 638 1676 ob
659 1627 813 1677 extorsiones
832 1622 911 1676 Cassii
926 1625 1035 1692 Longini

114 1703 218 1745 exortae
235 1693 277 1747 65.
292 1697 433 1745 interventu
450 1696 540 1761 Lepidi
559 1704 583 1746 et
596 1704 676 1746 morte
693 1695 773 1745 Cassii
786 1695 890 1761 paulum
905 1697 1032 1746 sedantur.

113 1761 156 1816 77.
171 1766 265 1816 Caesar
277 1779 376 1814 summa
393 1764 511 1814 felicitate
528 1766 729 1816 victcharnace
745 1764 921 1828 celerrimeque
932 1765 1031 1815 Pontico

113 1834 181 1887 bello
193 1835 307 1886 conlecto
318 1842 342 1883 et
350 1835 486 1899 provinciis
496 1836 593 1900 pacatis
602 1836 627 1885 in
637 1835 734 1884 ltaliam
743 1835 881 1885 revertitur.

144 1961 168 2018 l.
212 1956 298 2016 Bello
314 1955 524 2017 Alexandrino
540 1956 673 2018 conflato
690 1957 803 2017 Caesar
817 1956 927 2018 Rhodo
942 1965 1032 2033 atque

64 2064 100 2109 ex
112 2043 207 2124 Syria
219 2040 384 2115 Ciliciaque
398 2057 518 2101 omnem
534 2045 664 2102 classem
680 2043 825 2111 arcessit;
840 2043 928 2102 Creta
942 2042 1029 2117 sagit·

64 2132 167 2203 tarios
184 2126 303 2201 equites
321 2126 358 2184 ab
373 2141 446 2200 rege
460 2126 683 2187 Nabataeorum
696 2126 816 2186 Malcho
833 2120 957 2197 euocat3
972 2133 1032 2187 tor-

64 2222 164 2277 menta
184 2210 321 2283 undique
342 2211 480 2284 conquiri
502 2218 532 2271 et
545 2213 727 2271 frumentum
741 2211 830 2283 mitti,
853 2212 966 2272 auxilia
980 2213 1020 2271 ad

64 2300 132 2362 duci
149 2295 240 2357 iubet.
266 2293 388 2352 Interim
403 2296 587 2355 munitiones
604 2297 714 2357 cotidie
730 2295 873 2370 operibns
886 2303 1033 2370 augentur

64 2393 155 2460 etque
167 2394 273 2441 omnes
287 2379 392 2452 oppidi
405 2388 518 2453 partes,
531 2397 609 2454 quae
620 2382 720 2440 minus
733 2397 805 2441 esse
816 2379 1032 2440 firmaeviden-

64 2480 122 2544 tur,
149 2462 352 2527 testudinibus
374 2479 410 2522 ac
430 2465 577 2524 musculis
597 2471 798 2540 temptantum
829 2481 868 2523 ex
886 2463 1033 2524 aedificiis
1122 2530 1126 2539 ,

64 2562 163 2616 nutem
177 2565 234 2626 per
248 2547 397 2608 foramina
410 2548 440 2606 in
457 2549 597 2623 proxima
612 2551 751 2610 aedificia
761 2549 870 2609 arietes
882 2548 1032 2608 inmittun-

64 2648 116 2712 tur‚
141 2641 348 2713 quantumque
363 2639 415 2692 aut
428 2634 524 2693 ruinis
541 2634 667 2695 deicitur
682 2642 732 2695 aut
746 2648 801 2709 per
815 2634 876 2692 viru
890 2633 1033 2708 recipitur

64 2725 129 2796 loci,
143 2724 173 2781 in
186 2725 300 2779 tantum
310 2718 493 2778 munitiones
505 2720 708 2793 proferuntur.
730 2719 804 2777 Nam
816 2718 956 2777 incendio
969 2717 1033 2777 lere

64 2815 124 2870 tuta
145 2810 194 2866 est
207 2802 409 2876 Alexandria,
432 2805 516 2878 quod
537 2804 604 2865 sine
618 2802 841 2878 contignatione
858 2818 893 2862 ac
907 2800 1032 2862 materia

64 2899 132 2955 sunt
147 2887 288 2952 aedilicia
300 2892 329 2944 et
340 2890 500 2949 structuris
513 2905 548 2948 ac
560 2888 725 2949 fornicibus
738 2887 929 2948 continentur
940 2891 1031 2945 tecta-

64 2993 121 3054 que
134 2979 206 3037 sunt
216 2971 327 3032 rudere
339 2980 391 3032 aut
401 2973 591 3046 pavimentis.
615 2973 727 3033 Caesar
737 2971 867 3030 maxime
880 2969 1030 3044 studebat,

64 3069 107 3138 ut,
132 3074 222 3136 quam
245 3057 493 3131 angustissimam
514 3062 630 3131 partem
645 3057 751 3132 oppidi
767 3056 856 3131 palus
872 3072 890 3114 a
904 3053 1031 3114 meridie

64 3146 217 3209 interiecta
232 3142 396 3213 efficiebat,
418 3141 498 3201 banc
514 3141 658 3215 operibus
675 3141 834 3215 vineisque
849 3139 975 3214 agendis
992 3139 1030 3199 ab

64 3232 179 3308 reliqua
199 3232 287 3303 parte
308 3225 393 3284 urbis
409 3226 598 3296 excluderet,
621 3225 695 3286 illud
710 3231 870 3300 spectans,
890 3223 1029 3299 primum,

64 3322 102 3391 nt,
123 3331 192 3376 cum
207 3312 240 3372 in
255 3310 333 3369 duas
348 3318 450 3384 partes
467 3316 550 3370 esset
563 3311 637 3371 urbs
653 3311 760 3385 divisa,
783 3308 865 3370 acies
879 3324 940 3369 uno
957 3324 1029 3369 con·

64 3399 128 3468 tilio
142 3405 238 3480 etque
252 3393 379 3472 imperio
394 3395 664 3477 administraretur,
679 3395 805 3473 deinde,
823 3390 1043 3456 utidourautx·

64 3676 102 3724 aba
