2272 4176
73 379 134 443 218
385 381 435 440 DE
459 379 581 440 autito
604 382 718 442 CIVILl

68 552 134 596 rum
159 535 293 597 omnimo
317 550 418 597 rerum
444 536 605 597 facultates
630 537 971 620 sineullopericul01

69 621 186 682 Ilerdae
218 621 387 697 praebebat
416 628 447 681 et
471 622 540 682 loca
563 628 648 683 trans
674 620 792 684 flumen
816 624 952 704 integra,

70 707 195 767 omnino
211 707 324 767 Caesar
339 706 424 766 adire
438 721 500 766 non
515 713 643 783 poterat.

151 791 184 852 L.
205 791 270 851 Hae
290 798 523 865 permanserunt
537 807 635 868 aquae
650 792 717 853 dies
733 794 920 869 complures.
948 796 970 857 C

68 883 116 937 tus
132 883 180 937 est
193 875 305 936 Caesar
319 875 446 936 reficere
460 885 587 951 pontes=
603 878 661 937 sed
675 893 733 937 nec
748 879 928 954 magnitudo
944 880 971 941 tlt

68 962 115 1021 nis
129 961 321 1037 permittebat
340 975 442 1035 neque
462 962 503 1020 ad
524 962 620 1036 ripam
642 962 814 1037 dispositae
830 964 971 1026 cohortes

66 1046 272 1107 versariorum
287 1044 393 1119 perfici
407 1046 616 1119 patiebantur;
634 1047 717 1122 quod
729 1048 789 1107 illis
801 1049 968 1122 prohibere

67 1131 155 1191 facile
163 1146 231 1190 cum
239 1130 336 1205 ipsius
344 1128 478 1189 fluminis
490 1137 598 1190 natura
609 1139 701 1205 atque
711 1147 811 1207 aquae
823 1135 971 1208 magnitut

67 1224 129 1277 tum
150 1215 234 1291 quod
255 1230 295 1273 ex
314 1214 385 1274 totis
407 1215 483 1289 ripis
498 1216 635 1277 inunum
652 1224 744 1292 atque
760 1225 928 1292 angustum
942 1221 971 1279 lo

65 1302 126 1360 tela
145 1298 349 1369 iaciebantur;
378 1305 470 1373 etque
491 1306 556 1359 erat
578 1300 701 1360 difficile
716 1301 827 1362 eodem
840 1310 971 1378 tempore

67 1383 225 1460 pidissimo
241 1382 365 1442 flumine
380 1397 476 1458 opere
490 1385 641 1458 perlicere
656 1390 686 1444 et
699 1387 760 1445 tela
772 1386 880 1446 vitare.

147 1468 194 1527 Ll.
230 1467 388 1529 Nuntiatur
401 1469 527 1529 Afranio
544 1484 672 1543 magnos
689 1479 893 1549 commeatum
923 1477 971 1550 qui

66 1551 217 1613 habebant
230 1553 269 1612 ad
285 1551 461 1628 Caesarem,
484 1553 524 1612 ad
539 1553 652 1613 llumen
668 1555 855 1616 constitisse.
884 1560 971 1620 Vane

31 1666 35 1672 ·
65 1653 102 1698 eo
117 1637 264 1713 sagittarii
279 1653 318 1697 ex
331 1636 468 1711 Rutenis
484 1638 602 1713 equites
619 1654 659 1697 ex
672 1639 768 1700 Gallia
779 1656 849 1701 curn
860 1646 963 1705 multis

65 1722 107 1783 ris
122 1723 305 1798 magnisque
318 1722 558 1797 impedimentis,
583 1729 617 1783 ut
631 1724 690 1784 lert
705 1724 821 1785 Gallica
835 1737 971 1791 consuet

65 1808 157 1869 Erant
170 1815 330 1883 praeterea
345 1807 494 1881 cuiusque
508 1809 630 1882 generis
645 1807 801 1870 hominurn
821 1813 907 1873 milia
923 1816 971 1874 cin

65 1909 204 1954 sexeum
220 1893 318 1953 servis
333 1892 514 1965 liberisque;
542 1892 598 1951 sed
613 1893 714 1953 nullus
736 1895 827 1971 ordo,
855 1902 971 1960 nullum

66 1978 182 2054 perium
197 1986 325 2050 certum,
347 1993 416 2036 oum
431 1993 487 2037 suo
504 1977 635 2052 quisque
652 1979 779 2040 consilio
794 1986 934 2043 uteretur
949 1995 971 2044 at

66 2078 171 2126 omnes
187 2063 254 2123 sine
267 2063 374 2121 timore
388 2063 445 2122 iter
459 2062 609 2135 lacerent,
635 2063 683 2121 usi
705 2066 900 2139 superiorum
922 2077 971 2130 ten

65 2166 131 2210 rum
147 2156 237 2224 atque
262 2148 402 2207 itinerum
427 2147 555 2206 lieentia.
597 2146 691 2207 Erant
716 2151 891 2223 complures
918 2153 971 2215 hor

66 2234 294 2305 adulescentes,
322 2237 498 2290 senatorum
512 2230 565 2290 filii
580 2238 609 2290 et
624 2232 739 2292 ordinis
755 2237 928 2307 equestris3
955 2258 970 2297 e

66 2317 231 2391 legationes
253 2316 422 2385 civitatum;
448 2322 534 2373 erant
555 2316 645 2390 legati
662 2315 815 2378 Caesaris.
847 2320 914 2381 llos
932 2340 970 2381 ou

65 2401 190 2461 ilumina
214 2401 416 2460 continebant.
455 2399 504 2457 Ad
530 2400 587 2459 laos
614 2402 833 2476 opprimendos
860 2420 931 2466 oum
957 2424 971 2467 o

64 2486 200 2562 equitatu
215 2485 374 2559 tribusque
389 2482 560 2558 legionibus
574 2485 720 2546 Afranius
741 2488 779 2546 de
802 2496 893 2549 nocte
913 2509 970 2566 pro

64 2571 157 2631 scitur
182 2569 443 2644 inprudentesque
458 2573 527 2626 ante
548 2569 651 2629 missis
673 2572 825 2645 equitibus
849 2575 971 2649 adgred.

65 2655 207 2715 Celeriter
221 2669 292 2713 sese
306 2653 491 2713 tamenGalli
507 2654 625 2727 equites
641 2657 808 2729 expediunt
822 2661 971 2733 proelium

66 2741 259 2801 committunt.
289 2739 327 2811 li,
344 2738 415 2796 dum
429 2738 497 2813 pari
513 2739 676 2798 certamine
690 2756 741 2800 res
757 2743 821 2815 geri
835 2746 951 2820 potuit,

63 2842 156 2901 gnum
170 2824 302 2885 hostium
317 2838 474 2882 numerum
488 2824 579 2898 pauci
595 2824 784 2895 sustinuere3
800 2829 866 2901 sed,
881 2830 935 2888 ubi
949 2831 971 2889 si

65 2912 216 2986 legionum
232 2908 479 2984 appropinquare
495 2915 674 2982 coeperunt,
700 2912 807 2984 paucis
824 2914 948 2973 amissis
964 2932 971 2973 r

64 2996 91 3054 in
108 2997 264 3072 proximos
279 2998 398 3052 montes
420 2995 588 3053 conserunt.
617 2993 683 3052 Hoc
699 3011 820 3068 pugnae
836 3003 958 3072 tempus

63 3098 155 3158 gnum
174 3079 271 3140 attulit
291 3077 404 3137 nostris
426 3079 465 3137 ad
486 3079 614 3137 salutem
629 3087 828 3139 momentum:
853 3085 971 3143 nactis

64 3166 194 3242 spatium
209 3178 243 3223 se
258 3163 288 3221 in
304 3164 373 3221 loca
386 3163 547 3237 superiora
561 3171 751 3239 receperunt.
774 3166 946 3227 Desiderati
963 3186 971 3228 ε

63 3266 100 3312 eo
116 3251 165 3311 die
181 3246 324 3323 sagittarii
340 3246 457 3307 circiter
472 3264 513 3321 cc,
530 3248 648 3323 equites
666 3249 769 3324 pauci,
787 3252 928 3311 calonum
943 3261 971 3312 at

64 3335 345 3412 impedimentorum
357 3350 417 3393 non
429 3352 557 3407 magnus
570 3353 723 3396 numerus.

146 3421 205 3479 Lll.
227 3418 281 3476 His
303 3423 402 3475 tamen
425 3417 564 3477 omnibus
587 3435 709 3478 annona
731 3421 842 3487 crevit;
874 3432 971 3492 quael

64 3521 112 3567 res
127 3522 189 3565 non
205 3503 302 3563 solum
317 3501 420 3576 inopia
435 3503 615 3577 praesentis
631 3503 687 3563 sed
702 3504 792 3562 etiam
808 3506 899 3565 futuri
914 3512 971 3565 tem

62 3591 105 3651 ris
126 3591 233 3650 timore
253 3587 466 3660 ingravescere
487 3587 654 3647 consuevit.
684 3587 810 3663 lamque
835 3591 874 3648 ad
887 3591 971 3648 denar

62 3676 124 3737 tiu
139 3675 274 3749 singulos
289 3672 409 3733 modios
424 3687 546 3731 annona
556 3678 745 3747 pervenerat,
762 3681 791 3733 et
801 3676 926 3737 militum
947 3677 971 3734 tn
