2272 4176
403 198 562 261 BELLUM
575 198 755 261 malcan.
1001 194 1065 262 395

87 352 162 415 dato
184 368 269 430 equo
291 354 426 415 admisso
447 353 477 412 in
498 352 619 414 hostem
640 360 745 413 contra
764 352 918 428 principes
933 354 976 413 irc
991 370 1061 414 con-

87 438 195 499 tendit
227 440 258 498 A
278 439 385 501 dextro
408 439 525 499 interim
547 454 643 498 cornu
667 438 836 498 funditores
859 440 1064 513 sagittariique

87 522 213 583 concita
227 524 291 583 tela
304 524 334 582 in
352 524 530 599 elephantos
547 524 724 597 frequentes
739 523 873 582 iniciunt.
904 523 968 597 Quo
983 525 1063 583 facto

87 606 1063 682 bestiaestridorelundarumlapidumqueperterritaesesecon·

88 698 213 750 vertere
231 698 261 751 et
281 708 356 752 suos
372 702 443 768 post
458 707 492 751 se
507 694 681 767 frequentes
697 692 891 766 stipatusque
907 701 1063 767 proterere

88 776 163 835 etin
179 783 287 849 portas
295 777 548 837 vallisemllaetas
564 791 654 836 ruere
669 777 863 836 contendunt.
880 778 952 836 ltern
967 776 1064 836 Mauri

87 860 226 934 equiteS,
255 861 357 934 quiin
379 861 487 920 eodem
504 877 600 920 cornu
614 860 782 934 elephantis
798 869 882 921 erant
898 862 1062 935 praesidio,

87 943 204 1004 deserti
228 944 382 1019 principes
404 945 530 1018 fugiunt.
561 945 605 1002 lta
626 946 764 1003 celeriter
779 945 883 1004 bestiis
900 946 1063 1005 circumitis

87 1029 227 1102 legiones
245 1030 323 1088 vallo
339 1028 473 1089 hostium
488 1035 559 1088 sunt
573 1030 701 1103 potitae,
725 1037 754 1088 et
771 1030 876 1102 paucis
892 1031 1001 1088 acriter
1015 1046 1062 1089 re·

87 1112 297 1186 pugnantibus
327 1113 556 1187 interfectisque
584 1113 693 1186 reliqui
723 1115 863 1174 concitati
892 1114 922 1172 ln
952 1123 1060 1188 castra,

86 1197 170 1256 unde
187 1196 285 1270 pridie
301 1204 388 1257 erant
402 1198 529 1271 egressi,
547 1197 733 1270 confugiunt.

170 1280 331 1339 LXXXIV.
373 1281 439 1341 Non
461 1282 673 1341 videturesse
698 1283 997 1355 praetermittendum
1023 1283 1061 1344 de

86 1365 197 1424 virtute
219 1364 322 1424 militis
342 1366 478 1425 veterani
495 1366 616 1439 quintae
633 1366 772 1439 legionis.
801 1366 875 1425 Nam
891 1384 959 1426 cum
974 1370 1003 1425 in
1020 1368 1059 1427 si·

86 1450 184 1509 nistro
210 1465 307 1509 cornu
328 1450 475 1524 elephans
490 1452 617 1508 vulnere
631 1450 710 1509 ictus
725 1457 755 1508 et
770 1450 875 1510 dolore
891 1453 1060 1513 concitatus

85 1533 115 1592 in
136 1533 232 1592 lixam
253 1535 399 1593 inermem
420 1536 564 1609 impetum
589 1534 715 1593 fecisset
742 1549 873 1609 eumque
898 1536 956 1594 snb
983 1538 1061 1608 pede

86 1618 242 1677 subditum
269 1619 339 1677 dein
363 1634 444 1693 genu
477 1612 599 1677 innixus
624 1619 762 1692 pondere
792 1635 848 1678 suo
874 1619 1060 1693 proboscide

87 1708 190 1761 erecta
207 1702 401 1777 vibrantique
423 1703 555 1763 stridore
569 1702 701 1761 maximo
719 1710 869 1776 premeret
883 1712 975 1778 atque
990 1720 1063 1762 ene-

87 1793 186 1859 caret,
202 1787 290 1846 miles
306 1786 431 1847 hicnon
447 1788 546 1862 potnit
561 1787 637 1861 pati,
655 1788 728 1861 quin
743 1802 778 1845 se
794 1796 927 1847 armatus
944 1778 1061 1848 bestiae

85 1869 218 1930 offerret.
247 1870 343 1943 Quem
358 1879 523 1946 postquam
539 1868 687 1944 elephans
701 1871 741 1928 ad
757 1886 790 1929 se
806 1874 865 1931 telo
881 1873 992 1931 infesto
1008 1887 1059 1930 ve-

85 1955 393 2026 nireanimadlertit,
420 1957 525 2015 relicto
552 1955 702 2013 cadavere
727 1955 849 2014 militem
874 1956 1057 2030 proboscide

86 2038 254 2097 circumdat
270 2047 361 2113 atque
373 2040 403 2097 in
418 2041 547 2099 sublime
562 2040 679 2098 extollit
694 2048 849 2098 armatum.
865 2040 920 2112 Qut
937 2041 965 2097 in
978 2043 1056 2099 eius·

85 2122 167 2181 modi
183 2123 320 2196 periculo
339 2140 406 2183 cum
422 2131 596 2183 constanter
611 2124 760 2196 agendum
776 2125 834 2183 sibi
848 2126 980 2198 rideret,
996 2129 1047 2200 gla
1112 2184 1116 2189 .

85 2206 135 2266 dio
150 2205 385 2280 proboscidem,
415 2225 476 2283 qua
492 2217 556 2268 erat
570 2208 791 2280 circumdatus,
818 2209 946 2267 caedere
963 2226 1055 2283 quan-

85 2299 145 2350 tum
170 2289 285 2349 viribus
308 2298 427 2364 poterat
447 2310 507 2353 non
530 2292 652 2352 destitit:
689 2292 754 2366 Quo
778 2293 883 2352 dolore
906 2294 1056 2354 adductus

84 2373 233 2447 elephans
255 2374 348 2433 milite
368 2375 486 2437 abiecto
506 2377 637 2436 maximo
661 2392 729 2435 cnm
751 2378 881 2438 stridore
903 2394 1053 2453 cursuque

85 2473 256 2518 conversus
273 2458 312 2516 ad
326 2460 460 2534 reliquas
476 2461 592 2520 bestias
608 2476 642 2521 se
658 2462 784 2534 recepit.

168 2541 312 2600 LXXXV.
335 2544 456 2603 Interim
471 2545 593 2619 Thapso
610 2546 661 2619 qui
677 2553 763 2603 erant
778 2545 932 2619 praesidio
945 2560 984 2603 ex
1003 2562 1058 2620 op-

84 2626 156 2700 pido
179 2626 371 2699 eruptionem
386 2636 474 2701 porta
489 2630 648 2688 marituma
663 2629 777 2688 faciunt
792 2636 835 2699 et,
865 2629 931 2687 sive
946 2637 978 2688 ut
992 2630 1057 2690 suis

83 2710 224 2770 subsidio
242 2720 450 2785 occurrerent,
477 2714 542 2772 siue
563 2720 596 2771 ut
617 2713 731 2786 oppido
749 2714 872 2771 deserto
889 2716 961 2786 fuga
975 2715 1056 2774 salu-

83 2800 142 2853 tem
158 2794 217 2853 sibi
234 2803 389 2868 parerent,
416 2797 611 2870 egrediuntur
625 2806 716 2870 atque
737 2798 777 2855 ita
793 2813 848 2871 per
863 2813 945 2855 mare
961 2798 1056 2855 umbi·

82 2878 130 2937 lici
147 2878 208 2937 fine
224 2878 356 2952 ingressi
371 2889 481 2939 terram
497 2880 649 2956 petebant.
678 2881 769 2953 Quia
789 2881 920 2940 servitiis
938 2882 1055 2955 pneris·

82 2978 150 3037 que,
172 2962 270 3037 quiin
287 2964 394 3023 castris
411 2974 504 3037 erant,
521 2964 674 3039 lapidibus
690 2965 823 3040 pilisque
839 2965 981 3039 prohibiti
996 2973 1055 3026 ter·

81 3063 145 3105 ram
162 3047 313 3120 attingere
333 3065 441 3109 rursus
457 3050 488 3108 in
504 3049 650 3125 oppidum
666 3064 700 3108 se
715 3057 906 3123 receperunt.
935 3050 1055 3109 iuterim

81 3128 237 3205 Scipionis
254 3131 350 3205 copiis
366 3135 527 3206 prostratis
543 3133 722 3208 passimque
736 3141 798 3193 toto
815 3150 923 3208 campo
939 3135 1054 3209 fugien·
1131 3174 1135 3181 -

81 3215 168 3275 libus'
184 3216 345 3275 confestim
368 3217 508 3277 Caesaris
531 3217 669 3291 legiones
691 3219 840 3293 consequi
861 3219 1054 3294 spatiumque

80 3315 114 3359 se
130 3316 194 3359 non
211 3300 285 3358 dare
301 3301 472 3375 colligendi.
490 3302 546 3376 Qui
561 3308 727 3376 postquam
743 3303 782 3361 ad
797 3318 834 3361 ea
848 3312 957 3375 castra,
974 3319 1053 3379 quae

79 3384 236 3458 petebant,
252 3385 466 3460 perfugerant,
481 3394 514 3447 ut
527 3386 651 3447 refectis
668 3387 776 3447 eastris
790 3404 899 3448 rursus
915 3404 986 3449 sese
1000 3390 1051 3447 de-

77 3467 243 3531 fenderent
255 3468 426 3549 ducemque
441 3473 573 3551 aliquem
585 3472 795 3557 requirerent,
815 3475 1065 3557 quemrespice
