<?xml version="1.0" encoding="UTF-8"?>
<!DOCTYPE html PUBLIC "-//W3C//DTD XHTML 1.0 Transitional//EN"
    "http://www.w3.org/TR/xhtml1/DTD/xhtml1-transitional.dtd">
<html xmlns="http://www.w3.org/1999/xhtml" xml:lang="en" lang="en">
 <head>
  <title>
</title>
<meta http-equiv="Content-Type" content="text/html;charset=utf-8" />
  <meta name='ocr-system' content='tesseract 3.04.00' />
  <meta name='ocr-capabilities' content='ocr_page ocr_carea ocr_par ocr_line ocrx_word'/>
</head>
<body>
  <div class='ocr_page' id='page_1' title='image "./commentarii00caesgoog_0342.png"; bbox 0 0 2272 4176; ppageno 0'>
   <div class='ocr_carea' id='block_1_1' title="bbox 10 39 1034 201">
    <p class='ocr_par' dir='ltr' id='par_1_1' title="bbox 10 39 1034 201">
     <span class='ocr_line' id='line_1_1' title="bbox 10 39 1034 201; baseline 0.004 -5"><span class='ocrx_word' id='word_1_1' title='bbox 10 39 46 123; x_wconf 39' lang='grc' dir='ltr'>ἓ</span> <span class='ocrx_word' id='word_1_2' title='bbox 151 110 212 163; x_wconf 89' lang='grc'>’-</span> <span class='ocrx_word' id='word_1_3' title='bbox 295 134 455 197; x_wconf 76' lang='lat' dir='ltr'>aarum</span> <span class='ocrx_word' id='word_1_4' title='bbox 474 136 794 200; x_wconf 74' lang='lat' dir='ltr'>mumnnnmuu.</span> <span class='ocrx_word' id='word_1_5' title='bbox 968 136 1034 201; x_wconf 81' lang='lat' dir='ltr'>aaa</span> 
     </span>
    </p>
   </div>
   <div class='ocr_carea' id='block_1_2' title="bbox 55 288 1034 1550">
    <p class='ocr_par' dir='ltr' id='par_1_2' title="bbox 55 288 1034 1550">
     <span class='ocr_line' id='line_1_2' title="bbox 56 288 1033 370; baseline 0.002 -17"><span class='ocrx_word' id='word_1_6' title='bbox 56 288 181 353; x_wconf 69' lang='lat' dir='ltr'>meineri</span> <span class='ocrx_word' id='word_1_7' title='bbox 205 303 303 365; x_wconf 90' lang='lat' dir='ltr'>posse</span> <span class='ocrx_word' id='word_1_8' title='bbox 327 288 478 348; x_wconf 86' lang='lat' dir='ltr'>credebat.</span> <span class='ocrx_word' id='word_1_9' title='bbox 508 288 768 363; x_wconf 83' lang='lat' dir='ltr'>Quemadmodum</span> <span class='ocrx_word' id='word_1_10' title='bbox 788 297 888 353; x_wconf 90' lang='lat' dir='ltr'>autem</span> <span class='ocrx_word' id='word_1_11' title='bbox 909 293 1033 370; x_wconf 88' lang='lat' dir='ltr'>optabat</span> 
     </span>
     <span class='ocr_line' id='line_1_3' title="bbox 55 373 1033 449; baseline 0.001 -12"><span class='ocrx_word' id='word_1_12' title='bbox 55 390 128 437; x_wconf 92' lang='lat' dir='ltr'>eum</span> <span class='ocrx_word' id='word_1_13' title='bbox 141 373 241 449; x_wconf 89' lang='lat' dir='ltr'>vinci,</span> <span class='ocrx_word' id='word_1_14' title='bbox 267 374 314 433; x_wconf 91' lang='lat' dir='ltr'>sio</span> <span class='ocrx_word' id='word_1_15' title='bbox 327 373 402 434; x_wconf 90' lang='lat' dir='ltr'>satis</span> <span class='ocrx_word' id='word_1_16' title='bbox 422 373 555 434; x_wconf 89' lang='lat' dir='ltr'>habebat</span> <span class='ocrx_word' id='word_1_17' title='bbox 575 377 773 436; x_wconf 82' lang='lat' dir='ltr'>interclusum</span> <span class='ocrx_word' id='word_1_18' title='bbox 787 393 806 436; x_wconf 94' lang='lat' dir='ltr'>a</span> <span class='ocrx_word' id='word_1_19' title='bbox 820 377 950 437; x_wconf 85' lang='lat' dir='ltr'>caesare</span> <span class='ocrx_word' id='word_1_20' title='bbox 964 394 984 438; x_wconf 93' lang='lat' dir='ltr'>a</span> <span class='ocrx_word' id='word_1_21' title='bbox 997 393 1033 439; x_wconf 82' lang='lat' dir='ltr'>se</span> 
     </span>
     <span class='ocr_line' id='line_1_4' title="bbox 55 457 1031 533; baseline 0.003 -13"><span class='ocrx_word' id='word_1_22' title='bbox 55 459 191 521; x_wconf 85' lang='lat' dir='ltr'>retiaeri.</span> <span class='ocrx_word' id='word_1_23' title='bbox 207 458 292 532; x_wconf 82' lang='lat' dir='ltr'>Quae</span> <span class='ocrx_word' id='word_1_24' title='bbox 302 458 418 533; x_wconf 83' lang='lat' dir='ltr'>primae</span> <span class='ocrx_word' id='word_1_25' title='bbox 429 458 539 533; x_wconf 89' lang='lat' dir='ltr'>copiae</span> <span class='ocrx_word' id='word_1_26' title='bbox 550 457 663 519; x_wconf 87' lang='lat' dir='ltr'>flumen</span> <span class='ocrx_word' id='word_1_27' title='bbox 676 462 788 521; x_wconf 89' lang='lat' dir='ltr'>aDelta</span> <span class='ocrx_word' id='word_1_28' title='bbox 797 463 928 522; x_wconf 79' lang='lat' dir='ltr'>transtra</span> <span class='ocrx_word' id='word_1_29' title='bbox 941 463 1031 523; x_wconf 89' lang='lat' dir='ltr'>etMi·</span> 
     </span>
     <span class='ocr_line' id='line_1_5' title="bbox 55 544 1031 619; baseline 0.003 -15"><span class='ocrx_word' id='word_1_30' title='bbox 55 544 180 605; x_wconf 88' lang='lat' dir='ltr'>thridati</span> <span class='ocrx_word' id='word_1_31' title='bbox 203 557 364 604; x_wconf 89' lang='lat' dir='ltr'>occurrere</span> <span class='ocrx_word' id='word_1_32' title='bbox 384 548 562 619; x_wconf 87' lang='lat' dir='ltr'>patuerunt,</span> <span class='ocrx_word' id='word_1_33' title='bbox 584 545 734 619; x_wconf 89' lang='lat' dir='ltr'>proelium</span> <span class='ocrx_word' id='word_1_34' title='bbox 758 547 975 607; x_wconf 89' lang='lat' dir='ltr'>commiserunt</span> <span class='ocrx_word' id='word_1_35' title='bbox 988 549 1031 607; x_wconf 85' lang='lat' dir='ltr'>ie·</span> 
     </span>
     <span class='ocr_line' id='line_1_6' title="bbox 56 628 1031 704; baseline -0.001 -14"><span class='ocrx_word' id='word_1_36' title='bbox 56 629 207 690; x_wconf 87' lang='lat' dir='ltr'>stinantes</span> <span class='ocrx_word' id='word_1_37' title='bbox 224 628 400 704; x_wconf 85' lang='lat' dir='ltr'>praeripere</span> <span class='ocrx_word' id='word_1_38' title='bbox 415 628 675 704; x_wconf 85' lang='lat' dir='ltr'>subsequentibus</span> <span class='ocrx_word' id='word_1_39' title='bbox 686 630 833 690; x_wconf 84' lang='lat' dir='ltr'>virtoriae</span> <span class='ocrx_word' id='word_1_40' title='bbox 845 632 1031 692; x_wconf 88' lang='lat' dir='ltr'>societatem.</span> 
     </span>
     <span class='ocr_line' id='line_1_7' title="bbox 57 712 1034 791; baseline 0.002 -16"><span class='ocrx_word' id='word_1_41' title='bbox 57 713 194 789; x_wconf 79' lang='lat' dir='ltr'>Quorum</span> <span class='ocrx_word' id='word_1_42' title='bbox 215 714 359 788; x_wconf 88' lang='lat' dir='ltr'>impetum</span> <span class='ocrx_word' id='word_1_43' title='bbox 379 712 567 773; x_wconf 79' lang='lat' dir='ltr'>Mithridates</span> <span class='ocrx_word' id='word_1_44' title='bbox 588 729 699 788; x_wconf 79' lang='lat' dir='ltr'>aragne</span> <span class='ocrx_word' id='word_1_45' title='bbox 715 730 783 774; x_wconf 82' lang='lat' dir='ltr'>eum</span> <span class='ocrx_word' id='word_1_46' title='bbox 808 716 971 791; x_wconf 88' lang='lat' dir='ltr'>prudentia</span> <span class='ocrx_word' id='word_1_47' title='bbox 996 732 1034 777; x_wconf 91' lang='lat' dir='ltr'>ac</span> 
     </span>
     <span class='ocr_line' id='line_1_8' title="bbox 57 796 1033 877; baseline 0 -17"><span class='ocrx_word' id='word_1_48' title='bbox 57 798 246 872; x_wconf 89' lang='lat' dir='ltr'>constantia,</span> <span class='ocrx_word' id='word_1_49' title='bbox 268 812 348 872; x_wconf 91' lang='lat' dir='ltr'>quae</span> <span class='ocrx_word' id='word_1_50' title='bbox 362 796 487 857; x_wconf 90' lang='lat' dir='ltr'>militum</span> <span class='ocrx_word' id='word_1_51' title='bbox 509 805 557 858; x_wconf 90' lang='lat' dir='ltr'>est</span> <span class='ocrx_word' id='word_1_52' title='bbox 569 798 847 860; x_wconf 87' lang='lat' dir='ltr'>Alexandrinorum</span> <span class='ocrx_word' id='word_1_53' title='bbox 867 801 1033 877; x_wconf 91' lang='lat' dir='ltr'>inpruden-</span> 
     </span>
     <span class='ocr_line' id='line_1_9' title="bbox 57 882 1034 959; baseline 0.002 -16"><span class='ocrx_word' id='word_1_54' title='bbox 57 884 106 959; x_wconf 88' lang='lat' dir='ltr'>tia,</span> <span class='ocrx_word' id='word_1_55' title='bbox 130 882 355 943; x_wconf 89' lang='lat' dir='ltr'>consuetudine</span> <span class='ocrx_word' id='word_1_56' title='bbox 377 888 483 942; x_wconf 89' lang='lat' dir='ltr'>nostra</span> <span class='ocrx_word' id='word_1_57' title='bbox 497 882 606 943; x_wconf 86' lang='lat' dir='ltr'>castris</span> <span class='ocrx_word' id='word_1_58' title='bbox 633 884 752 943; x_wconf 88' lang='lat' dir='ltr'>vallatis</span> <span class='ocrx_word' id='word_1_59' title='bbox 778 886 935 945; x_wconf 83' lang='lat' dir='ltr'>sustinuit=</span> <span class='ocrx_word' id='word_1_60' title='bbox 964 901 1034 945; x_wconf 92' lang='lat' dir='ltr'>cum</span> 
     </span>
     <span class='ocr_line' id='line_1_10' title="bbox 57 967 1032 1041; baseline 0.001 -14"><span class='ocrx_word' id='word_1_61' title='bbox 57 983 132 1028; x_wconf 91' lang='lat' dir='ltr'>vero</span> <span class='ocrx_word' id='word_1_62' title='bbox 156 968 279 1026; x_wconf 85' lang='lat' dir='ltr'>incaute</span> <span class='ocrx_word' id='word_1_63' title='bbox 301 973 393 1041; x_wconf 91' lang='lat' dir='ltr'>atque</span> <span class='ocrx_word' id='word_1_64' title='bbox 414 967 581 1028; x_wconf 87' lang='lat' dir='ltr'>insolenter</span> <span class='ocrx_word' id='word_1_65' title='bbox 602 969 770 1028; x_wconf 81' lang='lat' dir='ltr'>succedere</span> <span class='ocrx_word' id='word_1_66' title='bbox 791 985 845 1030; x_wconf 90' lang='lat' dir='ltr'>eos</span> <span class='ocrx_word' id='word_1_67' title='bbox 861 970 1032 1031; x_wconf 89' lang='lat' dir='ltr'>munitioni·</span> 
     </span>
     <span class='ocr_line' id='line_1_11' title="bbox 57 1050 1033 1128; baseline 0.003 -16"><span class='ocrx_word' id='word_1_68' title='bbox 57 1052 115 1112; x_wconf 90' lang='lat' dir='ltr'>bus</span> <span class='ocrx_word' id='word_1_69' title='bbox 128 1052 264 1126; x_wconf 88' lang='lat' dir='ltr'>videret,</span> <span class='ocrx_word' id='word_1_70' title='bbox 291 1050 450 1126; x_wconf 85' lang='lat' dir='ltr'>eruptione</span> <span class='ocrx_word' id='word_1_71' title='bbox 470 1052 607 1127; x_wconf 90' lang='lat' dir='ltr'>undique</span> <span class='ocrx_word' id='word_1_72' title='bbox 620 1054 703 1111; x_wconf 87' lang='lat' dir='ltr'>lacta</span> <span class='ocrx_word' id='word_1_73' title='bbox 716 1069 859 1128; x_wconf 88' lang='lat' dir='ltr'>magnmn</span> <span class='ocrx_word' id='word_1_74' title='bbox 875 1071 1033 1115; x_wconf 90' lang='lat' dir='ltr'>numerum</span> 
     </span>
     <span class='ocr_line' id='line_1_12' title="bbox 58 1135 1034 1215; baseline 0.002 -18"><span class='ocrx_word' id='word_1_75' title='bbox 58 1152 165 1197; x_wconf 91' lang='lat' dir='ltr'>eorum</span> <span class='ocrx_word' id='word_1_76' title='bbox 190 1135 350 1195; x_wconf 86' lang='lat' dir='ltr'>interfecit.</span> <span class='ocrx_word' id='word_1_77' title='bbox 380 1135 467 1209; x_wconf 81' lang='lat' dir='ltr'>Quod</span> <span class='ocrx_word' id='word_1_78' title='bbox 492 1136 550 1195; x_wconf 84' lang='lat' dir='ltr'>alsi</span> <span class='ocrx_word' id='word_1_79' title='bbox 575 1137 712 1197; x_wconf 91' lang='lat' dir='ltr'>locorum</span> <span class='ocrx_word' id='word_1_80' title='bbox 737 1139 842 1198; x_wconf 89' lang='lat' dir='ltr'>notitia</span> <span class='ocrx_word' id='word_1_81' title='bbox 866 1140 976 1215; x_wconf 90' lang='lat' dir='ltr'>reliqui</span> <span class='ocrx_word' id='word_1_82' title='bbox 998 1154 1034 1199; x_wconf 90' lang='lat' dir='ltr'>se</span> 
     </span>
     <span class='ocr_line' id='line_1_13' title="bbox 57 1221 1032 1297; baseline 0.002 -16"><span class='ocrx_word' id='word_1_83' title='bbox 57 1222 210 1282; x_wconf 89' lang='lat' dir='ltr'>texissent</span> <span class='ocrx_word' id='word_1_84' title='bbox 224 1221 396 1296; x_wconf 89' lang='lat' dir='ltr'>partimque</span> <span class='ocrx_word' id='word_1_85' title='bbox 410 1221 440 1279; x_wconf 93' lang='lat' dir='ltr'>in</span> <span class='ocrx_word' id='word_1_86' title='bbox 455 1236 566 1295; x_wconf 90' lang='lat' dir='ltr'>naves,</span> <span class='ocrx_word' id='word_1_87' title='bbox 584 1222 695 1296; x_wconf 92' lang='lat' dir='ltr'>quibus</span> <span class='ocrx_word' id='word_1_88' title='bbox 710 1221 822 1282; x_wconf 88' lang='lat' dir='ltr'>flumen</span> <span class='ocrx_word' id='word_1_89' title='bbox 839 1224 1032 1297; x_wconf 75' lang='lat' dir='ltr'>transierant,</span> 
     </span>
     <span class='ocr_line' id='line_1_14' title="bbox 57 1305 1033 1383; baseline 0.004 -19"><span class='ocrx_word' id='word_1_90' title='bbox 57 1306 260 1381; x_wconf 90' lang='lat' dir='ltr'>recepissent,</span> <span class='ocrx_word' id='word_1_91' title='bbox 276 1305 410 1365; x_wconf 82' lang='lat' dir='ltr'>funditus</span> <span class='ocrx_word' id='word_1_92' title='bbox 426 1305 516 1365; x_wconf 91' lang='lat' dir='ltr'>deleti</span> <span class='ocrx_word' id='word_1_93' title='bbox 531 1314 644 1367; x_wconf 89' lang='lat' dir='ltr'>essent.</span> <span class='ocrx_word' id='word_1_94' title='bbox 672 1306 728 1380; x_wconf 82' lang='lat' dir='ltr'>Qui</span> <span class='ocrx_word' id='word_1_95' title='bbox 742 1314 775 1367; x_wconf 93' lang='lat' dir='ltr'>ut</span> <span class='ocrx_word' id='word_1_96' title='bbox 788 1309 913 1383; x_wconf 83' lang='lat' dir='ltr'>paudum</span> <span class='ocrx_word' id='word_1_97' title='bbox 927 1308 966 1368; x_wconf 93' lang='lat' dir='ltr'>ab</span> <span class='ocrx_word' id='word_1_98' title='bbox 981 1309 1033 1369; x_wconf 92' lang='lat' dir='ltr'>illo</span> 
     </span>
     <span class='ocr_line' id='line_1_15' title="bbox 57 1390 1034 1470; baseline 0.004 -20"><span class='ocrx_word' id='word_1_99' title='bbox 57 1390 165 1451; x_wconf 89' lang='lat' dir='ltr'>timore</span> <span class='ocrx_word' id='word_1_100' title='bbox 186 1404 222 1449; x_wconf 90' lang='lat' dir='ltr'>se</span> <span class='ocrx_word' id='word_1_101' title='bbox 242 1396 433 1464; x_wconf 89' lang='lat' dir='ltr'>recrearunt,</span> <span class='ocrx_word' id='word_1_102' title='bbox 459 1391 590 1450; x_wconf 90' lang='lat' dir='ltr'>adiuncti</span> <span class='ocrx_word' id='word_1_103' title='bbox 615 1391 662 1450; x_wconf 93' lang='lat' dir='ltr'>his</span> <span class='ocrx_word' id='word_1_104' title='bbox 688 1392 740 1465; x_wconf 92' lang='lat' dir='ltr'>qui</span> <span class='ocrx_word' id='word_1_105' title='bbox 766 1393 1034 1470; x_wconf 89' lang='lat' dir='ltr'>subsequebantur</span> 
     </span>
     <span class='ocr_line' id='line_1_16' title="bbox 57 1474 759 1550; baseline -0.003 -14"><span class='ocrx_word' id='word_1_106' title='bbox 57 1491 165 1536; x_wconf 89' lang='lat' dir='ltr'>rursus</span> <span class='ocrx_word' id='word_1_107' title='bbox 182 1490 362 1550; x_wconf 83' lang='lat' dir='ltr'>oppugnare</span> <span class='ocrx_word' id='word_1_108' title='bbox 375 1474 568 1534; x_wconf 86' lang='lat' dir='ltr'>Mithridaten</span> <span class='ocrx_word' id='word_1_109' title='bbox 584 1482 759 1550; x_wconf 90' lang='lat' dir='ltr'>coeperunt.</span> 
     </span>
    </p>
   </div>
   <div class='ocr_carea' id='block_1_3' title="bbox 57 1600 1034 2015">
    <p class='ocr_par' dir='ltr' id='par_1_3' title="bbox 57 1600 1034 2015">
     <span class='ocr_line' id='line_1_17' title="bbox 140 1600 1034 1681; baseline 0.006 -20"><span class='ocrx_word' id='word_1_110' title='bbox 140 1600 275 1661; x_wconf 86' lang='lat' dir='ltr'>XXVIII.</span> <span class='ocrx_word' id='word_1_111' title='bbox 298 1600 424 1661; x_wconf 87' lang='lat' dir='ltr'>Mittitur</span> <span class='ocrx_word' id='word_1_112' title='bbox 445 1616 463 1659; x_wconf 89' lang='lat' dir='ltr'>a</span> <span class='ocrx_word' id='word_1_113' title='bbox 482 1600 654 1661; x_wconf 90' lang='lat' dir='ltr'>Mithridate</span> <span class='ocrx_word' id='word_1_114' title='bbox 676 1603 799 1663; x_wconf 90' lang='lat' dir='ltr'>nuntius</span> <span class='ocrx_word' id='word_1_115' title='bbox 815 1604 954 1679; x_wconf 84' lang='lat' dir='ltr'>Caesari,</span> <span class='ocrx_word' id='word_1_116' title='bbox 980 1603 1034 1681; x_wconf 90' lang='lat' dir='ltr'>qui</span> 
     </span>
     <span class='ocr_line' id='line_1_18' title="bbox 57 1685 1032 1760; baseline 0.004 -15"><span class='ocrx_word' id='word_1_117' title='bbox 57 1701 120 1745; x_wconf 89' lang='lat' dir='ltr'>rem</span> <span class='ocrx_word' id='word_1_118' title='bbox 135 1690 255 1760; x_wconf 88' lang='lat' dir='ltr'>gestam</span> <span class='ocrx_word' id='word_1_119' title='bbox 269 1686 428 1760; x_wconf 86' lang='lat' dir='ltr'>perferret.</span> <span class='ocrx_word' id='word_1_120' title='bbox 459 1685 625 1760; x_wconf 83' lang='lat' dir='ltr'>Cognoscit</span> <span class='ocrx_word' id='word_1_121' title='bbox 637 1704 675 1747; x_wconf 87' lang='lat' dir='ltr'>ex</span> <span class='ocrx_word' id='word_1_122' title='bbox 688 1689 753 1747; x_wconf 92' lang='lat' dir='ltr'>suis</span> <span class='ocrx_word' id='word_1_123' title='bbox 769 1689 876 1747; x_wconf 90' lang='lat' dir='ltr'>eadem</span> <span class='ocrx_word' id='word_1_124' title='bbox 891 1688 968 1748; x_wconf 89' lang='lat' dir='ltr'>haee</span> <span class='ocrx_word' id='word_1_125' title='bbox 982 1705 1032 1750; x_wconf 89' lang='lat' dir='ltr'>ae·</span> 
     </span>
     <span class='ocr_line' id='line_1_19' title="bbox 58 1770 1032 1848; baseline 0.003 -18"><span class='ocrx_word' id='word_1_126' title='bbox 58 1770 173 1831; x_wconf 90' lang='lat' dir='ltr'>cidisse</span> <span class='ocrx_word' id='word_1_127' title='bbox 187 1786 252 1829; x_wconf 90' lang='lat' dir='ltr'>rex.</span> <span class='ocrx_word' id='word_1_128' title='bbox 277 1770 323 1829; x_wconf 89' lang='lat' dir='ltr'>Ita</span> <span class='ocrx_word' id='word_1_129' title='bbox 336 1785 436 1845; x_wconf 88' lang='lat' dir='ltr'>paene</span> <span class='ocrx_word' id='word_1_130' title='bbox 457 1770 515 1829; x_wconf 91' lang='lat' dir='ltr'>sub</span> <span class='ocrx_word' id='word_1_131' title='bbox 531 1770 611 1828; x_wconf 91' lang='lat' dir='ltr'>idem</span> <span class='ocrx_word' id='word_1_132' title='bbox 625 1778 747 1846; x_wconf 90' lang='lat' dir='ltr'>tempus</span> <span class='ocrx_word' id='word_1_133' title='bbox 762 1780 793 1831; x_wconf 92' lang='lat' dir='ltr'>et</span> <span class='ocrx_word' id='word_1_134' title='bbox 805 1788 860 1831; x_wconf 85' lang='lat' dir='ltr'>rex</span> <span class='ocrx_word' id='word_1_135' title='bbox 875 1774 915 1833; x_wconf 90' lang='lat' dir='ltr'>ad</span> <span class='ocrx_word' id='word_1_136' title='bbox 930 1773 1032 1848; x_wconf 91' lang='lat' dir='ltr'>oppri-</span> 
     </span>
     <span class='ocr_line' id='line_1_20' title="bbox 57 1854 1032 1932; baseline 0.003 -18"><span class='ocrx_word' id='word_1_137' title='bbox 57 1856 202 1915; x_wconf 91' lang='lat' dir='ltr'>mendum</span> <span class='ocrx_word' id='word_1_138' title='bbox 220 1854 413 1914; x_wconf 90' lang='lat' dir='ltr'>Mithridaten</span> <span class='ocrx_word' id='word_1_139' title='bbox 434 1855 641 1930; x_wconf 79' lang='lat' dir='ltr'>proiiciScitur</span> <span class='ocrx_word' id='word_1_140' title='bbox 656 1863 687 1915; x_wconf 91' lang='lat' dir='ltr'>et</span> <span class='ocrx_word' id='word_1_141' title='bbox 702 1855 815 1915; x_wconf 85' lang='lat' dir='ltr'>Caesar</span> <span class='ocrx_word' id='word_1_142' title='bbox 830 1857 867 1916; x_wconf 89' lang='lat' dir='ltr'>ad</span> <span class='ocrx_word' id='word_1_143' title='bbox 883 1858 1032 1932; x_wconf 81' lang='lat' dir='ltr'>reprien-</span> 
     </span>
     <span class='ocr_line' id='line_1_21' title="bbox 57 1937 1033 2015; baseline 0.002 -16"><span class='ocrx_word' id='word_1_144' title='bbox 57 1941 139 1999; x_wconf 91' lang='lat' dir='ltr'>dum.</span> <span class='ocrx_word' id='word_1_145' title='bbox 171 1940 324 1999; x_wconf 83' lang='lat' dir='ltr'>celeriore</span> <span class='ocrx_word' id='word_1_146' title='bbox 338 1937 471 1998; x_wconf 88' lang='lat' dir='ltr'>fluminls</span> <span class='ocrx_word' id='word_1_147' title='bbox 486 1939 543 1998; x_wconf 91' lang='lat' dir='ltr'>Nili</span> <span class='ocrx_word' id='word_1_148' title='bbox 558 1940 751 2014; x_wconf 90' lang='lat' dir='ltr'>navigatione</span> <span class='ocrx_word' id='word_1_149' title='bbox 766 1957 820 2000; x_wconf 86' lang='lat' dir='ltr'>rex</span> <span class='ocrx_word' id='word_1_150' title='bbox 835 1947 883 2002; x_wconf 87' lang='lat' dir='ltr'>est</span> <span class='ocrx_word' id='word_1_151' title='bbox 896 1958 987 2015; x_wconf 93' lang='lat' dir='ltr'>usus,</span> <span class='ocrx_word' id='word_1_152' title='bbox 1003 1942 1033 2001; x_wconf 90' lang='lat' dir='ltr'>ln</span> 
     </span>
    </p>
   </div>
   <div class='ocr_carea' id='block_1_4' title="bbox 57 2024 1034 3031">
    <p class='ocr_par' dir='ltr' id='par_1_4' title="bbox 57 2024 1034 3031">
     <span class='ocr_line' id='line_1_22' title="bbox 57 2024 1034 2099; baseline 0.002 -15"><span class='ocrx_word' id='word_1_153' title='bbox 57 2041 118 2099; x_wconf 93' lang='lat' dir='ltr'>quo</span> <span class='ocrx_word' id='word_1_154' title='bbox 135 2040 277 2098; x_wconf 86' lang='lat' dir='ltr'>magnam</span> <span class='ocrx_word' id='word_1_155' title='bbox 292 2032 321 2084; x_wconf 91' lang='lat' dir='ltr'>et</span> <span class='ocrx_word' id='word_1_156' title='bbox 335 2032 472 2098; x_wconf 85' lang='lat' dir='ltr'>paratam</span> <span class='ocrx_word' id='word_1_157' title='bbox 488 2026 620 2083; x_wconf 79' lang='lat' dir='ltr'>classem</span> <span class='ocrx_word' id='word_1_158' title='bbox 634 2024 775 2084; x_wconf 90' lang='lat' dir='ltr'>habebat.</span> <span class='ocrx_word' id='word_1_159' title='bbox 798 2026 910 2086; x_wconf 85' lang='lat' dir='ltr'>Caesar</span> <span class='ocrx_word' id='word_1_160' title='bbox 924 2026 1034 2087; x_wconf 90' lang='lat' dir='ltr'>eodem</span> 
     </span>
     <span class='ocr_line' id='line_1_23' title="bbox 57 2109 1033 2186; baseline 0.004 -19"><span class='ocrx_word' id='word_1_161' title='bbox 57 2109 165 2168; x_wconf 88' lang='lat' dir='ltr'>itinere</span> <span class='ocrx_word' id='word_1_162' title='bbox 186 2109 229 2169; x_wconf 91' lang='lat' dir='ltr'>uti</span> <span class='ocrx_word' id='word_1_163' title='bbox 251 2109 361 2182; x_wconf 92' lang='lat' dir='ltr'>noluit,</span> <span class='ocrx_word' id='word_1_164' title='bbox 388 2125 427 2168; x_wconf 91' lang='lat' dir='ltr'>ne</span> <span class='ocrx_word' id='word_1_165' title='bbox 447 2109 576 2169; x_wconf 91' lang='lat' dir='ltr'>navibus</span> <span class='ocrx_word' id='word_1_166' title='bbox 593 2110 623 2168; x_wconf 91' lang='lat' dir='ltr'>in</span> <span class='ocrx_word' id='word_1_167' title='bbox 639 2109 763 2169; x_wconf 86' lang='lat' dir='ltr'>llumme</span> <span class='ocrx_word' id='word_1_168' title='bbox 778 2110 950 2186; x_wconf 86' lang='lat' dir='ltr'>dimicaret,</span> <span class='ocrx_word' id='word_1_169' title='bbox 976 2112 1033 2171; x_wconf 88' lang='lat' dir='ltr'>sed</span> 
     </span>
     <span class='ocr_line' id='line_1_24' title="bbox 57 2192 1032 2269; baseline 0.003 -17"><span class='ocrx_word' id='word_1_170' title='bbox 57 2194 280 2253; x_wconf 83' lang='lat' dir='ltr'>clreumvectus</span> <span class='ocrx_word' id='word_1_171' title='bbox 296 2200 393 2254; x_wconf 85' lang='lat' dir='ltr'>osteo</span> <span class='ocrx_word' id='word_1_172' title='bbox 408 2192 497 2268; x_wconf 86' lang='lat' dir='ltr'>marl,</span> <span class='ocrx_word' id='word_1_173' title='bbox 525 2194 607 2268; x_wconf 91' lang='lat' dir='ltr'>quod</span> <span class='ocrx_word' id='word_1_174' title='bbox 622 2196 746 2254; x_wconf 89' lang='lat' dir='ltr'>Africae</span> <span class='ocrx_word' id='word_1_175' title='bbox 760 2196 856 2269; x_wconf 81' lang='lat' dir='ltr'>partIs</span> <span class='ocrx_word' id='word_1_176' title='bbox 872 2212 944 2256; x_wconf 89' lang='lat' dir='ltr'>esse</span> <span class='ocrx_word' id='word_1_177' title='bbox 959 2195 1032 2257; x_wconf 87' lang='lat' dir='ltr'>dici·</span> 
     </span>
     <span class='ocr_line' id='line_1_25' title="bbox 58 2278 1031 2355; baseline 0.003 -18"><span class='ocrx_word' id='word_1_178' title='bbox 58 2286 120 2352; x_wconf 89' lang='lat' dir='ltr'>tur,</span> <span class='ocrx_word' id='word_1_179' title='bbox 136 2278 227 2338; x_wconf 90' lang='lat' dir='ltr'>sleuti</span> <span class='ocrx_word' id='word_1_180' title='bbox 243 2294 339 2353; x_wconf 90' lang='lat' dir='ltr'>supra</span> <span class='ocrx_word' id='word_1_181' title='bbox 353 2279 646 2346; x_wconf 77' lang='lat' dir='ltr'>demonstravimus3</span> <span class='ocrx_word' id='word_1_182' title='bbox 669 2280 754 2354; x_wconf 88' lang='lat' dir='ltr'>prius</span> <span class='ocrx_word' id='word_1_183' title='bbox 769 2287 869 2339; x_wconf 76' lang='lat' dir='ltr'>mmen</span> <span class='ocrx_word' id='word_1_184' title='bbox 884 2280 967 2355; x_wconf 91' lang='lat' dir='ltr'>regis</span> <span class='ocrx_word' id='word_1_185' title='bbox 981 2297 1031 2341; x_wconf 89' lang='lat' dir='ltr'>co-</span> 
     </span>
     <span class='ocr_line' id='line_1_26' title="bbox 57 2362 1033 2440; baseline 0.004 -19"><span class='ocrx_word' id='word_1_186' title='bbox 57 2364 117 2438; x_wconf 91' lang='lat' dir='ltr'>piis</span> <span class='ocrx_word' id='word_1_187' title='bbox 130 2364 271 2438; x_wconf 90' lang='lat' dir='ltr'>occurrit,</span> <span class='ocrx_word' id='word_1_188' title='bbox 285 2379 376 2439; x_wconf 92' lang='lat' dir='ltr'>quam</span> <span class='ocrx_word' id='word_1_189' title='bbox 387 2363 414 2423; x_wconf 90' lang='lat' dir='ltr'>is</span> <span class='ocrx_word' id='word_1_190' title='bbox 425 2362 616 2423; x_wconf 84' lang='lat' dir='ltr'>Mithridaten</span> <span class='ocrx_word' id='word_1_191' title='bbox 629 2364 756 2438; x_wconf 85' lang='lat' dir='ltr'>adgredi</span> <span class='ocrx_word' id='word_1_192' title='bbox 768 2373 886 2438; x_wconf 81' lang='lat' dir='ltr'>posset,</span> <span class='ocrx_word' id='word_1_193' title='bbox 902 2380 1033 2440; x_wconf 88' lang='lat' dir='ltr'>eumque</span> 
     </span>
     <span class='ocr_line' id='line_1_27' title="bbox 58 2447 1033 2523; baseline 0.003 -17"><span class='ocrx_word' id='word_1_194' title='bbox 58 2447 96 2506; x_wconf 93' lang='lat' dir='ltr'>ad</span> <span class='ocrx_word' id='word_1_195' title='bbox 112 2463 148 2507; x_wconf 92' lang='lat' dir='ltr'>se</span> <span class='ocrx_word' id='word_1_196' title='bbox 163 2448 310 2508; x_wconf 89' lang='lat' dir='ltr'>victorem</span> <span class='ocrx_word' id='word_1_197' title='bbox 321 2448 464 2507; x_wconf 89' lang='lat' dir='ltr'>incolumi</span> <span class='ocrx_word' id='word_1_198' title='bbox 476 2448 612 2507; x_wconf 85' lang='lat' dir='ltr'>exercitu</span> <span class='ocrx_word' id='word_1_199' title='bbox 621 2450 747 2523; x_wconf 88' lang='lat' dir='ltr'>recepit.</span> <span class='ocrx_word' id='word_1_200' title='bbox 765 2449 952 2509; x_wconf 85' lang='lat' dir='ltr'>consederat</span> <span class='ocrx_word' id='word_1_201' title='bbox 964 2465 1033 2509; x_wconf 89' lang='lat' dir='ltr'>cum</span> 
     </span>
     <span class='ocr_line' id='line_1_28' title="bbox 57 2532 1033 2609; baseline 0.002 -18"><span class='ocrx_word' id='word_1_202' title='bbox 57 2533 156 2606; x_wconf 79' lang='lat' dir='ltr'>oopus</span> <span class='ocrx_word' id='word_1_203' title='bbox 173 2547 229 2592; x_wconf 87' lang='lat' dir='ltr'>rex</span> <span class='ocrx_word' id='word_1_204' title='bbox 242 2534 310 2592; x_wconf 92' lang='lat' dir='ltr'>loco</span> <span class='ocrx_word' id='word_1_205' title='bbox 327 2538 435 2591; x_wconf 91' lang='lat' dir='ltr'>natura</span> <span class='ocrx_word' id='word_1_206' title='bbox 449 2532 580 2607; x_wconf 90' lang='lat' dir='ltr'>munito,</span> <span class='ocrx_word' id='word_1_207' title='bbox 607 2533 691 2607; x_wconf 93' lang='lat' dir='ltr'>quod</span> <span class='ocrx_word' id='word_1_208' title='bbox 711 2540 777 2592; x_wconf 89' lang='lat' dir='ltr'>erat</span> <span class='ocrx_word' id='word_1_209' title='bbox 796 2535 865 2609; x_wconf 85' lang='lat' dir='ltr'>lpse</span> <span class='ocrx_word' id='word_1_210' title='bbox 880 2534 1033 2596; x_wconf 87' lang='lat' dir='ltr'>excelsior</span> 
     </span>
     <span class='ocr_line' id='line_1_29' title="bbox 57 2617 1033 2691; baseline 0.005 -17"><span class='ocrx_word' id='word_1_211' title='bbox 57 2618 190 2691; x_wconf 89' lang='lat' dir='ltr'>planicie</span> <span class='ocrx_word' id='word_1_212' title='bbox 205 2632 244 2676; x_wconf 89' lang='lat' dir='ltr'>ex</span> <span class='ocrx_word' id='word_1_213' title='bbox 259 2617 398 2676; x_wconf 90' lang='lat' dir='ltr'>omnibus</span> <span class='ocrx_word' id='word_1_214' title='bbox 414 2617 552 2690; x_wconf 90' lang='lat' dir='ltr'>partibus</span> <span class='ocrx_word' id='word_1_215' title='bbox 574 2617 728 2688; x_wconf 86' lang='lat' dir='ltr'>subiecta;</span> <span class='ocrx_word' id='word_1_216' title='bbox 753 2619 850 2679; x_wconf 92' lang='lat' dir='ltr'>tribus</span> <span class='ocrx_word' id='word_1_217' title='bbox 872 2625 973 2678; x_wconf 88' lang='lat' dir='ltr'>autem</span> <span class='ocrx_word' id='word_1_218' title='bbox 993 2634 1033 2679; x_wconf 86' lang='lat' dir='ltr'>ex</span> 
     </span>
     <span class='ocr_line' id='line_1_30' title="bbox 57 2700 1032 2776; baseline 0.001 -15"><span class='ocrx_word' id='word_1_219' title='bbox 57 2701 203 2761; x_wconf 88' lang='lat' dir='ltr'>lateribus</span> <span class='ocrx_word' id='word_1_220' title='bbox 218 2701 295 2760; x_wconf 89' lang='lat' dir='ltr'>varii</span> <span class='ocrx_word' id='word_1_221' title='bbox 310 2702 431 2775; x_wconf 92' lang='lat' dir='ltr'>generis</span> <span class='ocrx_word' id='word_1_222' title='bbox 446 2700 662 2762; x_wconf 89' lang='lat' dir='ltr'>munitionibus</span> <span class='ocrx_word' id='word_1_223' title='bbox 682 2703 857 2776; x_wconf 87' lang='lat' dir='ltr'>tegebatur:</span> <span class='ocrx_word' id='word_1_224' title='bbox 882 2719 976 2763; x_wconf 90' lang='lat' dir='ltr'>unum</span> <span class='ocrx_word' id='word_1_225' title='bbox 991 2704 1032 2762; x_wconf 88' lang='lat' dir='ltr'>la·</span> 
     </span>
     <span class='ocr_line' id='line_1_31' title="bbox 57 2785 1032 2862; baseline 0.001 -16"><span class='ocrx_word' id='word_1_226' title='bbox 57 2793 104 2846; x_wconf 91' lang='lat' dir='ltr'>tus</span> <span class='ocrx_word' id='word_1_227' title='bbox 126 2793 194 2846; x_wconf 90' lang='lat' dir='ltr'>erat</span> <span class='ocrx_word' id='word_1_228' title='bbox 214 2786 364 2846; x_wconf 89' lang='lat' dir='ltr'>adlectum</span> <span class='ocrx_word' id='word_1_229' title='bbox 385 2785 501 2846; x_wconf 80' lang='lat' dir='ltr'>flumini</span> <span class='ocrx_word' id='word_1_230' title='bbox 516 2786 597 2862; x_wconf 89' lang='lat' dir='ltr'>Nilo,</span> <span class='ocrx_word' id='word_1_231' title='bbox 627 2789 752 2848; x_wconf 91' lang='lat' dir='ltr'>alterum</span> <span class='ocrx_word' id='word_1_232' title='bbox 773 2787 942 2847; x_wconf 89' lang='lat' dir='ltr'>editissimo</span> <span class='ocrx_word' id='word_1_233' title='bbox 964 2789 1032 2848; x_wconf 88' lang='lat' dir='ltr'>loco</span> 
     </span>
     <span class='ocr_line' id='line_1_32' title="bbox 57 2871 1033 2947; baseline 0 -16"><span class='ocrx_word' id='word_1_234' title='bbox 57 2872 197 2945; x_wconf 91' lang='lat' dir='ltr'>ductum,</span> <span class='ocrx_word' id='word_1_235' title='bbox 224 2878 259 2931; x_wconf 90' lang='lat' dir='ltr'>ut</span> <span class='ocrx_word' id='word_1_236' title='bbox 279 2877 397 2946; x_wconf 89' lang='lat' dir='ltr'>partem</span> <span class='ocrx_word' id='word_1_237' title='bbox 413 2880 582 2932; x_wconf 90' lang='lat' dir='ltr'>castrorum</span> <span class='ocrx_word' id='word_1_238' title='bbox 598 2871 761 2947; x_wconf 91' lang='lat' dir='ltr'>obtineret,</span> <span class='ocrx_word' id='word_1_239' title='bbox 786 2872 906 2933; x_wconf 90' lang='lat' dir='ltr'>tertium</span> <span class='ocrx_word' id='word_1_240' title='bbox 920 2871 1033 2947; x_wconf 91' lang='lat' dir='ltr'>palude</span> 
     </span>
     <span class='ocr_line' id='line_1_33' title="bbox 57 2955 245 3031; baseline -0.011 -16"><span class='ocrx_word' id='word_1_241' title='bbox 57 2955 245 3031; x_wconf 86' lang='lat' dir='ltr'>elugebatur.</span> 
     </span>
    </p>
   </div>
   <div class='ocr_carea' id='block_1_5' title="bbox 54 3080 1031 3501">
    <p class='ocr_par' dir='ltr' id='par_1_5' title="bbox 54 3080 1031 3501">
     <span class='ocr_line' id='line_1_34' title="bbox 138 3080 1030 3156; baseline -0.001 -14"><span class='ocrx_word' id='word_1_242' title='bbox 138 3081 246 3142; x_wconf 82' lang='lat' dir='ltr'>XXIII.</span> <span class='ocrx_word' id='word_1_243' title='bbox 268 3080 349 3141; x_wconf 90' lang='lat' dir='ltr'>Inter</span> <span class='ocrx_word' id='word_1_244' title='bbox 370 3090 471 3142; x_wconf 90' lang='lat' dir='ltr'>castra</span> <span class='ocrx_word' id='word_1_245' title='bbox 489 3081 572 3156; x_wconf 91' lang='lat' dir='ltr'>regis</span> <span class='ocrx_word' id='word_1_246' title='bbox 588 3088 618 3140; x_wconf 90' lang='lat' dir='ltr'>et</span> <span class='ocrx_word' id='word_1_247' title='bbox 633 3081 772 3141; x_wconf 86' lang='lat' dir='ltr'>Caesaris</span> <span class='ocrx_word' id='word_1_248' title='bbox 787 3081 844 3140; x_wconf 91' lang='lat' dir='ltr'>iter</span> <span class='ocrx_word' id='word_1_249' title='bbox 859 3081 972 3142; x_wconf 81' lang='lat' dir='ltr'>flumen</span> <span class='ocrx_word' id='word_1_250' title='bbox 987 3082 1030 3141; x_wconf 86' lang='lat' dir='ltr'>ln-</span> 
     </span>
     <span class='ocr_line' id='line_1_35' title="bbox 56 3165 1029 3241; baseline -0.001 -13"><span class='ocrx_word' id='word_1_251' title='bbox 56 3166 236 3229; x_wconf 86' lang='lat' dir='ltr'>tercedcbat</span> <span class='ocrx_word' id='word_1_252' title='bbox 250 3173 427 3241; x_wconf 87' lang='lat' dir='ltr'>angustum,</span> <span class='ocrx_word' id='word_1_253' title='bbox 444 3166 600 3226; x_wconf 81' lang='lat' dir='ltr'>altissImis</span> <span class='ocrx_word' id='word_1_254' title='bbox 615 3165 706 3240; x_wconf 88' lang='lat' dir='ltr'>ripis,</span> <span class='ocrx_word' id='word_1_255' title='bbox 729 3167 812 3241; x_wconf 94' lang='lat' dir='ltr'>quod</span> <span class='ocrx_word' id='word_1_256' title='bbox 828 3167 857 3225; x_wconf 86' lang='lat' dir='ltr'>ln</span> <span class='ocrx_word' id='word_1_257' title='bbox 873 3166 971 3226; x_wconf 88' lang='lat' dir='ltr'>Nilum</span> <span class='ocrx_word' id='word_1_258' title='bbox 985 3166 1029 3227; x_wconf 88' lang='lat' dir='ltr'>in·</span> 
     </span>
     <span class='ocr_line' id='line_1_36' title="bbox 55 3250 1030 3327; baseline -0.001 -14"><span class='ocrx_word' id='word_1_259' title='bbox 55 3250 187 3327; x_wconf 85' lang='lat' dir='ltr'>fluebat,</span> <span class='ocrx_word' id='word_1_260' title='bbox 204 3250 310 3310; x_wconf 89' lang='lat' dir='ltr'>aberat</span> <span class='ocrx_word' id='word_1_261' title='bbox 323 3258 423 3311; x_wconf 89' lang='lat' dir='ltr'>autem</span> <span class='ocrx_word' id='word_1_262' title='bbox 438 3253 476 3310; x_wconf 91' lang='lat' dir='ltr'>ab</span> <span class='ocrx_word' id='word_1_263' title='bbox 492 3251 574 3325; x_wconf 88' lang='lat' dir='ltr'>regis</span> <span class='ocrx_word' id='word_1_264' title='bbox 590 3250 698 3309; x_wconf 90' lang='lat' dir='ltr'>castris</span> <span class='ocrx_word' id='word_1_265' title='bbox 712 3250 795 3309; x_wconf 91' lang='lat' dir='ltr'>milia</span> <span class='ocrx_word' id='word_1_266' title='bbox 809 3266 958 3325; x_wconf 89' lang='lat' dir='ltr'>passuum</span> <span class='ocrx_word' id='word_1_267' title='bbox 973 3250 1030 3312; x_wconf 87' lang='lat' dir='ltr'>cir-</span> 
     </span>
     <span class='ocr_line' id='line_1_37' title="bbox 56 3334 1029 3412; baseline 0 -15"><span class='ocrx_word' id='word_1_268' title='bbox 56 3336 130 3398; x_wconf 87' lang='lat' dir='ltr'>citer</span> <span class='ocrx_word' id='word_1_269' title='bbox 145 3342 278 3412; x_wconf 87' lang='lat' dir='ltr'>septem.</span> <span class='ocrx_word' id='word_1_270' title='bbox 302 3336 369 3395; x_wconf 89' lang='lat' dir='ltr'>Rex</span> <span class='ocrx_word' id='word_1_271' title='bbox 385 3351 453 3394; x_wconf 91' lang='lat' dir='ltr'>cum</span> <span class='ocrx_word' id='word_1_272' title='bbox 468 3335 527 3396; x_wconf 88' lang='lat' dir='ltr'>hoc</span> <span class='ocrx_word' id='word_1_273' title='bbox 542 3335 649 3394; x_wconf 88' lang='lat' dir='ltr'>itinere</span> <span class='ocrx_word' id='word_1_274' title='bbox 662 3334 936 3396; x_wconf 83' lang='lat' dir='ltr'>venuecaesarem</span> <span class='ocrx_word' id='word_1_275' title='bbox 948 3352 1029 3397; x_wconf 89' lang='lat' dir='ltr'>com·</span> 
     </span>
     <span class='ocr_line' id='line_1_38' title="bbox 54 3418 1031 3501; baseline -0.002 -16"><span class='ocrx_word' id='word_1_276' title='bbox 54 3420 202 3501; x_wconf 77' lang='lat' dir='ltr'>perIsset,</span> <span class='ocrx_word' id='word_1_277' title='bbox 216 3418 383 3497; x_wconf 81' lang='lat' dir='ltr'>equitatum</span> <span class='ocrx_word' id='word_1_278' title='bbox 394 3437 514 3483; x_wconf 91' lang='lat' dir='ltr'>omnem</span> <span class='ocrx_word' id='word_1_279' title='bbox 526 3418 751 3499; x_wconf 87' lang='lat' dir='ltr'>expeditosque</span> <span class='ocrx_word' id='word_1_280' title='bbox 761 3420 897 3482; x_wconf 86' lang='lat' dir='ltr'>delectos</span> <span class='ocrx_word' id='word_1_281' title='bbox 910 3421 1031 3498; x_wconf 77' lang='lat' dir='ltr'>pedites</span> 
     </span>
    </p>
   </div>
   <div class='ocr_carea' id='block_1_6' title="bbox 0 0 1140 4176">
    <p class='ocr_par' dir='ltr' id='par_1_6' title="bbox 0 0 1140 4176">
     <span class='ocr_line' id='line_1_39' title="bbox 0 0 1140 4176; baseline 0 0"><span class='ocrx_word' id='word_1_282' title='bbox 0 0 1140 4176; x_wconf 95' lang='lat' dir='ltr'> </span> 
     </span>
    </p>
   </div>
  </div>
 </body>
</html>
