2272 4176
446 152 562 217 LIBER
582 152 648 217 vll.
978 156 1040 223 168

56 304 240 369 vulneribus
259 306 398 385 acceptis
416 309 499 369 nulla
522 309 689 371 munitione
709 318 867 387 perrupta,
894 328 962 373 cum
984 314 1038 376 lux

57 392 237 469 adpeteret,
251 393 357 467 veriti,
372 408 412 455 ne
424 393 463 455 ab
477 395 573 455 latere
586 403 693 471 aperto
708 396 971 471 exsuperioribus
987 415 1037 459 ca·

57 476 128 539 stris
142 478 310 554 eruptione
324 478 629 557 circumvenirentur,
651 495 686 541 se
699 480 740 539 ad
756 497 830 541 suos
845 491 1035 559 receperunt.

58 566 97 623 At
108 560 288 637 interiores,
305 564 437 640 dumea,
454 580 533 640 quae
548 565 832 641 aVercingetorigc
847 567 886 626 ad
901 568 1034 644 eruptio-

58 661 127 707 uem
141 656 334 725 praeparata
347 656 441 724 erant,
456 651 632 725 proterunt,
648 650 769 726 priores
784 653 887 712 fossas
902 655 1035 729 explent,

57 730 173 794 diutius
187 732 221 793 iu
235 732 285 794 his
295 733 388 794 rebus
398 734 646 796 administrandis
661 736 769 796 morati
784 735 868 811 prius
883 753 957 798 suos
973 737 1035 799 dis-

57 816 198 879 cessisse
224 826 434 894 cognoverunt
458 836 550 893 quam
570 820 785 881 munitionibus
806 822 1034 898 adpropinqua·

57 909 133 965 rent.
164 902 213 962 Ita
226 918 262 962 re
276 903 388 965 iniecta
401 904 433 964 in
447 905 595 980 oppidum
608 913 808 966 reverterunt.

138 986 301 1048 LXXXHI.
332 987 385 1048 Bis
410 1004 523 1065 magno
544 1006 612 1049 cum
634 990 812 1051 detrimento
826 990 943 1066 repulsi
959 988 1034 1057 Galli

59 1071 131 1147 quid
147 1080 245 1148 agant
259 1074 438 1143 consulunt;
462 1075 600 1136 locorum
615 1074 729 1149 peritos
751 1075 911 1136 adhibent:
933 1092 972 1136 ex
986 1075 1034 1136 his

58 1156 257 1233 superiorum
282 1166 452 1219 castrorum
473 1159 549 1220 situs
569 1160 814 1235 munitionesque
835 1168 1033 1235 cognoscunt.

57 1240 129 1304 Erat
149 1259 171 1304 a
190 1243 452 1317 septentrionibus
474 1245 577 1319 collis,
606 1261 697 1320 quem
712 1253 839 1320 propter
853 1244 1033 1320 magnitudi-

10 1374 13 1381 .
58 1342 127 1388 nem
149 1326 297 1388 circuitus
319 1343 414 1404 opere
436 1328 642 1405 circumplecti
663 1345 725 1389 uon
747 1337 908 1405 potuerant
922 1329 1033 1390 nustria

58 1411 240 1473 necessario
264 1428 365 1488 paene
389 1413 495 1490 iniquo
520 1415 590 1475 loco
617 1422 647 1475 et
669 1414 777 1474 leniter
801 1414 911 1475 declim'
934 1421 1033 1485 castra

58 1496 206 1557 iecerunt.
241 1498 327 1558 Haec
350 1497 442 1559 Gaius
464 1499 615 1559 Antistius
635 1500 772 1574 Reginus
793 1507 824 1559 et
839 1499 931 1559 Gaium
947 1497 1033 1559 Cani-

58 1581 126 1643 nius
149 1580 280 1644 Rebilus
305 1583 397 1658 legati
418 1600 487 1643 cum
512 1584 631 1644 duabus
653 1584 825 1659 legionibus
847 1583 1033 1644 obtinebant.

59 1666 195 1742 cognitu
217 1682 275 1743 per
293 1669 505 1743 exploratores
527 1668 704 1743 regionibus
726 1669 820 1729 duces
842 1668 975 1729 hostimn
995 1682 1033 1730 cx

57 1751 139 1811 milia
160 1766 201 1811 ex
222 1751 305 1813 omni
325 1768 452 1814 numero
476 1754 612 1828 deligunt
633 1768 736 1813 earmn
759 1753 927 1828 civitatum,
954 1767 1034 1827 quae

57 1836 224 1897 maximam
237 1836 357 1899 virtutis
373 1838 549 1914 opinionem
564 1836 734 1908 habebant;
751 1838 824 1913 quid
840 1853 964 1913 quoque
979 1852 1032 1912 pa·

59 1928 105 1981 cto
127 1920 180 1996 agi
200 1921 337 1996 placeat,
364 1924 483 1984 occulte
503 1923 582 1983 inter
609 1937 644 1983 se
670 1923 873 1991 constituunt3
900 1919 1034 1981 adeundi

58 2008 180 2081 tempus
196 2006 353 2082 definiunt,
370 2023 439 2067 cum
453 2007 597 2069 meridies
613 2023 684 2068 esse
700 2008 848 2068 videatur.
863 2007 918 2067 His
935 2005 1032 2080 copiis

60 2090 382 2152 Vercassivellaunum
402 2093 590 2169 Arvernum,
617 2110 711 2153 unum
731 2109 770 2152 ex
792 2099 934 2168 quattuor
948 2090 1033 2150 duci-

56 2172 124 2250 bus,
140 2175 349 2252 propinquum
363 2177 635 2254 Vercingetorigis,
651 2177 840 2253 praeficiunt.
862 2179 916 2236 Ille
930 2192 969 2236 ex
983 2191 1033 2235 ca-

58 2258 127 2320 smis
154 2260 255 2335 prima
277 2260 382 2336 vigilia
406 2277 553 2338 egressus
574 2280 675 2339 prope
697 2263 836 2324 consecto
858 2263 914 2322 sub
934 2262 1032 2321 lucem

57 2343 166 2405 itinere
181 2352 254 2419 post
267 2354 401 2407 montem
416 2363 452 2407 se
467 2349 630 2409 occultavit
643 2348 815 2423 militesque
829 2363 869 2407 ex
883 2354 1032 2407 nocturno

57 2428 164 2492 labore
178 2445 250 2489 sese
264 2430 394 2492 reficere
414 2433 512 2493 iussit.
543 2432 616 2493 Cum
631 2434 692 2492 iam
706 2432 850 2492 meridies
866 2431 1032 2506 adpropin-

58 2529 155 2590 quare
167 2513 340 2591 videretur,
366 2518 405 2577 ad
420 2533 458 2577 ea
473 2525 590 2593 castra,
606 2533 686 2593 quae
701 2534 797 2592 supra
811 2513 1032 2577 demonstravi-

57 2613 132 2675 mus,
149 2600 324 2671 contendit;
345 2602 519 2678 eodemque
532 2608 673 2678 tempore
688 2602 840 2679 equitatus
857 2602 897 2660 ad
912 2613 1032 2673 campe-

57 2690 135 2744 stres
150 2684 337 2745 munitiones
354 2687 502 2746 accedere
518 2693 548 2746 et
561 2687 701 2763 reliquae
722 2687 832 2762 copiae
846 2701 903 2761 pro
920 2681 1032 2744 castris

57 2783 126 2831 sese
141 2769 309 2830 ostendere
323 2778 502 2845 coeperunt.

135 2852 298 2916 LXXXIV.
329 2855 564 2930 Vercingetorix
580 2871 620 2915 ex
634 2871 707 2915 arce
721 2855 846 2915 Alesiae
867 2869 942 2915 suos
958 2869 1030 2913 con·

56 2937 193 3014 spicatus
205 2953 246 2998 ex
258 2938 374 3014 oppido
386 2941 557 3015 egreditur3
574 2940 714 3000 acastris
726 2939 894 3015 longurios
909 2954 1031 2998 muscu-

55 3021 115 3099 los,
143 3024 241 3083 falces
255 3023 453 3101 reliquaque,
470 3041 550 3100 quae
565 3025 735 3100 eruptionis
752 3039 845 3084 causa
859 3028 1031 3100 paraverat,

55 3108 179 3184 profert
221 3107 377 3183 Pugnatur
400 3125 463 3169 uno
490 3117 630 3184 tempore
655 3109 796 3170 omnibus
821 3109 915 3182 lociS,
940 3112 1032 3183 atque

55 3192 154 3254 omnia
167 3199 371 3268 temptantur:
388 3210 468 3269 quae
482 3195 605 3253 minime
618 3193 689 3254 visa
703 3210 776 3269 pars
791 3193 879 3253 firma
893 3198 955 3267 est,
970 3192 1031 3253 huc

54 3277 255 3341 concmritur.
284 3279 492 3339 Romanorum
517 3295 626 3338 manus
635 3277 727 3339 tantis
739 3277 956 3340 munitionibus
968 3278 1030 3340 dis·

53 3358 163 3425 licetur
183 3379 245 3425 nec
270 3363 360 3423 facile
374 3364 513 3440 pluribus
528 3362 605 3425 locis
621 3361 763 3424 occurrit.
777 3361 904 3423 Multum
917 3360 959 3423 ad
969 3368 1031 3425 ter-

52 3450 164 3511 rendos
179 3455 309 3511 nostros
323 3450 406 3509 valet
420 3450 555 3528 clamor,
583 3448 635 3526 qui
649 3452 722 3529 post
734 3453 855 3525 tergum
868 3462 948 3527 pugn

773 3538 838 3603 tt*
