2272 4176
68 459 131 527 Μ
379 464 431 523 DE
451 463 576 525 BELLO
600 464 715 527 clvttt

70 617 171 694 pacis,
196 616 341 692 quoniam
355 622 445 677 antea
456 618 620 679 convenire
633 635 695 680 non
710 620 899 695 potuissent,
922 620 1043 681 Romae

69 702 108 762 ab
124 708 232 762 senatu
246 707 276 761 et
290 717 309 761 a
322 703 438 778 populu
452 701 515 778 peti
530 701 650 763 debere.
676 703 799 765 Interea
811 712 843 767 et
853 703 1043 781 reipublicae

69 793 100 845 et
113 785 190 862 ipsis
210 788 334 862 placere
349 794 506 862 oportere,
531 787 558 847 si
579 794 708 864 uterque
729 789 761 849 in
782 788 928 851 condono
941 788 1041 849 statim

68 871 231 932 iuravisset
244 887 280 932 se
293 871 392 933 triduo
408 871 548 947 proximo
564 873 731 933 exercitum
747 873 957 935 dimissurum.
984 873 1042 933 De·

68 955 177 1029 positis
189 956 280 1015 armis
293 956 485 1032 auxiliisque,
501 957 611 1031 quibus
625 974 706 1018 nunc
718 958 919 1033 confiderent,
935 972 1041 1017 neces-

69 1041 150 1099 sario
172 1040 278 1116 populi
296 1048 483 1117 senatusque
503 1040 616 1102 iudicio
641 1043 708 1105 lore
728 1048 896 1120 utrumque
917 1050 1040 1102 conten-

69 1133 139 1185 tum.
167 1125 252 1185 Haec
267 1142 328 1199 quo
344 1125 462 1185 facilius
476 1123 622 1200 Pompeio
636 1127 761 1203 probari
776 1132 921 1204 possent,
936 1142 1040 1188 omnes

69 1225 141 1270 suas
155 1216 317 1269 terrestres
332 1210 512 1285 urbiumque
528 1210 636 1285 copias
651 1212 862 1273 dimissurum.

149 1292 200 1354 XI.
222 1294 374 1355 Vibullius
395 1295 443 1355 his
464 1295 613 1369 expositis
634 1312 695 1355 non
715 1296 815 1356 minus
830 1295 1062 1356 necessarium·

68 1393 139 1438 esse
165 1377 348 1438 existimavit
373 1379 412 1438 de
435 1379 595 1453 repentino
627 1380 762 1440 adventu
788 1380 933 1441 Caesaris
955 1378 1036 1440 Pom

67 1463 170 1537 peium
183 1462 250 1522 lieri
265 1462 439 1537 certiorem,
461 1463 503 1523 uti
518 1463 558 1522 ad
572 1463 604 1522 id
619 1465 778 1525 consilium
795 1480 912 1540 capere
925 1470 1039 1541 posset,

68 1552 230 1622 antequam
251 1546 290 1606 de
310 1548 460 1606 mandatis
482 1547 530 1622 agi
551 1546 713 1623 inciperet,
740 1556 833 1625 atque
854 1550 928 1610 ideo
950 1549 1038 1611 conti·

67 1639 157 1693 nuato
179 1637 269 1691 nocte
289 1647 325 1691 ac
343 1632 392 1691 die
412 1631 520 1691 itinere
540 1638 632 1707 atque
652 1634 773 1694 mntads
795 1634 836 1692 ad
858 1634 1038 1694 celeritatem

66 1715 206 1776 imnentis
228 1715 268 1774 ad
287 1715 464 1791 Pompeium
486 1716 655 1791 contendit,
682 1724 715 1777 ut
739 1718 854 1777 adesse
880 1717 1035 1778 Caesarem

68 1801 227 1861 nuntiaret.
242 1799 406 1875 Pompeius
422 1806 488 1860 erat
502 1815 539 1859 eo
553 1806 691 1876 tempore
705 1803 736 1861 in
752 1802 911 1862 Candavia
925 1803 1037 1878 iterque

67 1902 106 1945 ex
126 1885 308 1945 Macedonia
327 1886 358 1944 in
383 1885 512 1944 hiberna
533 1885 729 1959 Apolloniam
749 1885 1033 1964 Dyrrhachiumque

67 1970 209 2030 habebat.
239 1968 302 2029 Sed
326 1985 360 2029 re
375 1986 456 2029 nova
480 1970 675 2044 perturbatus
697 1969 866 2032 maioribus
883 1971 1035 2031 itineribus

67 2055 259 2128 Apolloniam
274 2061 379 2129 petere
394 2055 511 2129 coepit,
539 2069 577 2112 ne
592 2055 704 2114 Caesar
718 2071 791 2114 orac
805 2055 988 2115 maritumae
1002 2056 1034 2114 ci·

66 2139 175 2200 vitatas
192 2147 366 2213 occuparet.
395 2140 436 2198 At
455 2140 506 2197 ille
527 2138 677 2212 expositis
698 2140 842 2200 militibus
866 2141 980 2200 eodem
994 2140 1034 2199 dio

66 2222 190 2283 Oricum
211 2224 425 2299 proficiscitur.
457 2223 521 2296 Quo
544 2240 613 2282 cum
627 2225 778 2300 venisset,
803 2224 837 2282 L.
853 2225 1033 2300 Torquatus

67 2309 118 2382 qui
143 2309 231 2368 iussu
254 2309 381 2383 Pompei
413 2307 528 2383 oppido
554 2315 695 2382 praeerat
721 2308 978 2385 praesidiumque
1000 2308 1034 2369 ibi

63 2391 274 2453 Parthinorum
288 2393 429 2466 habebat,
444 2400 573 2453 conatus
589 2394 686 2466 portis
699 2394 812 2472 clausis
825 2393 979 2468 oppidum
990 2393 1033 2452 de

65 2477 205 2551 tendere,
232 2494 300 2535 oum
317 2477 451 2536 Graecos
466 2493 585 2536 murum
600 2479 768 2537 ascendere
782 2483 875 2552 atque
891 2494 978 2537 mmo
992 2492 1033 2535 ca-

65 2576 138 2634 pere
152 2561 278 2635 iuberet,
293 2561 336 2620 illi
351 2568 451 2621 autem
462 2575 497 2620 se
509 2568 616 2622 contra
626 2561 784 2636 imperium
795 2559 1034 2637 populiRomani

65 2654 254 2719 pugnaturos
281 2661 352 2705 esse
377 2652 537 2720 negarent,
565 2646 713 2720 oppidani
738 2654 839 2706 autem
866 2646 959 2706 etiam
984 2659 1034 2706 stu

65 2738 176 2805 sponte
191 2730 352 2790 Caesarem
367 2730 505 2804 recipere
521 2738 717 2805 conarentur,
744 2729 918 2805 desperatis
945 2729 1034 2791 onmi-

64 2815 120 2875 bus
142 2815 263 2875 auxiliis
284 2821 390 2890 portas
412 2814 531 2889 aperuit
552 2821 630 2874 etse
645 2820 737 2890 atque
752 2815 901 2891 oppidum
917 2812 1033 2876 Caesari

63 2900 179 2960 dedidit
193 2900 415 2975 incolumisque
430 2900 468 2959 ab
483 2914 520 2958 eo
537 2907 738 2959 conservatus
754 2907 810 2960 est.

145 2984 209 3044 xil.
237 2985 375 3060 Recepto
398 2984 510 3044 Caesar
532 2982 620 3044 Orico
647 2985 730 3044 nulla
750 2984 933 3058 interposita
954 2998 1034 3044 mora

62 3070 257 3145 Apolloniam
276 3069 490 3144 proficiscitur.
527 3068 620 3128 Cuius
642 3069 775 3128 adventu
796 3068 901 3129 audito
921 3068 955 3126 L.
972 3067 1033 3128 Sta·

65 3154 175 3230 beriuS,
192 3155 243 3230 qui
258 3154 299 3213 ibi
314 3161 464 3230 praeerat,
481 3170 592 3229 aquam
607 3160 799 3227 comportare
815 3153 846 3211 in
862 3160 1034 3227 arceatque

63 3254 131 3299 earn
152 3240 268 3299 munire
289 3240 478 3315 obsidesque
499 3238 537 3298 ab
558 3237 804 3313 Apolloniatibus
827 3236 953 3311 exigere
968 3251 1033 3298 coe-

63 3325 116 3399 pit.
145 3325 191 3383 llli
215 3340 289 3384 vcro
316 3325 441 3386 daturos
467 3339 503 3382 se
527 3338 641 3397 negare
666 3338 767 3397 neque
788 3328 895 3396 portas
918 3318 1034 3382 consuli

62 3411 280 3481 praeclusuros
295 3424 397 3483 neque
412 3408 470 3468 sibi
483 3407 629 3467 iudicium
640 3413 818 3481 sumpturos
827 3411 935 3466 contra
945 3413 1034 3482 atquo

64 3493 161 3551 omnis
176 3493 261 3552 ltalia
275 3495 475 3568 populusque
488 3493 646 3553 Romanus
662 3491 870 3551 iudicavisset.
902 3490 1034 3564 Quorum

64 3577 186 3649 cognita
198 3570 448 3643 voluntate'clam
463 3577 598 3652 prolugit
611 3576 777 3651 Apollonia
792 3574 961 3635 Staberius.
991 3573 1034 3633 illi

63 3659 103 3718 ad
118 3657 280 3720 caesarem
300 3664 417 3736 legatos
439 3663 557 3721 mittunt
579 3662 759 3736 oppidoque
780 3658 942 3734 recipiunt.
970 3659 1033 3719 Hos

63 3751 227 3820 sequuntur
245 3746 455 3818 Bullidenses,
470 3745 622 3831 Amantini
638 3750 669 3804 et
680 3744 818 3821 reliquae
832 3742 979 3806 finitimae
994 3742 1033 3804 ei·
