2272 4176
465 198 581 262 LIBER
600 200 666 261 VIl.
983 202 1046 269 12³

74 350 210 431 sumpsit.
240 352 387 416 Nonnulli
412 352 556 416 iudicium
578 352 666 415 veriti
686 356 898 431 profugerunt.
929 357 1047 433 Quibus

77 456 138 502 rum
153 454 236 517 aqua
250 446 345 517 atque
360 439 422 515 igni
436 439 654 515 interdixisset,
671 441 747 501 duas
762 441 900 516 legiones
917 444 1046 506 adfines

77 526 287 601 Treverorum,
310 525 389 584 duas
404 525 434 584 iu
448 524 651 600 Lingonibus,
678 541 734 586 sex
750 526 886 602 reliquas
902 527 933 587 in
950 527 1045 590 Seno-

78 627 139 670 num
154 609 272 671 finibus
285 609 416 685 Agedici
436 610 467 668 in
489 609 625 670 hibernis
642 611 816 671 conlocavit
831 612 1046 690 srmuentoque

78 695 216 755 exercitui
229 695 375 770 proviso,
391 700 424 754 ut
438 694 624 768 instituerat,
646 695 676 753 in
691 696 807 756 ltaliam
821 697 861 756 ad
876 706 1045 758 conventus

79 780 207 855 gendos
223 780 382 855 proiectus
398 785 454 838 est.

477 952 627 961 ι*-

426 1056 589 1140 nru'un
629 1076 691 1139 vu.

372 1217 733 1277 aerumnarum.

93 1337 155 1388 Nova
172 1335 304 1387 Gallorum
322 1337 355 1387 de
371 1337 436 1387 bello
455 1336 573 1398 consilia,
593 1335 697 1399 quoda
715 1334 865 1387 Carnutibus
885 1345 910 1388 ct
926 1340 1044 1391 Arvernis

119 1415 221 1457 auctora
238 1407 445 1472 Vercingetorige
463 1409 575 1458 Arverno
602 1413 748 1472 susceptum
766 1406 858 1458 1-5.
895 1406 987 1458 Caesar
1013 1411 1044 1460 de

117 1477 255 1543 improviso
274 1479 402 1526 Arvernos
420 1478 516 1527 invadit
535 1485 559 1526 et
578 1477 696 1541 opprimit
714 1472 806 1527 6-8.
842 1476 911 1526 Boiis
929 1478 1044 1530 subsidio

119 1547 247 1613 proiectus
265 1545 496 1608 Vellaunodunum,
514 1545 652 1606 Geuabnm,
670 1544 848 1595 Noviodunum
866 1548 961 1612 oppida
971 1563 1043 1598 oceu-

116 1625 159 1682 pat
178 1613 291 1669 9—13.
318 1617 467 1678 Avaricum,
496 1617 584 1666 urbem
601 1615 753 1681 Biturigum,
773 1615 929 1678 aliquamdiu
947 1616 1043 1668 fortiter

118 1686 252 1738 defensum
269 1695 399 1750 expugnat
422 1683 552 1738 14-28.
587 1683 748 1734 Haeduorum
769 1686 857 1735 turbae
877 1684 1042 1737 Gaesarema

117 1757 183 1806 bello
202 1765 309 1807 avocant
328 1751 466 1815 29-3a‚
485 1757 577 1819 quibus
596 1755 742 1820 compositis
763 1754 796 1803 ad
816 1752 967 1820 Gergoviam
986 1772 1042 1806 curn

118 1827 230 1876 exercitu
246 1825 414 1891 proficiscitur
431 1822 567 1887 33-363
596 1824 654 1874 dum
673 1838 729 1873 eam
749 1836 894 1889 oppugnat,
913 1826 1042 1890 graviores

117 1897 144 1946 iu
159 1895 273 1946 Haeduis
291 1895 379 1944 turbae
399 1897 538 1944 excitantur
560 1889 691 1945 st-lu.
736 1891 875 1958 Desperata
901 1891 1041 1961 Gergoviae

117 1966 305 2031 expugnatione
324 1963 504 2027 obsidioneque
524 1963 606 2013 soluta
624 1959 743 2023 41-43,
779 1962 805 2011 in
823 1963 941 2014 Haeduos
959 1973 1040 2016 castra

116 2043 202 2084 movet
220 2033 313 2084 Caeam
330 2030 433 2084 als-56
454 2042 478 2083 et
499 2033 626 2082 Labienus
646 2049 673 2083 re
690 2047 812 2098 prospere
832 2035 858 2082 in
874 2032 977 2084 Parisiis
997 2050 1039 2101 ge·

116 2114 155 2156 sta
173 2121 203 2155 se
220 2120 277 2154 cnm
295 2105 351 2169 ipsa
372 2105 500 2169 coniungit
517 2099 628 2154 57-62.
661 2102 753 2152 Omnes
771 2101 824 2151 fere
843 2102 908 2152 Galli
925 2103 1039 2154 Haeduo·

114 2191 170 2225 rum
187 2174 303 2239 exemplo
323 2171 438 2223 deficiunt
457 2182 482 2222 et
500 2171 633 2222 Caesarem
651 2173 677 2221 in
691 2171 822 2235 Sequanos
841 2174 889 2222 iter
907 2173 1038 2223 facientem

115 2246 232 2312 adgressi
252 2245 316 2294 duee
333 2244 539 2308 Vercingetorige
560 2244 699 2292 caeduntur
716 2237 827 2292 63-67.
865 2241 909 2292 Ille
926 2242 1038 2294 Alesiam

114 2330 141 2364 se
161 2314 259 2365 coalent
277 2327 426 2374 omnemque
445 2310 551 2360 Galliam
569 2313 602 2361 ad
622 2311 713 2361 bellurn
732 2319 819 2362 evocat
838 2308 956 2372 68-71;
976 2311 1038 2363 Galli

113 2386 199 2434 socios
217 2383 349 2433 obsidione
366 2381 472 2431 liberare
491 2383 574 2431 conati
590 2382 756 2447 profligantur
774 2377 886 2443 72—88,
911 2383 998 2431 Alesia
1015 2390 1038 2432 et

111 2453 305 2519 Vercingetorix
324 2452 462 2509 deduntur,
487 2451 546 2500 item
564 2451 660 2501 Haedui
679 2459 703 2500 et
721 2451 805 2515 plures
826 2450 877 2501 alii.
913 2451 1038 2517 Legiones

113 2525 138 2572 in
156 2523 265 2573 hiberna
283 2521 432 2571 distributae
450 2516 553 2570 89-90

144 2641 166 2699 l.
198 2639 304 2714 Quieta
327 2639 422 2698 Gallia
444 2640 569 2712 Caesar,
593 2645 626 2698 ut
646 2639 857 2713 constituerat,
878 2639 908 2698 in
923 2640 1037 2701 ltaliam

71 2726 103 2785 ad
116 2730 289 2786 conventus
306 2725 443 2798 agendos
456 2724 669 2799 proficiscitur.
689 2724 734 2783 lbi
750 2724 909 2798 cognoscit
923 2725 1037 2785 decla·

71 2809 103 2869 dii
117 2810 229 2883 caede,
253 2815 442 2883 senatusque
462 2810 601 2868 consulto
621 2808 731 2868 certior
751 2810 866 2884 lactuS,
881 2815 915 2869 ut
931 2826 1037 2870 omnes

70 2892 196 2956 iuniores
211 2893 316 2952 Italiae
332 2894 540 2967 coniurarent,
567 2894 719 2952 delectum
733 2900 797 2954 tota
811 2894 970 2969 provincia
984 2894 1036 2954 ha-

69 2976 132 3038 berc
147 2978 287 3038 instituit.
317 2977 380 3035 Eae
400 2994 451 3037 res
466 2979 496 3036 in
514 2978 639 3037 Galliam
653 2979 884 3054 Transalpinam
900 2979 1038 3039 celeriter

68 3065 265 3139 perferuntur.
294 3062 422 3121 Addunt
446 3063 505 3136 ipsi
531 3069 562 3121 et
581 3062 741 3137 adtingunt
760 3060 933 3124 rumoribus
951 3063 1037 3139 Galli,

68 3151 142 3225 qnod
157 3165 209 3208 res
224 3161 358 3224 poscere
373 3147 541 3222 videbatur,
557 3148 680 3207 retineri
695 3148 811 3208 urbano
827 3154 911 3207 motu
926 3147 1033 3208 Caesa—

66 3248 242 3310 ramaeque
263 3232 295 3291 iu
316 3232 408 3293 tantis
431 3233 677 3293 dissensionibus
696 3234 735 3293 ad
751 3233 916 3291 exercitmn
931 3235 1036 3294 venire
1130 3250 1132 3269 ²

64 3334 163 3395 posse.
179 3320 247 3380 Hac
255 3317 380 3392 impulsi
395 3319 567 3391 occasione,
585 3318 637 3393 qui
651 3319 711 3378 iam
727 3325 796 3376 ante
811 3332 846 3375 se
860 3318 1035 3393 populiRo-
1119 3324 1132 3351 ··'

64 3406 137 3465 mani
150 3404 282 3482 imperio
298 3403 454 3462 subiectos
470 3404 621 3478 dolerent,
642 3403 766 3463 'tiberius
782 3408 873 3478 atque
888 3404 1035 3464 audacius

64 3488 100 3551 dc
111 3490 192 3553 bello
215 3488 344 3550 consilia
357 3488 435 3549 inire
453 3487 614 3567 incipiunt.
643 3488 774 3554 Indictis
787 3489 869 3554 iuter
883 3506 923 3553 se
936 3489 1052 3569 prinm-
