2272 4176
119 454 188 518 ’Μ
451 455 498 514 DE
514 453 638 516 BELLO
656 454 771 514 CIVILI

125 610 218 671 rebus
239 610 344 669 lavere
356 614 551 683 cognoverat.
583 608 1085 686 luinsulauurnentonavibusqm

127 695 309 770 comparatis
323 694 434 753 bellum
446 692 516 752 duci
529 708 591 752 nou
603 692 942 755 difficile-existimabat
972 694 1085 769 Caesar,

126 780 183 841 etsi
199 780 300 841 multis
317 777 565 851 necessariisque
582 778 674 837 rebus
698 777 731 837 iu
747 779 867 839 ltaliam
882 779 1085 855 revocabatur,

127 874 225 926 tamen
243 864 439 925 constituerat
455 862 569 920 nullam
585 869 702 936 partem
711 862 784 922 belli
795 863 826 922 in
836 862 995 939 Hispaniis
1006 864 1086 925 reliu-

128 964 239 1026 quere,
263 947 348 1024 quod
368 960 478 1020 magum
499 959 570 1005 esse
586 945 711 1021 Pompei
746 947 899 1007 beneficia
920 955 950 1008 et
971 964 1085 1023 magna

127 1034 281 1094 clientelas
293 1033 323 1091 in
335 1031 475 1090 citeriore
488 1030 646 1103 prouincia
657 1030 782 1091 sciebat.
860 1054 865 1059 ·

208 1116 284 1176 ΧΙΧ.
328 1116 433 1190 ltaque
447 1114 566 1173 duabus
579 1115 750 1189 legionibus
761 1116 867 1176 missis
879 1116 910 1175 in
922 1118 1087 1178 ulteriorem

127 1202 304 1277 Hispaniam
321 1216 390 1259 cum
402 1199 435 1272 Q.
449 1198 566 1270 Cassio,
587 1200 709 1259 tribuno
729 1200 837 1274 plebis,
862 1201 933 1276 lpse
943 1203 1085 1261 sexcentis

127 1286 279 1362 equitibus
297 1284 414 1358 magnis
426 1283 583 1343 itineribus
597 1284 789 1358 progreditur
800 1285 999 1360 edictumque
1009 1302 1085 1361 prae

127 1371 225 1442 mittit,
250 1370 397 1443 adquam
415 1368 495 1426 mem
513 1367 706 1441 magistratus
725 1368 946 1444 principesque
966 1372 1086 1431 omniurn

128 1455 280 1514 cimbatum
297 1452 355 1512 sibi
374 1466 445 1511 esse
463 1459 586 1526 praesto
599 1451 760 1511 Cordubae
775 1454 877 1512 vellet.
910 1453 977 1527 Quo
999 1456 1086 1515 edicte

127 1545 190 1599 teta
211 1536 369 1613 provincia
387 1537 565 1611 pervulgato
584 1537 668 1595 nulla
684 1537 741 1595 luit
758 1536 881 1610 civitaS,
914 1540 991 1613 quin
1011 1540 1086 1599 adid

127 1630 247 1697 tempus
268 1628 382 1696 partem
393 1627 519 1680 senatus
532 1620 704 1680 Cordubam
721 1620 857 1693 mitteret,
872 1636 935 1681 non
949 1624 1024 1684 cirris
1035 1624 1086 1684 lie·
1123 1658 1126 1709 ;

128 1722 235 1766 manus
247 1707 338 1780 paulo
351 1704 460 1776 notior,
480 1704 558 1779 -quiu
570 1705 609 1763 ad
621 1704 700 1763 diem
713 1706 898 1766 conveniret.
923 1706 1019 1767 Simul
1030 1709 1087 1783 ipse
1124 1712 1126 1745 ²

129 1790 287 1852 Cordubae
300 1797 468 1850 conventus
480 1804 536 1864 per
546 1804 581 1847 se
595 1797 699 1864 portas
711 1791 843 1850 Varroni
858 1790 978 1865 elausit,
998 1801 1086 1852 custo·

128 1876 194 1936 dias
210 1874 396 1950 vigiliasque
413 1874 443 1933 in
460 1873 593 1933 turribus
606 1875 932 1949 muroquedispesuit,
957 1876 1086 1937 cohortes

128 1961 215 2032 duas,
240 1974 319 2035 quae
338 1959 495 2019 colonicae
513 1958 753 2033 appellabantur,
779 1974 848 2018 cum
859 1973 897 2018 eo
911 1976 988 2020 casu
998 1961 1083 2020 venis-

129 2053 204 2116 sent,
227 2044 331 2105 tuendi
344 2044 450 2118 oppidi
463 2059 558 2102 causa
569 2042 651 2116 apud
664 2057 699 2101 se
709 2043 839 2102 retinuit.
873 2042 979 2104 Isdem
991 2046 1084 2108 diebu

130 2128 365 2198 Carmonenses,
397 2142 476 2202 quae
495 2135 542 2186 est
560 2128 651 2200 longe
669 2126 844 2187 firmissima
861 2129 959 2189 totius
977 2131 1082 2205 provin

130 2213 194 2272 aiae
212 2213 334 2284 civitas,
359 2212 499 2271 deductis
516 2211 613 2270 tribus
630 2211 661 2268 in
681 2227 783 2271 arcem
802 2212 909 2287 oppidi
922 2213 1089 2274 cohortibus

129 2312 147 2354 a
168 2298 307 2355 Varrone
335 2296 490 2370 praesidio
513 2311 569 2370 per
592 2311 627 2354 se
650 2295 792 2356 cohortes
814 2297 906 2357 eiecit
929 2307 1090 2374 portasque

130 2380 302 2454 praeclusit.

210 2463 273 2523 XX.
316 2464 383 2522 Hoc
399 2478 474 2522 vero
494 2463 590 2538 magis
611 2479 779 2539 properare
789 2466 900 2537 Varro,
923 2476 957 2527 ut
977 2470 1084 2526 eunrle-

128 2547 269 2622 gionibus
289 2564 379 2622 quam
398 2547 526 2622 primum
539 2548 631 2607 Gadis
645 2548 849 2621 contenderet
872 2566 911 2608 ne
924 2551 1032 2610 itinere
1049 2560 1093 2611 aut

128 2632 253 2693 traiectu
270 2632 535 2692 intercluderetur:
558 2640 640 2691 tanta
657 2649 692 2691 ac
710 2641 770 2691 tam
790 2635 927 2693 secunda
946 2636 977 2694 in
991 2636 1092 2696 Cacsa-

127 2732 192 2777 rem
202 2718 342 2777 voluntas
356 2716 531 2791 provinciae
543 2717 760 2790 reperiebatur.
783 2717 955 2792 Progressa
968 2722 996 2778 ei
1007 2722 1093 2795 paule

129 2802 251 2877 longius
268 2802 383 2860 litterae
401 2801 567 2859 aGadibus
586 2801 763 2873 redduntur,
788 2802 974 2877 simulatque
992 2806 1030 2865 sit
1048 2821 1093 2865 co·

130 2888 244 2962 gnitum
255 2886 293 2944 de
305 2885 402 2944 edicto
415 2885 565 2955 Caesaris,
595 2885 794 2944 consensisse
808 2886 975 2948 Gaditanos
990 2889 1093 2965 priuci-

130 2986 186 3046 pes
206 2987 274 3031 cum
284 2969 411 3030 tribunis
425 2969 603 3039 cohortium,
627 2985 706 3043 <piae
718 2980 823 3030 essent
836 2971 876 3030 ibi
889 2972 918 3030 in
930 2974 1092 3045 praesidio,

129 3063 163 3116 ut
180 3055 348 3114 Gallonium
368 3069 407 3111 ex
425 3054 541 3129 oppido
560 3055 755 3127 expellerent,
779 3056 886 3114 urbem
905 3057 1095 3133 insulamque
1125 3132 1126 3137 ἵ

131 3139 252 3200 Caesari
270 3146 435 3198 servarent.
468 3140 542 3198 lloe'
553 3138 625 3197 inito
645 3137 772 3196 oonsilio
786 3141 1017 3202 denuntiavisse
1031 3144 1094 3202 Gal-

131 3225 221 3295 lonio,
240 3232 273 3283 ut
285 3230 395 3298 sponte
408 3239 473 3292 sua,
493 3224 565 3282 dum
577 3223 642 3282 sine
655 3223 790 3296 periculo
804 3224 916 3295 liceret,
936 3229 1095 3288 excederet

132 3308 284 3377 Gadibus;
306 3307 332 3367 si
344 3307 375 3365 id
386 3324 445 3367 uou
459 3308 590 3378 lecisset,
615 3307 672 3366 sibi
685 3307 844 3367 eonsilium
855 3318 1011 3383 capturos.
1032 3312 1095 3371 Iloe

130 3392 237 3453 timore
269 3393 433 3452 adductum
456 3393 627 3452 Gallonium
651 3393 785 3452 Gadibus
814 3393 1003 3454 excessisse.
1043 3396 1095 3455 His

132 3477 259 3550 cognitis
277 3477 369 3537 rebus
388 3479 482 3537 altera
499 3493 538 3535 ex
556 3477 675 3536 duabus
694 3477 873 3551 legionibus
898 3495 979 3552 quae
990 3496 1094 3539 verna-

132 3561 201 3618 cula
219 3562 437 3636 appellabatur,
462 3578 501 3621 ex
519 3562 626 3622 castris
638 3561 786 3620 Varronis
805 3563 943 3622 adstante
955 3573 986 3624 et
997 3565 1095 3640 inspe-

133 3648 230 3702 ctante
247 3645 317 3718 ipse
335 3645 426 3719 signa
444 3647 565 3707 sustulit
575 3659 709 3718 seseque
721 3645 869 3719 Hispalim
880 3649 997 3722 recepit
1008 3659 1095 3725 atque

133 3725 238 3785 tulere
247 3734 279 3787 et
286 3728 454 3802 porticibus
466 3731 533 3789 sine
545 3728 694 3788 maleficio
707 3732 854 3790 censedit.
878 3730 966 3804 Quod
979 3733 1091 3793 lactum
