2302 4192
496 149 612 212 LIBER
632 150 669 211 ll.
976 215 980 221 ,
1020 146 1063 212 31

171 299 209 360 ll.
229 302 285 362 His
301 302 415 363 nuntiis
431 302 598 379 litterisque
615 310 784 364 commotus
801 302 912 362 Caesar
927 303 1004 362 duas
1019 304 1061 361 le-

85 386 197 463 giones
210 386 241 445 in
254 386 397 446 citeriore
406 386 606 448 Gallianovas
620 386 803 461 conscripsit
813 392 843 444 et
854 387 926 446 inita
936 393 1061 460 aestate,

86 473 116 532 in
131 469 311 540 interiorem
327 470 451 529 Galliam
468 472 518 545 qui
534 473 714 544 deduceret,
741 470 774 544 Q.
789 469 916 530 Pedium
931 472 1061 545 legatum

86 555 179 615 misit.
209 555 290 629 lpse,
307 570 376 614 cum
391 555 520 629 primum
536 556 639 629 pabuli
655 555 744 630 copia
759 569 830 613 esse
844 553 1006 629 inciperet,
1022 555 1061 613 ad

87 639 259 699 exercitum
286 638 378 696 venit.
417 640 475 698 Dat
495 641 649 712 negotium
673 638 846 700 Senonibus
872 638 1062 712 reliquisque

89 722 194 795 Gallie,
211 721 262 797 qui
278 722 394 781 finitimi
407 724 510 796 Belgis
526 730 620 798 erant,
635 724 678 783 uti
694 739 739 797 ea,
756 737 836 797 quae
847 723 931 796 apud
943 737 997 781 eos
1009 737 1060 796 ge·

88 812 211 879 rantur,
227 815 414 880 cognoscant
429 822 526 882 seque
542 808 580 866 de
594 807 641 866 liis
656 808 749 867 rebus
766 807 926 866 certiorem
940 807 1060 864 faciant.

87 891 126 950 Hi
141 895 317 950 constanter
331 906 437 950 omnes
453 891 667 952 nuntiaverunt
680 907 788 950 manus
801 892 878 965 cogi,
894 891 1061 949 exercitum

89 974 117 1033 in
135 990 230 1034 unum
243 975 344 1032 locum
362 972 502 1034 conduci.
531 976 607 1035 Tum
626 991 701 1036 vero
718 975 916 1034 dubitandum
931 991 992 1035 non
1008 990 1056 1035 ex-

91 1058 235 1117 istimavit
256 1058 329 1133 quin
354 1059 392 1118 ad
420 1074 475 1119 eos
500 1059 759 1133 proficisceretur.
799 1060 844 1119 Re
866 1058 1061 1119 frumentaria

90 1148 267 1216 comparata
282 1148 382 1202 castra
395 1149 499 1203 movet
513 1142 685 1218 diebosqu'e
700 1143 819 1203 circiter
834 1144 1007 1219 quindecim
1022 1143 1058 1202 ad

89 1226 168 1286 fines
182 1226 345 1299 Belgarum
360 1228 506 1301 pervenit.

41 1384 45 1395 Ι
172 1310 222 1369 lll.
245 1309 290 1369 Eo
306 1326 375 1370 cum
391 1311 428 1370 dc
443 1311 601 1387 inproviso
618 1311 812 1387 celeriusque
823 1312 904 1371 omni
917 1312 1062 1386 opinione

91 1394 241 1468 venisset,
261 1394 365 1469 Remi,
387 1396 439 1470 qui
459 1397 590 1471 proximi
607 1397 720 1455 Galliae
735 1412 774 1455 ex
788 1396 890 1470 Belgis
913 1401 998 1469 sunt,
1026 1395 1063 1454 ad

42 1478 44 1483 '
91 1493 159 1539 eum
174 1480 293 1552 legatos
309 1478 421 1538 Iccium
436 1486 466 1540 et
479 1480 772 1555 Andocumborium‚
787 1480 904 1554 primos
920 1479 1058 1552 civitatis

42 1570 44 1579 ·
93 1562 246 1635 miserunt,
263 1563 314 1637 qui
330 1562 466 1623 dicerent
479 1579 514 1623 se
529 1580 648 1638 suaque
663 1564 764 1626 omnia
778 1564 806 1622 in
823 1564 914 1623 fidem
927 1564 1059 1638 atquem

42 1654 47 1697 l
94 1653 271 1717 potestatem
283 1646 390 1723 populi
403 1649 532 1708 Romani
546 1649 728 1725 permittere,
743 1663 845 1722 neque
858 1664 894 1707 se
908 1663 977 1706 cum
991 1647 1059 1705 Bel-

93 1731 136 1805 gis
150 1731 277 1806 reliquis
294 1732 492 1792 consensisse
506 1749 608 1808 neque
620 1739 726 1793 contra
737 1734 883 1807 populum
890 1732 1059 1790 Romanum

96 1816 285 1890 conituasse,
308 1822 494 1893 paratosque
510 1833 580 1877 csse
595 1823 625 1876 cl
640 1816 765 1877 obsides
781 1816 855 1875 dare
870 1822 900 1874 et
913 1815 1059 1889 imperata

97 1899 193 1959 lacere
215 1907 245 1960 et
266 1899 390 1975 oppidis
411 1901 550 1976 recipere
565 1907 596 1961 et
610 1901 761 1960 frumento
777 1900 951 1975 ceterisque
965 1898 1058 1958 rebus

98 1981 210 2053 iuvare;
230 1984 367 2058 reliquos
383 2001 488 2044 omnes
503 1986 613 2060 Belgas
628 1986 659 2044 in
674 1985 765 2045 armis
781 1999 861 2059 esse,
878 1984 1058 2043 Germanos-

98 2082 161 2142 que,
177 2068 229 2143 qui
246 2069 290 2128 cis
304 2068 443 2129 Rhenum
458 2069 599 2143 incolant,
616 2084 688 2129 sese
703 2086 772 2130 cum
786 2069 835 2128 his
851 2066 1058 2141 coniunxisse,

96 2155 267 2228 notumque
282 2168 353 2213 csse
368 2169 474 2214 eorum
489 2155 623 2213 omnium
637 2155 786 2227 furorem,
809 2159 842 2213 ut
862 2167 900 2211 ne
916 2151 1058 2212 Suessio-

96 2250 145 2295 nes
160 2236 300 2312 quidem,
322 2239 429 2297 fratres
444 2239 755 2314 consanguineosque
770 2253 860 2311 suos,
883 2235 935 2311 qui
950 2235 1059 2295 eodem

97 2317 156 2379 iure
168 2326 200 2380 et
213 2320 312 2380 isdem
328 2323 446 2396 legibus
461 2328 598 2398 utantur,
619 2339 714 2383 unum
729 2322 887 2398 imperium
902 2333 1059 2393 imumque

96 2405 297 2479 magistratum
312 2421 380 2465 cum
395 2407 472 2482 ipsis
486 2406 633 2482 habeant,
648 2407 802 2467 deterrere
816 2405 970 2482 potuerint
985 2404 1058 2479 quin

97 2502 158 2549 cum
172 2489 221 2549 his
238 2490 451 2551 consentirent.

172 2574 224 2633 lv.
249 2574 321 2634 cum
336 2575 374 2633 ab
390 2575 632 2651 his-quaereret,
659 2591 739 2651 quae
761 2575 898 2634 civitates
914 2577 1056 2646 quantoe

95 2672 148 2731 que
163 2658 193 2716 in
209 2658 301 2719 armis
317 2668 421 2719 essent
436 2667 466 2719 et
481 2659 554 2734 quid
568 2660 598 2718 in
612 2660 693 2720 bello
710 2665 847 2735 possent,
864 2656 909 2716 sic
923 2655 1058 2730 reperie-

94 2738 153 2801 bal:
175 2744 344 2818 plerosque
357 2743 468 2817 Belgas
490 2756 562 2803 esse
577 2748 661 2803 ortos
676 2745 715 2804 ab
731 2741 889 2803 Germanis
904 2740 1057 2801 Rhenum-

93 2840 147 2899 que
161 2827 329 2900 antiquitus
345 2829 501 2888 traductos
518 2823 644 2903 propter
658 2827 718 2887 loci
733 2827 913 2886 fertilitatem
929 2824 969 2883 ibi
986 2839 1057 2882 con-

91 2910 208 2970 sedisse
217 2911 392 2987 Gallosque,
408 2913 459 2988 qui
471 2928 508 2971 ea
519 2913 587 2970 loca
596 2911 772 2983 incolerent,
788 2910 946 2985 expulisse
958 2909 1057 2967 solos-

90 3009 146 3071 que
168 3010 257 3069 esse,
285 2995 337 3070 qui
359 3004 477 3070 patrum
497 3002 673 3055 nostrorum
693 2994 839 3055 memoria
859 2991 941 3052 omni
963 2990 1059 3050 Gallia

90 3080 358 3141 vexataTeutonos
367 3079 567 3153 Cimbrosque
581 3079 658 3138 intra
672 3079 749 3138 fines
765 3094 840 3139 suos
855 3075 973 3149 ingredi
987 3090 1057 3151 pro-

88 3160 254 3232 luBuerint3
271 3180 333 3239 qua
347 3179 386 3222 ex
401 3179 435 3222 re
450 3163 525 3237 fieri,
541 3162 584 3223 uti
600 3178 705 3222 earum
718 3178 821 3221 rerum
836 3159 982 3220 memoria
995 3175 1057 3217 ma-

85 3260 174 3321 gnam
188 3247 249 3308 sibi
264 3248 472 3308 alletoritatem
486 3262 678 3320 magnosque
698 3247 824 3321 spiritus
845 3244 924 3302 inre
939 3242 1056 3303 militari

70 3334 249 3393 'numerent
279 3333 324 3392 De
345 3346 471 3391 numero
486 3346 592 3390 eorum
609 3330 709 3390 omnia
723 3343 758 3388 se
772 3328 885 3387 habere
899 3329 1058 3403 explorata

83 3412 170 3477 Remi
179 3416 335 3493 dicebant,
349 3421 516 3492 propterea
529 3415 614 3492 quod
627 3412 905 3490 propinquitatibus
920 3411 1053 3473 adfinita-
