2272 4176
307 179 466 244 BELLUM
486 180 808 246 ALEXANDRINUM.
982 181 1043 247 sal

68 336 201 413 navigiis
217 339 427 414 profecissent
448 337 633 398 sentiebant:
658 337 762 414 itaque
783 339 863 399 omni
885 340 986 400 studio
1007 340 1045 400 ad

68 422 241 498 parandam
257 425 388 483 classem
402 423 614 483 incubuerunt.

153 506 234 567 XlIl.
257 506 352 568 Erant
376 506 519 567 omnibus
535 507 622 567 ostiis
636 506 694 566 Nili
719 509 878 570 custodiae
904 508 1044 584 exigendi

69 592 200 667 portorii
217 607 314 652 causa
329 592 508 666 dispositae.
542 590 644 650 Nares
659 598 781 652 veteres
798 601 884 653 erant
898 594 928 651 in
945 596 1045 653 occul-

68 676 107 736 tis
122 676 232 751 regiae
246 675 422 748 navalibus,
440 674 552 750 quibus
568 675 668 735 multis
684 676 772 736 annis
786 678 824 736 ad
841 679 1045 751 navigandum

69 776 129 821 uon
147 766 237 820 erant
252 761 316 821 usi:
339 759 403 819 Has
421 758 615 832 reficiebant,
639 760 707 819 illas
721 762 940 821 Alexandriam
956 777 1045 822 revo-

71 846 191 905 cabant.
221 846 355 905 Deerant
368 844 457 905 remi:
473 844 626 918 porticus,
642 845 811 922 gymnasia,
827 845 949 921 publica
965 847 1045 905 aedi-

69 930 141 989 ficia
167 929 368 1004 detegebant3
405 943 529 989 asseres
561 944 714 988 remorum
739 946 830 990 usum
856 931 1045 990 obtinebant:

70 1013 153 1074 aliud
168 1015 317 1074 naturalis
333 1013 466 1085 solertia,
484 1013 563 1072 aliud
580 1012 665 1072 urbis
682 1014 772 1088 eopia
787 1014 1046 1074 subministrabat

70 1097 230 1159 Postremo
245 1113 308 1158 non
323 1100 445 1172 longam
460 1096 683 1170 navigationem
698 1098 862 1173 parabant,
886 1100 940 1158 sed
957 1115 1045 1174 prae-

72 1183 168 1243 sentis
194 1182 342 1257 temporis
368 1181 544 1241 necessitati
566 1181 741 1242 serviebant
768 1183 843 1243 etin
865 1183 935 1258 ipso
955 1191 1045 1258 portu

72 1265 300 1341 confligendum
329 1267 484 1326 videbant.
533 1266 639 1340 ltaque
664 1268 772 1340 paucis
802 1268 911 1327 diebus
941 1277 1047 1327 contra

72 1352 207 1413 omnium
228 1351 402 1425 opinionem
424 1350 634 1427 quadriremes
656 1351 733 1410 duas
748 1360 789 1412 ¹et
812 1352 933 1427 viginti,
960 1352 1047 1427 quin·

72 1451 235 1511 queremes
257 1435 393 1510 quinque
414 1435 627 1503 coniecerunt;
657 1434 696 1493 ad
723 1434 780 1495 has
803 1437 935 1496 minores
958 1453 1045 1511 aper-

72 1531 182 1595 tasque
198 1522 373 1594 complures
392 1519 574 1590 adiecerunt,
590 1519 663 1578 etin
679 1527 768 1593 portu
786 1520 942 1595 periclitati
958 1522 1047 1580 remi-

71 1606 131 1680 gio,
149 1603 226 1678 quid
242 1619 384 1678 quaeque
399 1619 503 1663 earum
519 1603 642 1662 efficere
657 1611 774 1678 posset,
790 1604 921 1663 idoneos
936 1606 1044 1664 milites

70 1689 285 1764 imposuerunt
305 1704 403 1763 seque
425 1687 465 1746 ad
487 1686 713 1760 confligendum
728 1688 869 1748 omnibus
885 1689 977 1748 rebus
994 1704 1043 1762 pa-

69 1781 225 1833 raverunt.
256 1773 368 1833 Caesar
381 1772 518 1832 Rhodias
540 1786 635 1830 naves
651 1786 761 1831 novem
777 1771 907 1831 habebat
921 1805 963 1815 -
977 1789 1043 1831 nam

72 1859 179 1917 decem
199 1858 304 1917 missis
327 1873 386 1917 una
406 1857 436 1915 in
458 1871 551 1915 cursu
565 1856 652 1915 litore
666 1857 821 1933 Aegyptio
837 1856 993 1916 deiecerat
1005 1890 1043 1899 -

69 1939 215 2002 Ponticas
231 1949 316 2014 octo,
342 1941 454 2018 Lycias
473 1940 624 2015 quinque,
651 1955 691 1998 ex
705 1940 782 1998 Asia
796 1940 968 1999 duodecim.
1000 1941 1043 2003 Er

69 2025 117 2086 his
139 2032 228 2085 erant
251 2025 487 2100 quinqueremes
510 2032 539 2083 et
554 2024 763 2098 quadriremes
779 2025 895 2096 decem,
911 2027 1045 2100 reliquae

69 2110 148 2170 intra
170 2110 250 2169 hanc
270 2110 506 2183 magnitudinem
529 2115 558 2167 et
578 2111 745 2183 pleraeque
767 2117 899 2184 apertae.
934 2111 1045 2170 Tamen

69 2194 181 2255 virtute
202 2194 326 2253 militum
348 2193 485 2254 confisus
513 2192 642 2266 cognitis
663 2193 798 2254 hostium
820 2194 918 2268 copiis
946 2209 981 2254 se
1012 2194 1046 2254 ad

70 2279 276 2339 dimicandum
293 2278 428 2353 parabat.
1091 2275 1096 2283 '

154 2362 235 2423 XIV.
257 2361 424 2437 Postquam
441 2378 478 2421 eo
493 2369 616 2421 ventum
632 2371 693 2435 est,
708 2370 741 2423 ut
756 2361 814 2421 sibi
829 2371 958 2437 uterque
974 2379 1046 2422 con-

69 2448 189 2521 fideret,
207 2446 319 2506 Caesar
333 2446 453 2508 Pharon
469 2448 569 2506 classe
586 2447 821 2507 circumvehitur
836 2448 1046 2520 adversasque

70 2547 169 2593 naves
184 2531 325 2591 hostibus
339 2531 508 2591 constituit:
523 2531 552 2589 in
570 2531 677 2591 dextro
694 2548 789 2591 cornu
800 2531 937 2591 Rhodias
954 2534 1044 2592 collo-

70 2625 128 2690 cat,
142 2617 174 2675 in
191 2616 314 2676 sinistro
329 2615 482 2676 Ponticas.
515 2616 596 2675 Inter
610 2616 665 2674 has
686 2616 817 2691 spatium
840 2617 1045 2691 quadringen.

70 2708 172 2762 torum
192 2716 342 2774 passuum
362 2700 519 2773 relinquit,
546 2700 630 2775 quod
651 2701 725 2760 satis
752 2714 823 2760 esse
838 2700 876 2759 ad
892 2702 1045 2775 explican-

70 2786 127 2846 das
155 2799 252 2844 naves
276 2785 445 2844 videbatur.
474 2783 548 2844 Post
571 2785 652 2844 hunc
678 2785 814 2845 ordinem
838 2785 971 2859 reliquas
994 2802 1046 2844 na-

69 2886 125 2930 ves
141 2868 283 2930 subsidio
305 2869 472 2937 distribuit;
500 2886 578 2944 quae
598 2885 751 2944 quamque
773 2885 876 2928 earum
901 2877 1047 2944 sequatur

70 2962 101 3015 et
114 2955 164 3016 cui
179 2953 355 3026 subveniat,
380 2955 535 3013 constituit
555 2962 646 3028 atque
660 2954 796 3028 imperat.
825 2953 892 3013 Non
908 2954 1046 3013 dubitan-

70 3047 117 3101 ter
136 3038 339 3099 Alexandrini
362 3040 492 3098 classem
515 3040 689 3114 producunt
712 3046 804 3112 atque
820 3038 986 3097 instruunt=
1015 3038 1044 3098 in

70 3124 172 3185 ironte
189 3124 342 3183 collocant
356 3124 433 3182 duas
450 3132 480 3182 et
493 3124 613 3197 viginti,
639 3124 774 3197 reliquas
800 3122 1000 3182 subsidiarias
1014 3123 1043 3182 in

71 3208 210 3270 secundo
226 3207 334 3267 ordine
348 3209 542 3268 constituunt.
557 3207 701 3281 Magnum
715 3214 874 3281 praeterea
887 3222 1045 3268 numerum

70 3294 221 3356 minorum
244 3292 434 3366 navigiorum
457 3300 486 3351 et
500 3292 684 3366 scapharum
701 3291 874 3366 producunt
889 3307 958 3351 cum
972 3296 1044 3352 mal·

69 3377 159 3439 leolis
175 3377 377 3453 ignibusque,
405 3377 432 3436 si
458 3376 534 3452 quid
559 3377 628 3451 ipsa
652 3375 811 3436 multitudo
837 3383 867 3437 et
886 3378 1045 3439 clamaret

71 3460 196 3524 damma
210 3460 325 3520 nostris
342 3462 468 3522 terroris
484 3462 604 3522 adferre
619 3468 760 3539 possent.
772 3460 958 3524 Frontinter
973 3463 1057 3522 duas

111 3563 137 3605 c.
158 3560 258 3602 ruerus
278 3560 405 3604 cassan.
817 3557 854 3612 nl
