2272 4176
69 392 131 458 226
387 394 439 457 DE
459 392 584 457 BELLO
607 395 724 457 ctum

68 554 142 624 rent,
157 549 371 625 impedimenta
383 552 475 614 totius
491 548 644 611 exercitus
659 549 868 627 cohortesque
880 549 912 610 in
928 551 1022 613 caru

68 634 189 693 relictas
204 648 330 694 servare
344 652 405 697 non
420 642 565 712 possent;
586 635 699 711 quibus
713 636 886 695 interclusis
901 638 1022 697 exercitu

68 716 208 778 Caesaris
234 719 378 781 auxilium
402 722 473 781 ferri
498 720 580 779 nulia
602 720 722 781 ratione
747 726 875 796 poterat.
904 721 1022 781 Contecit

67 802 151 877 prior
170 804 227 863 iter
241 794 353 864 Caesar
373 813 465 881 atque
487 821 527 865 ex
540 803 658 878 magnis
673 805 805 880 rupibus
820 812 928 865 nactus
941 806 1022 882 plaui-

69 887 144 947 ciem
159 887 189 947 in
203 887 261 948 hac
276 898 381 949 contra
393 888 513 950 hostem
528 888 623 948 aciem
638 889 769 949 instruit.
798 890 952 965 Afranius,
968 906 1022 949 cum

68 972 106 1031 ab
122 973 256 1048 equitatu
276 970 475 1034 novissimum
496 989 604 1048 agmen
618 980 824 1048 premeretur,
851 981 921 1034 ante
935 991 968 1034 se
979 973 1022 1035 hu

67 1061 144 1115 stem
156 1057 282 1131 videret,
298 1060 404 1118 coliem
420 1057 572 1134 quendam
586 1064 694 1118 nactus
709 1059 752 1118 ibi
767 1059 912 1119 constitit.
939 1060 981 1119 Ex
992 1073 1022 1119 eo

66 1141 135 1202 loco
151 1147 291 1216 quattuor
306 1150 488 1204 cetratorum
504 1141 638 1203 cohortis
653 1143 683 1202 in
698 1151 843 1217 montem,
860 1143 912 1218 qui
928 1142 1019 1202 eratin

67 1231 235 1300 conspectu
261 1226 393 1287 omnium
418 1226 661 1302 excelsissimus,
687 1227 784 1288 mittit.
813 1228 904 1287 Hunc
927 1242 1021 1301 magno

68 1325 160 1370 cursu
185 1311 351 1372 concitatos
373 1311 457 1372 iubet
477 1327 645 1387 occupare,
671 1328 708 1372 eo
730 1312 877 1386 consilio,
903 1313 945 1372 uti
966 1313 1021 1386 ipse

66 1394 174 1454 eodem
189 1394 328 1455 omnibus
344 1397 441 1471 copiis
458 1397 655 1458 contenderet
669 1403 699 1457 et
711 1402 828 1456 mutmo
841 1396 947 1457 itinere
957 1394 1020 1469 iugis

67 1477 247 1553 octogcsam
268 1482 450 1553 perveniret.
469 1483 557 1543 Hunc
573 1496 642 1541 cum
664 1481 789 1556 obliquo
809 1480 919 1541 itinere
933 1479 1021 1541 cetrati

66 1569 217 1639 peterent,
243 1566 438 1641 conspicatus
459 1566 612 1641 equitatus
628 1566 766 1626 Caesaris
787 1566 818 1624 in
835 1565 966 1626 cohortis
978 1565 1020 1622 im·

67 1654 169 1724 petum
184 1647 270 1717 iecit3
296 1665 353 1710 nec
367 1650 519 1711 minimam
533 1657 648 1725 partem
664 1650 810 1725 temporis
827 1651 962 1726 equitum
972 1649 1021 1707 uim

66 1733 171 1793 cetrati
185 1733 336 1794 sustinere
356 1741 520 1811 potuerunt
539 1749 707 1811 omnesque
722 1735 760 1794 ab
778 1735 824 1796 eis
841 1729 1020 1796 circumveni

67 1815 96 1877 in
111 1825 279 1893 conspectu
293 1820 451 1896 utriusque
467 1819 619 1880 exercitus
634 1819 866 1880 interficiuntur.

152 1902 253 1964 LXXI.
275 1903 348 1965 Erat
362 1905 484 1966 occasio
499 1905 577 1964 bene
591 1904 745 1980 gerendae
757 1904 812 1963 rei.
841 1904 949 1980 Neque
961 1918 1021 1963 vero

67 1987 96 2048 id
105 1987 264 2049 Caesarem
279 1990 421 2064 fugiebat,
435 1996 518 2050 tanto
534 1990 591 2049 sub
604 1990 701 2049 oculis
714 1996 842 2064 accepto
856 1990 1021 2049 detrimento

68 2073 257 2148 perterritum
277 2075 442 2134 exercitum
463 2074 613 2134 sustinere
634 2090 695 2134 non
716 2088 827 2148 posse,
855 2072 1022 2148 praesertim

68 2158 284 2219 circumdatum
297 2159 433 2234 undique
448 2160 598 2234 equitatu,
615 2174 683 2219 cum
698 2158 726 2216 in
742 2159 811 2218 loco
827 2174 929 2233 aequo
944 2166 1022 2232 atquc

66 2250 172 2316 aperto
194 2242 425 2317 confligendum
451 2243 544 2318 idque
566 2259 605 2302 ex
627 2242 766 2303 omnibus
787 2243 929 2318 partibus
944 2243 979 2302 ab
993 2256 1022 2300 eo

68 2324 268 2400 flagitabatur.
297 2325 523 2387 Concurrebant
535 2328 635 2401 iegati,
652 2327 845 2387 centuriones
860 2327 1022 2401 tribunique

66 2411 206 2470 miiitum=
220 2411 264 2470 Ne
276 2411 427 2471 dubitaret
437 2411 585 2486 proelium
597 2412 791 2471 committere.
808 2410 949 2472 Omnium
963 2423 1022 2470 esse

66 2494 189 2555 miiitum
208 2495 418 2572 paratissimos
440 2496 567 2555 animos.
596 2496 780 2555 Afranianos
804 2504 912 2556 contra
933 2496 1022 2556 multis

65 2579 159 2640 rebus
181 2580 228 2642 sui
243 2579 359 2640 timoris
381 2579 468 2654 signa
487 2579 624 2640 misisse:
651 2582 733 2657 quod
748 2580 812 2640 suis
834 2598 896 2641 non
921 2583 1022 2641 subve

66 2663 191 2740 nissent,
209 2664 292 2742 quod
306 2666 344 2725 de
358 2665 435 2725 colle
450 2681 510 2725 non
526 2665 717 2739 decederent,
734 2667 817 2741 quod
830 2667 883 2725 vix
898 2668 1022 2742 equitum

66 2750 206 2811 incursus
230 2749 415 2810 sustinerent
440 2750 629 2826 conlatisque
649 2750 679 2809 in
699 2767 792 2809 unum
814 2752 915 2810 locum
937 2752 1022 2827 signis

66 2835 193 2896 conterti
208 2850 308 2911 neque
323 2835 444 2896 ordines
460 2851 561 2911 neque
582 2835 669 2910 signa
689 2842 856 2895 servarent.
896 2836 983 2910 Quod
1004 2836 1022 2896 si

64 2919 252 2996 iniquitatem
266 2920 325 2980 ioci
339 2919 464 2994 timeret,
486 2922 588 2980 datum
608 2920 643 2978 iri
658 2926 756 2979 tamen
772 2921 875 2995 aliquo
891 2922 962 2984 ioco
977 2938 1022 2995 pu·

64 3005 176 3080 grandi
202 3005 386 3079 facultatem,
414 3004 498 3080 quod
523 3012 604 3065 certe
625 3004 694 3063 inde
716 3004 928 3066 decedendum
950 3012 1022 3066 esset

64 3088 190 3151 Atramo
205 3104 261 3149 nec
277 3090 343 3149 sine
357 3105 438 3164 aqua
452 3104 629 3165 permanere
646 3097 759 3164 posset.

140 3172 255 3235 LXXII.
279 3174 390 3234 Caesar
403 3174 432 3233 in
448 3190 514 3234 eam
527 3189 613 3250 spem
628 3180 768 3248 venerat,
794 3189 829 3234 se
844 3175 911 3234 sine
928 3189 1022 3250 pugna

65 3266 95 3320 et
114 3259 181 3321 sine
200 3261 327 3319 uulnere
348 3274 472 3318 sucrum
493 3275 556 3318 rem
580 3259 732 3320 conficere
754 3275 863 3334 posse,
891 3261 974 3335 quod
995 3274 1022 3319 re

64 3344 260 3409 trumentaria
270 3343 465 3405 adversarios
477 3344 706 3405 interclusisset.
723 3344 781 3404 Cur
794 3344 884 3404 etiam
893 3345 1022 3404 secunde

64 3432 179 3508 proelio
197 3429 316 3505 aliquos
332 3444 370 3488 ex
385 3429 449 3489 suis
465 3430 632 3489 amitteret?
647 3446 700 3490 cur·
712 3430 864 3488 vulnerari
877 3436 1022 3504 pateretur

64 3518 177 3592 optime
194 3514 233 3573 de
246 3530 281 3574 se
296 3514 420 3574 meritos
436 3514 566 3574 miiitest
593 3531 647 3597 cur
662 3515 795 3588 denique
810 3516 961 3574 somonam
977 3529 1022 3589 pe·

63 3601 267 3662 riclitareturt
292 3599 471 3673 praesertim
492 3615 558 3660 cum
579 3615 641 3660 non
656 3599 754 3658 minus
769 3606 853 3659 esset
867 3599 1014 3674 imperato

63 3685 106 3749 ris
122 3682 251 3747 consilio
265 3699 414 3761 superare
427 3701 518 3763 quam
532 3686 643 3761 gladio.
677 3684 857 3745 Movebatur
871 3685 962 3745 etiam
976 3683 1022 3745 mi·
