2302 4192
356 132 514 196 BELLUM
534 130 800 195 tusrnmnnsn.
1006 130 1069 195 415

89 287 300 364 concidentiS,
316 288 501 350 centurionis
517 302 553 347 ac
567 287 624 346 viri
639 288 742 361 fortis,
757 285 888 361 insignia
903 304 971 348 oum
987 303 1068 348 com·

87 374 199 449 plures
214 373 460 434 adversariorum
475 387 658 433 concursmn
673 374 823 445 facerent,
839 373 957 446 equites
972 372 1068 431 nostri

87 458 279 532 transgressi
300 458 443 519 inferiore
464 459 532 517 loco
555 457 751 517 adversarios
777 456 816 515 ad
840 457 952 515 vallum
977 457 1088 530 agere'

88 549 270 617 coeperunt.
300 543 344 602 ita
366 542 506 618 cupidius
523 542 595 602 dum
609 541 688 600 intra
702 540 856 617 praesidia
870 541 989 600 iliorum
1005 547 1066 599 stu-

88 628 306 687 dent-caedem
320 629 431 702 iacere,
448 644 466 686 a
480 626 588 686 turmis
604 633 634 685 et
648 627 708 685 levi
724 632 876 684 armatura
891 631 961 685 sunt
976 625 1065 683 inter-

88 712 181 771 clusi.
211 711 345 785 Quorum
365 713 425 772 nisi
446 726 565 771 summa
584 710 680 770 virtus
696 711 819 783 suisset,
846 710 908 769 vivi
923 711 1003 782 capti
1018 724 1065 768 es-

88 802 172 856 sent.
199 797 274 855 Nam
290 804 319 857 et
334 797 500 857 munitione
516 795 662 870 praesidii
677 796 718 854 ita
733 795 1020 867 coangustabantur‚
1035 803 1068 853 ut

88 895 190 956 eques
206 886 305 956 spatio
321 882 486 941 intercluso
502 881 554 938 vix
571 895 604 938 se
617 879 782 938 defendere
794 885 911 952 posset.
926 879 973 936 Ex
984 884 1065 937 utro-

89 981 154 1039 que
169 981 281 1040 genere
296 982 416 1041 pugnae
433 966 605 1039 complures
622 970 694 1023 sunt
706 964 884 1023 vulneribus
901 963 1020 1035 adiecti,
1036 963 1065 1021 in

88 1049 162 1125 quis
184 1050 273 1109 etiam
295 1051 418 1110 Clodius
439 1049 614 1123 Arquitius;
640 1048 718 1108 inter
740 1065 819 1122 quos
841 1049 883 1107 ita
898 1048 1065 1108 comminus

88 1142 139 1194 est
155 1141 335 1209 pugnatum,
357 1142 390 1194 ut
404 1150 443 1193 ex
458 1134 570 1193 nostris
587 1139 709 1207 praeter
724 1133 803 1193 duos
820 1132 1012 1192 centuriones
1028 1132 1066 1194 sit

89 1234 180 1279 nemo
197 1220 388 1280 desideratus
403 1216 500 1293 gioria
515 1234 549 1278 se
565 1217 737 1277 efferentes.

173 1303 279 1363 XXIV.
308 1304 435 1364 Postero
457 1303 506 1362 die
526 1303 565 1361 ad
581 1302 718 1362 Soricum
739 1309 938 1379 utrorumque
953 1319 1064 1366 conve-

90 1399 165 1451 bere
180 1389 296 1462 copiae.
321 1389 423 1449 Nostri
438 1386 564 1447 brachia
579 1387 693 1446 ducere
709 1394 886 1461 coeperunt.
901 1389 1064 1465 Pompeius

89 1488 160 1533 cum
181 1472 435 1534 animadverteret
460 1472 585 1531 castello
607 1486 642 1530 se
663 1472 784 1530 excludi
799 1474 951 1548 Aspavia,
982 1474 1065 1549 quod

89 1565 139 1617 est
152 1557 190 1617 ub
204 1557 301 1618 Ucubi
316 1559 398 1617 milia
413 1571 563 1632 passuum
577 1574 607 1629 v,
620 1555 697 1614 haec
711 1571 763 1615 res
778 1559 954 1618 necessario
972 1560 1064 1619 devo-

89 1642 188 1713 cabat,
197 1648 231 1701 ut
241 1641 280 1700 ad
293 1642 496 1701 dimicandum
508 1639 726 1708 descenderem
740 1656 841 1715 neque
853 1647 951 1702 tamen
965 1659 1062 1717 aequo

89 1727 159 1787 ioco
176 1725 223 1785 sui
239 1733 421 1800 potestatem
436 1725 581 1798 iaciebat,
599 1724 656 1783 sed
671 1739 709 1783 ex
724 1740 831 1799 grumo
847 1725 862 1763 *
876 1725 892 1763 *
908 1729 1064 1787 excelsum

86 1811 236 1870 tumulum
252 1811 405 1885 capiebat,
427 1825 527 1885 usque
543 1824 580 1869 eo
595 1814 629 1869 ut
642 1810 819 1870 necessario
836 1819 995 1885 cogeretur
1009 1813 1062 1871 ini-

87 1910 159 1955 cum
173 1896 275 1953 locum
289 1895 402 1954 subire.
424 1894 489 1968 Quo
507 1895 545 1953 de
560 1895 641 1954 sacto
658 1909 726 1952 cum
741 1901 939 1970 utrorumque
956 1898 1063 1971 copiae

87 1980 239 2039 tumulum
255 1981 453 2041 excellentem
468 1978 633 2054 petissent,
658 1978 802 2054 prohibiti
823 1996 841 2039 a
855 1981 967 2041 nostris
983 1989 1062 2056 sunt

86 2063 198 2122 deiecti
222 2064 360 2138 planicie.
402 2064 486 2137 Quae
510 2078 560 2122 res
586 2063 755 2123 secundum
775 2065 887 2125 nostris
913 2067 1062 2128 efficiebat

85 2147 247 2224 proelium.
286 2149 429 2225 Undique
454 2147 632 2208 cedentibus
659 2149 843 2210 adversariis
869 2166 930 2210 non
955 2168 1061 2228 parum

85 2247 201 2307 magna
217 2233 246 2290 in
263 2234 357 2292 caede
373 2232 585 2293 versabantur.
615 2232 731 2306 Quibus
752 2251 856 2310 mons,
885 2252 946 2295 non
967 2237 1061 2297 virtus

86 2316 179 2377 saluti
195 2317 251 2383 fuit
265 2318 413 2379 subsidio.
436 2317 598 2391 Quodnisi
613 2320 862 2394 advesperasset,
880 2322 1062 2396 apauciori-

84 2403 145 2461 bus
161 2401 274 2462 nostris
297 2402 377 2462 omni
400 2402 513 2462 auxilio
529 2403 639 2478 privati
654 2411 767 2463 essent.
799 2406 874 2464 Nam
890 2407 1063 2466 ceciderunt

83 2502 125 2545 ex
137 2486 198 2545 levi
210 2493 362 2547 armatura
374 2504 509 2560 cccxxrv,
526 2502 565 2546 ex
577 2487 751 2562 legionariis
764 2505 911 2563 cxxxvnr,
928 2499 1061 2564 praeter-

86 2586 182 2647 quam
199 2588 328 2645 quorum
343 2588 428 2631 arma
442 2580 471 2632 et
486 2571 587 2645 spolio
602 2573 692 2633 allata
706 2580 785 2633 sunt.
815 2575 859 2632 ita
874 2574 971 2648 pridie
986 2576 1061 2635 duo-

83 2673 153 2715 rum
177 2656 385 2717 centurionum
406 2656 537 2717 interitio
559 2655 617 2717 hac
639 2658 885 2719 adversariorum
901 2676 1002 2734 poena
1016 2666 1063 2721 est

83 2741 179 2801 litata.

169 2825 262 2885 XXV.
284 2826 461 2900 Insequenti
477 2827 526 2886 die
542 2827 607 2902 pari
621 2827 843 2887 consuetudine
856 2841 924 2887 cum
938 2828 976 2886 ud
989 2844 1060 2887 eun-

83 2910 157 2969 dem
179 2911 280 2970 locum
303 2911 368 2970 eius
391 2910 745 2985 praesidiumvenisset,
771 2912 899 2986 pristino
926 2913 977 2971 iiio
1004 2929 1061 2973 suo

83 2994 248 3055 utebantur
259 2995 409 3055 instituto:
425 3012 494 3055 nam
508 3002 630 3071 praeter
641 2997 760 3071 equites
779 2997 860 3057 nulio
877 2999 945 3057 ioco
961 3013 1061 3072 aequo

82 3093 120 3139 se
147 3079 333 3139 committere
359 3080 520 3141 audebant.
560 3080 633 3141 Cum
658 3082 754 3141 nostri
780 3080 809 3140 in
833 3098 926 3157 opere
948 3091 1060 3158 essent

82 3163 222 3239 equitum
246 3165 355 3239 copiae
377 3181 547 3226 concursus
569 3166 671 3226 iacere
693 3174 875 3241 coeperunt,
909 3166 1061 3242 simulque

80 3248 323 3311 vociferantibus
350 3249 540 3326 legionariis,
568 3266 636 3310 cum
657 3252 758 3310 iocum
781 3251 984 3322 efflagitarent
1002 3255 1061 3313 *ut

83 3334 226 3394 consueti
240 3334 362 3411 insequi
377 3335 550 3395 existimare
571 3349 684 3410 posses
717 3337 926 3410 [tamtissimos
939 3353 1010 3397 esse
1021 3338 1058 3397 ad

83 3418 304 3494 dimicandum,
330 3420 427 3482 nostri
450 3435 490 3483 ex
510 3418 618 3485 humili
639 3422 785 3485 cannabe
792 3421 882 3483 bene
889 3423 993 3494 iunge
1002 3424 1086 3475 sum
