2272 4176
442 142 557 204 LIBER
579 144 644 203 VH„
974 144 1032 209 127

11 354 16 362 .
49 296 201 359 latissime
225 294 352 371 possint
373 305 522 370 vagentur
543 304 573 357 et
594 314 685 373 quum
707 297 869 357 maximum
890 299 1030 363 hostibus

51 390 200 444 terrorem
215 381 359 441 inierant.
382 380 524 441 Celeriter
538 381 614 442 haec
631 385 710 443 lurna
727 398 763 441 ac
780 384 892 444 nuntiis
908 388 946 445 ad
955 388 1032 447 Ver-

17 488 20 493 ·
54 468 273 543 cingetorigem
289 466 498 541 perlemntur;
515 484 605 541 quem
620 468 770 543 perterriti
787 485 893 528 orurres
902 474 1031 532 Arverni

12 626 17 637 ι
55 553 284 613 circumsistunt
298 559 391 626 atque
407 552 586 626 obsecrant,
609 562 642 613 ut
656 553 721 613 suis
738 553 865 612 fortunis
882 559 1030 632 consulat,

12 666 17 683 ·
56 652 128 697 neve
144 638 186 697 ab
197 637 340 696 hostibus
354 637 541 711 diripiantur,
558 640 737 712 praesertim
750 654 818 697 eum
828 640 930 699 videat
942 657 1031 701 orrrne

57 723 139 782 adse
153 723 271 781 bcllum
286 724 472 782 translatum.
504 720 636 795 Quorum
648 725 696 782 ille
712 725 856 797 precibus
872 735 1029 799 permotus

58 814 154 868 castra
165 823 206 866 ex
220 807 407 881 Biturigibus
426 813 529 866 movet
542 807 571 865 in
583 812 741 867 Arvernos
758 824 877 868 versus.

133 892 187 952 IX.
209 893 251 952 At
273 892 385 951 Caesar
406 892 532 950 biduum
553 893 582 950 in
604 893 652 951 his
675 892 750 952 locis
767 903 919 969 irroratus,
946 897 1029 972 quod

20 1056 23 1061 Ι
58 978 128 1037 haec
143 976 185 1035 de
200 975 453 1051 Vercingetorige
475 993 534 1035 usu
556 984 683 1036 ventura
699 977 842 1051 optatione
862 996 1029 1057 praecepc-

20 1070 27 1125 ζ’
58 1068 106 1136 rat
121 1078 181 1137 per
196 1075 321 1120 causam
337 1061 540 1135 supplementi
557 1062 772 1138 equitatusque
784 1065 913 1136 cogendi
925 1066 963 1123 ab
976 1082 1028 1126 cx-

60 1146 148 1206 ercitu
164 1145 305 1220 discedit,
320 1146 447 1204 Brutum
462 1146 688 1206 adulescentem
704 1146 750 1206 bis
764 1148 861 1221 copiis
873 1150 1027 1223 praeficit;

18 1230 23 1317 j
60 1231 132 1292 bunc
146 1237 267 1304 monet,
294 1237 327 1290 ut
341 1231 370 1288 in
392 1231 490 1289 orrinis
505 1238 610 1305 partes
627 1232 745 1306 equites
769 1249 859 1306 quam
882 1234 1027 1295 latissime

19 1327 22 1337 ·
60 1323 273 1392 pervagentur=
297 1315 436 1374 daturum
459 1330 493 1374 se
516 1332 656 1390 operam,
684 1333 721 1375 ue
737 1317 857 1390 longius
874 1318 973 1380 triduo
989 1321 1026 1379 ab

60 1401 163 1460 castris
190 1399 279 1458 absit.
319 1399 374 1458 His
400 1400 571 1459 constitutis
593 1402 685 1460 rebus
708 1402 772 1461 suis
798 1402 1025 1477 inopinantibus

60 1501 143 1559 quam
165 1484 307 1545 maximis
328 1490 431 1560 potest
452 1485 608 1544 itineribus
629 1487 778 1546 Viennam
800 1489 947 1560 pervenit.
983 1490 1024 1548 lbi

60 1578 181 1632 nanctus
203 1575 359 1628 recentem
380 1570 561 1645 equitatum,
589 1587 680 1645 quem
701 1572 802 1631 multis
824 1580 894 1630 ante
916 1573 1025 1634 diebus

58 1671 90 1715 co
104 1653 320 1729 praemiserat,
336 1670 438 1729 neque
452 1655 560 1715 diurno
576 1671 678 1730 neque
693 1665 842 1716 nocturno
859 1655 965 1716 itinero
980 1661 1023 1716 in-

57 1739 194 1800 termisso
210 1753 267 1813 per
281 1739 359 1798 lines
374 1738 569 1799 Haeduorum
585 1741 613 1798 in
625 1741 778 1815 Lingones
794 1741 956 1814 contendit,
973 1742 1022 1801 ubi

57 1825 131 1885 duae
147 1823 292 1897 legiones
302 1823 489 1897 hiemabant,
506 1830 553 1898 ut,
570 1825 680 1900 siquid
698 1826 787 1884 etiam
802 1826 840 1884 de
855 1841 912 1884 sua
926 1829 1024 1886 salute

57 1909 92 1969 ab
105 1908 244 1968 Haeduis
260 1907 385 1967 iniretur
400 1909 535 1983 consilii,
559 1911 711 1969 celeritate
727 1918 947 1984 praecurreret.
978 1911 1023 1971 Ho

58 2010 121 2054 cum
144 1993 352 2066 pervenisset,
382 1994 420 2051 ad
444 1994 578 2068 reliquas
601 1995 737 2068 legiones
764 1996 851 2054 mittit
877 1995 1024 2070 priusque

57 2093 160 2139 omnes
176 2077 205 2135 in
221 2094 315 2136 unum
327 2080 426 2137 locum
442 2079 536 2152 cogit,
566 2096 656 2154 quam
679 2080 716 2138 de
739 2081 803 2139 eius
820 2080 953 2140 adventu
967 2083 1023 2139 Ar·

57 2163 156 2222 vernis
173 2161 303 2221 nuntiari
318 2171 435 2236 posset.
451 2163 516 2221 Hac
530 2178 564 2221 re
580 2162 701 2237 cognita
711 2166 944 2238 Vercingetorix
960 2182 1023 2225 rur-

11 2309 14 2316 ,
56 2265 106 2310 sus
127 2249 159 2307 in
181 2246 333 2320 Bituriges
355 2248 520 2306 exercitum
542 2249 659 2308 reducit
675 2256 766 2323 atque
781 2250 852 2308 inde
868 2250 1023 2322 proiectus

56 2331 270 2408 Gorgobinam,
285 2331 429 2392 Boiorum
441 2333 596 2407 oppidum,
614 2349 692 2406 quos
708 2335 748 2392 ibi
763 2334 919 2394 Helvetico
935 2351 1024 2408 proc·

57 2420 91 2480 io
112 2417 216 2477 victos
238 2416 351 2477 Caesar
372 2418 586 2476 conlocauerat
605 2418 804 2493 Haeduisque
829 2419 1023 2494 adtribuerat,

56 2517 235 2581 oppugnare
250 2502 383 2562 instituit.

134 2587 172 2646 X.
195 2585 337 2659 Magnam
352 2586 427 2645 liaeo
441 2603 492 2646 res
509 2584 631 2645 Caesari
648 2587 853 2646 difficultatem
869 2589 908 2647 ad
924 2590 1023 2648 consi-

56 2674 122 2733 lium
151 2671 335 2745 capiendum
361 2671 532 2744 adferebat,
560 2671 586 2729 si
606 2672 753 2745 reliquam
777 2681 891 2746 partem
918 2673 1025 2733 hiemis

55 2774 111 2818 uno
127 2758 158 2816 in
176 2758 244 2814 loco
261 2755 398 2828 legiones
415 2756 591 2827 contineret,
608 2770 646 2813 ne
662 2757 868 2830 stipendiariis
883 2758 1023 2818 Haeduo-

55 2859 116 2902 mm
132 2840 318 2916 expugnatis
334 2848 442 2900 cuneta
457 2839 553 2898 Gallia
565 2840 716 2914 deficeret,
733 2842 816 2915 quod
829 2842 939 2900 nullum
954 2844 1025 2902 arni-

55 2927 94 2986 cis
110 2927 141 2985 in
162 2941 199 2984 co
216 2924 403 2999 praesidium
417 2925 570 2984 videretur
586 2925 717 2999 positum
733 2941 821 2994 esse3
839 2925 865 2984 si
880 2928 1026 2987 maturius

57 3028 90 3070 ex
104 3010 243 3070 hibernis
259 3010 419 3083 educeret,
445 3026 484 3068 ue
499 3009 536 3068 ab
554 3025 588 3068 re
603 3010 799 3070 frumentaria
814 3010 899 3070 duris
915 3012 1025 3070 subve-

56 3096 203 3156 ctionibus
220 3094 382 3154 laboraret.
398 3095 557 3154 Praestare
571 3094 670 3154 visum
683 3104 730 3156 est
743 3103 843 3155 tamen
860 3095 958 3153 onruis
971 3095 1022 3154 dil-

56 3180 201 3242 bcaltates
216 3181 347 3255 perpeti,
364 3197 453 3254 quam
465 3187 547 3240 tanta
560 3182 743 3240 contumelia
754 3187 879 3253 accepta
893 3179 1025 3239 ommam

56 3283 176 3327 suorum
196 3265 372 3326 voluntates
394 3266 536 3323 alienare.
565 3266 672 3339 ltaque
688 3265 864 3324 cohortatus
879 3264 1025 3324 Haeduos

55 3350 92 3411 dc
111 3351 325 3427 supportando
348 3356 518 3409 commeatu
538 3349 701 3423 praemittit
722 3349 760 3407 ad
781 3349 891 3424 Boios,
920 3349 972 3424 qui
987 3349 1026 3409 de
1089 3344 1094 3351 ’

56 3451 111 3499 tuo
133 3438 266 3498 adventu
290 3435 421 3494 doceant
442 3433 676 3511 hortenturque,
701 3434 785 3497 utin
808 3434 871 3496 lide
884 3441 1035 3497 maneant
