2272 4176
122 507 182 571 1⁰8
392 528 574 573 oanrrouus
592 530 633 571 ur
654 528 835 572 errorum

242 977 561 1063 ORATIONES
581 977 653 1062 Er
672 976 989 1062 EPISTULAE

589 1152 632 1192 EX

301 1280 564 1359 HISTORIIS
591 1281 920 1359 EXOERPTAE.

535 1469 700 1479 ——--

120 1618 164 1677 M.
187 1616 294 1677 Aemili
316 1617 424 1693 Lepidi
449 1622 577 1679 consulis
603 1620 647 1678 ud
662 1621 804 1694 populum
826 1618 996 1683 Romanum
1014 1617 1097 1677 orato

484 1710 589 1762 contra
610 1702 735 1763 Sullam.

88 1864 102 1914 1
205 1833 371 1919 Clementia
395 1865 424 1919 et
450 1859 581 1936 probitas
608 1865 721 1929 vostra,
748 1859 892 1930 Quirites,
923 1858 1031 1936 quibus
1050 1874 1095 1935 per

120 1949 233 2005 ceteras
262 1943 356 2018 gentis
384 1945 513 2003 maxumi
533 1950 562 2003 et
588 1942 658 2003 clari
680 1944 764 2011 estis,
793 1941 967 2020 plurumum
995 1943 1096 2002 timoris

119 2028 191 2087 mihi
220 2028 331 2086 faciunt
357 2026 514 2087 advorsum
542 2027 726 2105 tyrannidem
747 2025 778 2085 L.
806 2024 920 2093 Sullae,
952 2044 1005 2096 ne,
1032 2043 1096 2103 quac

120 2113 177 2189 ipsi
198 2109 324 2170 nefanda
347 2111 541 2178 existumetis,
564 2128 598 2169 ea
617 2128 721 2188 parum
737 2109 886 2169 credendo
908 2109 946 2169 de
965 2110 1028 2170 aliis
1049 2111 1096 2170 cir·

120 2194 359 2261 cumveniamini,
385 2228 420 2236 —
445 2196 619 2270 praesertim
640 2213 707 2254 cum
729 2191 768 2253 illi
789 2210 857 2270 spes
879 2195 976 2253 omnis
995 2196 1026 2253 in
1043 2210 1115 2253 sce-r

119 2277 181 2337 lere
201 2284 288 2354 atque
307 2278 429 2353 perfidia
450 2279 486 2336 sit
507 2296 604 2356 neque
627 2295 658 2337 se
680 2276 762 2337 aliter
780 2283 876 2336 tutum
892 2281 993 2353 putet,
1018 2295 1097 2355 quam

120 2363 144 2420 si
159 2362 242 2435 peior
265 2367 351 2437 atque
374 2360 564 2421 intestabilior
586 2368 667 2422 metu
688 2368 786 2420 vostro
809 2359 913 2428 inerit,
940 2379 997 2438 quo
1015 2363 1097 2438 captis

119 2442 262 2502 libertatis
279 2461 379 2502 curam
398 2446 514 2504 miseria
532 2446 638 2505 eximat
663 2479 697 2488 -
720 2452 782 2512 aut,
806 2445 830 2502 si
852 2445 1055 2522 provideritis,
1074 2445 1098 2504 in

85 2526 242 2591 evitandis
259 2527 397 2602 periculis
418 2531 510 2603 magis
531 2546 619 2606 qnam
638 2527 807 2589 ulciscendo
821 2529 986 2587 teneamini.
1006 2524 1098 2589 Satel-

118 2609 184 2670 lites
207 2611 325 2687 quidem
340 2613 415 2680 eius,
439 2611 572 2672 homines
587 2614 715 2672 maxumi
736 2611 876 2678 nominis,
901 2615 1030 2689 optumis
1045 2630 1122 2675 ma-rr

120 2695 218 2754 iorum
237 2694 393 2773 exemplis,
416 2712 530 2773 nequeo
551 2698 619 2755 satis
640 2697 755 2763 mirari,
777 2696 827 2773 qui
850 2695 1058 2757 dominationis
1075 2700 1098 2756 in

120 2795 172 2836 vos
193 2779 339 2838 servitium
363 2797 448 2838 suum
466 2780 633 2839 mercedem
656 2780 725 2838 dant
747 2786 775 2839 et
793 2785 957 2857 utrumque
979 2799 1034 2859 per
1062 2782 1099 2839 in·

86 2862 225 2922 3iur1am
250 2861 363 2920 malunt
382 2880 470 2940 quam
492 2868 612 2938 optumo
633 2865 698 2924 iure
718 2861 804 2922 bberi
825 2878 932 2938 agere:
954 2865 1100 2942 praeclara

121 2945 282 3005 Brutorum
303 2951 389 3023 atquc
412 2945 602 3006 Aemiliorum
625 2954 653 3007 et
677 2946 860 3006 Lutatiorum
884 2946 997 3022 proles,
1019 2949 1100 3026 geniti

86 3028 158 3089 aad
174 3046 223 3097 ea,
247 3047 322 3106 quac
339 3031 465 3089 maiores
487 3031 592 3090 virtute
613 3048 771 3108 peperere,
795 3028 1009 3092 subvortunda.
1033 3034 1124 3093 Namu

121 3112 190 3190 quid
213 3112 360 3190 aPyrrbo
381 3112 552 3180 Hannibale,
574 3114 766 3194 Philippoque
788 3120 817 3174 ct
836 3113 984 3177 Antiocho
1007 3117 1100 3178 desen-

120 3214 186 3258 sum
206 3203 249 3256 est
271 3195 348 3255 aliud
370 3215 458 3275 quam
478 3197 597 3257 libertas
619 3205 647 3259 ct
662 3217 732 3258 suae
750 3199 856 3276 cuique
871 3200 968 3270 sedes,
989 3202 1101 3264 neucui

86 3293 103 3343 5
120 3281 176 3340 nisi
188 3279 302 3357 legibus
320 3281 513 3357 pareremus?
533 3299 608 3360 quae
625 3288 728 3342 cuncta
743 3300 864 3342 scaevus
886 3284 943 3344 iste
962 3284 1102 3347 Romulus

120 3365 204 3443 quasi
229 3363 266 3423 ab
295 3366 422 3425 externis
441 3372 525 3442 rapta
548 3372 644 3435 tenet,
666 3384 725 3425 non
749 3371 793 3425 tot
814 3369 1002 3429 exercituum
1026 3371 1103 3431 cladc

119 3466 216 3526 neque
239 3447 391 3508 consulum
414 3455 444 3509 et
462 3448 585 3511 aliorum
605 3451 779 3528 principum,
802 3468 877 3528 quos
899 3450 1022 3515 fortuna
1040 3453 1131 3515 bellis

121 3538 351 3609 consumpserat,
374 3534 501 3602 satiatus
524 3542 568 3594 set
588 3540 650 3595 turn
670 3533 831 3603 crudelior,
857 3553 926 3594 curn
947 3536 1103 3618 plerosque

86 3629 103 3679 o
121 3615 267 3675 secundae
289 3632 338 3675 res
359 3618 389 3675 in
410 3617 628 3679 miserationem
649 3637 683 3679 ex
704 3619 748 3677 ira
770 3624 899 3678 vortunt.
924 3621 1006 3690 Quin
1028 3623 1104 3683 solus

122 3699 251 3758 omnium
267 3705 334 3775 post
354 3703 528 3761 memoriam
550 3702 670 3762 humani
691 3703 807 3777 generis
827 3701 975 3780 subplicia
995 3708 1026 3768 in
1043 3712 1105 3785 post

117 3780 235 3845 futuros
259 3785 423 3864 conposuit,
446 3785 606 3866 qoisprius
619 3786 723 3846 iniuria
743 3803 830 3863 quam
847 3787 906 3848 vita
922 3796 1007 3851 certa
1019 3796 1103 3852 essct:
