2272 4176
298 39 1077 433 ιη

72 543 115 605 44
363 546 414 606 DE
435 544 560 606 BELLO
584 543 747 605 GALLICO

74 705 147 771 rent,
164 699 324 759 statuisset
343 699 523 758 Aduatucos
539 712 610 756 esse
626 697 867 771 conservandos,
890 713 930 757 ne
946 715 985 759 sc
998 718 1026 759 ιι

70 782 128 840 mis
144 782 340 858 despoliaret.
371 782 434 841 Sibi
451 797 558 840 onmes
574 781 638 838 lere
653 781 799 841 finitimos
814 796 887 841 esse
902 783 1045 845 inimicos

71 881 108 923 ac
123 882 198 925 suae
218 868 320 927 virtuti
341 866 494 933 Invidere;
524 864 668 938 aquibus
684 880 719 923 se
740 865 909 925 defendere
923 867 1044 929 traditis

70 951 161 1009 armis
177 968 239 1010 non
255 958 393 1026 possent.
424 947 486 1006 Sibi
503 956 670 1023 praestare,
693 950 718 1007 si
733 948 764 1007 ln
781 965 851 1008 eum
866 964 976 1009 casum
991 952 1042 1011 de-

70 1033 269 1108 ducerentur,
295 1032 433 1108 quamvis
455 1032 607 1093 fortunam
629 1048 647 1090 a
668 1035 784 1107 populo
806 1033 948 1094 Romano
973 1036 1042 1109 pati,

43 1118 47 1124 “
71 1134 161 1193 quam
176 1120 214 1178 ab
230 1119 277 1176 his
292 1133 349 1192 per
364 1116 530 1176 cruciatum
544 1115 682 1193 interfici,
704 1118 782 1176 inter
797 1133 876 1194 quos
892 1118 1042 1178 dominer³

70 1210 282 1262 consuessent.
673 1272 678 1281 Ι

151 1286 268 1344 XXXII.
297 1286 348 1345 Ad
367 1284 444 1344 haec
460 1284 574 1344 Caesar
593 1285 770 1358 respondit:
793 1284 834 1344 Se
848 1286 948 1360 magIs
970 1302 1040 1347 con-

70 1370 232 1428 suetudine
247 1386 304 1428 sua
320 1385 410 1443 quam
425 1368 531 1428 merito
554 1384 659 1428 eorum
674 1368 825 1438 civitatem
841 1379 1038 1431 conservatu-

67 1469 143 1526 rum,
160 1453 186 1512 si
203 1454 302 1527 prius,
327 1469 418 1528 quam
430 1469 549 1512 murum
565 1453 644 1512 aries
666 1452 831 1526 attigisset,
854 1469 889 1512 se
905 1454 1040 1515 dedidis-

69 1544 151 1596 sent:
174 1539 229 1596 sed
246 1538 409 1597 deditionis
424 1538 538 1596 nullam
561 1552 632 1596 esse
648 1536 859 1596 condicionem
874 1538 934 1596 nisi
949 1540 1039 1599 armis

68 1621 196 1680 traditis.
227 1620 267 1680 Se
282 1623 328 1695 id,
352 1622 436 1696 quod
457 1621 488 1679 in
502 1620 620 1679 Nerviis
637 1621 777 1691 lecisset,
802 1620 954 1681 iacturum
974 1622 1035 1681 llni·

69 1705 221 1779 tumisque
236 1706 462 1780 imperaturum,
478 1719 517 1762 ne
529 1720 621 1778 quam
633 1704 782 1763 dediticiis
796 1705 1038 1779 populiRomani

68 1789 205 1848 iniuriam
221 1790 374 1849 Inierrent.
397 1791 443 1849 Re
455 1789 592 1848 nuntiata
606 1789 646 1848 ad
657 1804 741 1861 suoS,
759 1804 838 1862 quae
852 1788 1038 1864 imperaren-

69 1882 116 1932 tur
128 1875 229 1931 lacere
241 1874 391 1933 dixerunt.
407 1875 570 1933 Armorum
581 1887 692 1946 magna
703 1872 894 1932 multitudine
906 1874 1039 1935 demuro

69 1959 97 2017 in
120 1958 251 2031 fossam,
276 1974 355 2054 quac
371 1963 436 2016 erat
451 1964 520 2016 ante
535 1957 698 2031 oppidum,
720 1956 808 2029 Iacta,
831 1956 877 2015 sle
891 1964 926 2017 ut
939 1974 1038 2034 prope

69 2057 214 2101 summam
235 2043 311 2102 muri
338 2042 521 2116 aggerisque
549 2040 735 2100 altitudinem
758 2040 858 2099 acervi
886 2057 1038 2102 armorum

70 2127 317 2201 adaequarente
301 2134 440 2186 ettamen
457 2125 575 2185 circiter
586 2129 699 2199 parte
700 2131 745 2182 er
745 2140 782 2197 ιι
798 2130 832 2183 ut
843 2134 956 2198 postea
971 2142 1037 2201 per·

68 2217 207 2284 spectum
224 2219 285 2285 est,
308 2214 386 2269 celat
375 2219 406 2269 ta
420 2217 512 2284 atque
526 2210 557 2268 in
572 2208 688 2284 oppido
703 2215 822 2268 retenta
837 2215 908 2282 port
909 2210 936 2269 is
952 2216 1034 2287 pete

67 2294 157 2354 factis
173 2309 210 2351 eo
227 2295 276 2352 die
291 2310 369 2366 pace
384 2301 455 2353 sunt
469 2292 526 2352 usi.

150 2377 279 2436 XXXIII.
304 2375 367 2435 Sub
381 2391 546 2450 vesperum
554 2375 667 2434 Caesar
677 2380 783 2450 portas
800 2376 901 2436 claudi
911 2378 1035 2439 milites-

68 2477 128 2535 que
142 2476 181 2518 ex
197 2460 311 2533 oppido
328 2460 412 2518 exire
433 2460 537 2531 iussit,
559 2474 599 2518 ne
615 2475 705 2533 quam
720 2466 813 2520 noctu
835 2461 984 2537 oppidani
998 2464 1036 2523 ab

67 2544 209 2603 militibus
232 2543 370 2602 iniuriam
397 2545 582 2618 acciperent.
615 2543 660 2603 llli
682 2552 752 2604 ante
773 2545 861 2618 inito,
891 2554 925 2605 ut
939 2547 1036 2607 intel-

67 2631 177 2687 lectum
193 2635 253 2699 est,
277 2627 420 2700 consili0,
445 2627 527 2702 quod
543 2626 697 2686 deditione
712 2630 792 2687 saeta
806 2636 931 2689 nostros
946 2647 1034 2705 prae·

67 2712 146 2770 sidia
174 2712 361 2771 deducturos
390 2719 442 2771 aut
462 2711 596 2785 denique
622 2708 828 2786 indiligentius
857 2722 1033 2775 servaturos

67 2796 272 2870 crediderant,
296 2794 403 2870 partim
419 2811 488 2854 cum
501 2795 553 2867 ils,
577 2811 657 2870 quae
671 2797 857 2856 retinuerant
871 2803 902 2856 et
916 2800 1033 2858 celave-

65 2886 141 2951 rant,
164 2881 264 2952 armis‚
287 2881 395 2954 partim
412 2880 506 2939 scutis
523 2895 562 2939 ex
577 2880 689 2939 cortice
704 2880 791 2939 tactis
807 2890 859 2941 aut
874 2881 1037 2945 vlmInibus

66 2965 203 3037 intextis,
227 2979 306 3039 quae
327 2964 445 3039 subito,
467 2971 500 3024 ιιι
513 2965 660 3039 temporis
682 2965 833 3061 exiguitas
849 2966 1034 3040 postulabat,

67 3048 196 3122 pellibus
212 3049 430 3124 induxerantt
383 3054 477 3109 ttert
477 3049 507 3108 la
520 3049 630 3123 vigilia,
655 3065 715 3122 qua
729 3049 850 3108 minime
865 3050 981 3110 arduus
995 3050 1034 3109 ad

20 3150 25 3159 ·
65 3139 187 3192 nostras
202 3133 385 3194 munitiones
408 3149 557 3193 ascensus
579 3133 703 3192 vidcba
692 3138 754 3207 ur
777 3133 920 3193 omnibus
936 3132 1034 3210 copiis

64 3225 172 3292 repent
175 3217 224 3277 ino
240 3234 279 3277 ex
295 3218 410 3314 oppido
432 3218 623 3293 eruptionem
638 3218 784 3277 lecerunt.
822 3218 981 3293 Celeriter,
1002 3227 1035 3279 ut

65 3311 134 3361 ante
157 3301 303 3361 Caesar
295 3309 472 3376 imperarat,
501 3302 622 3377 ignibus
644 3302 868 3377 significatione
895 3304 976 3362 lacte
944 3311 1035 3362 tex

65 3388 211 3459 proximis
228 3393 294 3447 cast
283 3388 361 3446 ctllis
377 3402 414 3446 co
428 3403 611 3447 concursum
626 3394 674 3446 est
685 3395 915 3463 pugnatumque
929 3386 967 3446 ab
979 3386 1034 3446 bo·
1073 3421 1077 3475 3

64 3469 161 3528 stibus
183 3472 223 3529 ita
244 3472 354 3531 acriter
369 3479 431 3543 est,
452 3478 486 3531 ut
500 3487 518 3530 a
531 3471 606 3531 viris
622 3472 751 3530 sortibus
771 3471 803 3529 in
825 3477 962 3529 extrema
977 3484 1035 3545 spe

64 3554 179 3625 salutis,
196 3555 301 3630 iniquo
317 3557 395 3630 loco,
412 3547 518 3616 contra
532 3572 596 3629 eos,
620 3555 671 3629 qui
687 3570 726 3613 ex
739 3556 820 3614 vallo
836 3555 1034 3630 turribusque

63 3638 123 3696 tela
138 3637 288 3714 iacerent,
311 3640 441 3716 pugnari
455 3639 575 3712 debuit,
598 3655 666 3698 cum
681 3638 711 3696 in
726 3655 789 3697 una
801 3639 912 3699 virtute
934 3638 1033 3700 omnis

64 3735 137 3793 spes
165 3721 272 3779 salutis
300 3726 491 3785 consisteret.
529 3721 646 3782 Occisis
669 3721 708 3781 ad
728 3722 883 3782 hominum
911 3724 1033 3783 milibus
1073 3742 1077 3747 ·

63 3811 205 3883 quattuor
218 3805 328 3881 reliqui
347 3808 380 3868 in
400 3808 550 3883 oppidum
563 3806 668 3868 reiecti
683 3813 764 3869 sunt.
791 3806 945 3870 Postridie
964 3808 1032 3871 eius
1075 3814 1077 3819 '
