2272 4176
1014 278 1047 309 ..1

68 517 107 583 14
357 520 408 581 DE
430 520 555 582 BELLO
568 521 741 586 -GALLICO

68 680 129 733 tam
149 681 270 735 noctem
291 674 381 733 etiarn
401 676 440 734 ad
460 674 666 750 inpedimenta
687 679 853 749 pugnatum
874 680 937 751 est,
968 692 1037 751 pro·

68 765 175 832 pterea
190 760 274 834 quod
289 761 441 834 provallo
458 773 562 818 carros
585 759 761 819 obiecerant
781 765 811 816 et
825 774 843 818 e
857 759 927 819 loco
944 776 1036 836 supe·

66 842 149 901 riore
170 843 201 903 in
223 852 346 904 nostros
367 843 523 902 venientes
539 842 600 900 tela
620 842 825 917 coniciebant,
848 849 879 902 et
898 845 1037 905 nonnulli

67 927 145 985 inter
158 944 262 988 carros
274 935 421 1001 rotasque
435 930 566 985 mataras
582 940 618 984 ac
629 927 763 1000 tragulas
779 926 972 989 subiciebant
982 946 1037 991 no-

68 1018 213 1087 strosque
227 1011 436 1072 vulnerabant.
466 1008 523 1068 Diu
539 1024 608 1069 cum
623 1018 706 1070 esset
721 1015 895 1085 pugnatum,
918 1012 1034 1087 inpedi-

67 1096 177 1155 mentis
195 1096 366 1168 castrisque
381 1092 478 1154 nostri
493 1092 581 1169 potiti
596 1100 676 1154 sunt.
710 1094 754 1153 Ibi
771 1094 959 1169 Orgetorigis
976 1096 1035 1156 ntia

67 1186 160 1254 atque
176 1197 253 1240 unus
270 1195 287 1238 e
302 1178 371 1238 filiis
387 1184 495 1253 captus
511 1184 567 1238 cst.
596 1177 644 1236 Ex
659 1194 696 1238 co
712 1178 829 1253 proelio
847 1179 967 1238 circiter
982 1179 1035 1240 ho-

67 1264 180 1323 minum
196 1264 276 1322 milia
292 1279 372 1321 cxxx
388 1264 619 1337 superfuerunt,
641 1277 740 1337 eaque
754 1267 817 1322 tota
833 1268 924 1322 nocte
940 1264 1035 1324 conti-

68 1354 174 1406 nenter
188 1348 301 1406 ierunt:
321 1349 433 1406 nullam
448 1354 565 1422 partem
579 1347 678 1406 noctis
693 1345 799 1405 itincre
815 1346 990 1409 intermisso
1006 1350 1034 1408 io

68 1431 144 1490 lines
158 1431 328 1504 Lingonum
350 1432 398 1490 dic
415 1437 522 1506 quarto
545 1436 758 1507 pervenerunt,
782 1445 851 1488 cum
866 1438 895 1490 et
909 1439 1036 1507 propter

67 1517 193 1574 vulnera
208 1516 333 1574 militum
354 1521 383 1573 et
396 1521 522 1590 propter
537 1515 724 1588 sepulturam
745 1514 918 1575 occisorum
939 1514 1034 1577 nostri

67 1599 197 1673 triduum
211 1599 319 1659 morati
335 1615 391 1659 eos
406 1599 495 1674 sequi
509 1614 571 1660 non
587 1597 767 1673 potuissent.
793 1598 905 1658 Caesar
919 1600 1035 1660 adLin·

68 1699 165 1758 gonas
187 1685 302 1743 litteras
323 1683 511 1759 nuntiosque
531 1682 621 1755 misit,
644 1699 683 1741 ne
704 1696 759 1743 eos
782 1684 933 1744 frumento
957 1700 1036 1744 neve

68 1768 179 1827 aliare
199 1768 352 1827 iuvarent:
377 1767 429 1843 qui
450 1769 476 1827 si
497 1766 662 1841 iuvissent,
692 1781 726 1826 se
749 1768 858 1827 eodem
879 1768 948 1828 loco
973 1786 1034 1843 quo

68 1852 221 1912 Helvetios
237 1851 417 1911 habiturum.
447 1853 518 1927 lpse
533 1852 633 1912 triduo
656 1851 830 1912 intermisso
847 1867 915 1911 curn
938 1852 1029 1929 omni·

67 1936 123 1996 bus
139 1937 236 2010 copiis
253 1952 307 1995 eos
324 1936 412 2011 sequi
428 1937 536 2011 coepit.
576 1966 586 1979 ψ

30 2016 34 2023 “
148 2020 266 2079 XXVII.
289 2021 418 2080 Helvetii
435 2020 568 2081 omnium
579 2035 681 2079 rerum
696 2018 800 2093 inopia
814 2018 938 2079 adducti
952 2021 1033 2095 lega·

66 2111 114 2165 tos
127 2104 167 2164 de
178 2103 332 2165 deditione
344 2105 384 2164 ad
396 2120 464 2165 curn
475 2106 630 2165 miserunt.
655 2103 791 2177 Quicum
804 2102 914 2163 eumin
928 2104 1036 2164 itinere

67 2188 284 2249 convenissent
299 2204 397 2264 seque
412 2191 451 2249 ed
465 2190 562 2265 pedes
577 2188 781 2264 proiecissent
794 2186 1035 2263 suppliciterque

66 2272 159 2332 locuti
174 2273 284 2332 ilentes
300 2289 408 2348 pacem
423 2274 581 2348 petissent,
597 2278 690 2351 atque
705 2287 760 2333 eos
775 2272 804 2329 in
820 2286 858 2330 eo
874 2271 954 2346 loco,
972 2289 1034 2351 quo

66 2364 129 2416 tum
150 2364 267 2431 essent,
290 2373 379 2416 suum
395 2357 559 2418 adventum
574 2362 737 2430 expectare
751 2355 902 2429 iussisset,
923 2372 1033 2430 parue-

65 2449 142 2500 runt.
164 2441 209 2500 Eo
224 2447 390 2516 postquam
406 2441 519 2501 Cacsar
533 2440 679 2515 pervenit,
696 2439 831 2513 obsides
853 2454 946 2515 arma,
969 2457 1033 2500 ser-

66 2541 138 2597 vos,
161 2526 211 2599 qni
227 2526 267 2583 ad
281 2518 336 2585 eo's
353 2525 567 2605 perfugissent,
583 2524 735 2600 poposcit.
764 2525 841 2584 Dum
856 2538 893 2582 ea
907 2526 1032 2600 conqui-

64 2617 171 2669 runtur
186 2616 215 2668 et
230 2610 435 2682 conferuntur,
451 2616 541 2670 nocte
555 2609 730 2670 intermissa
745 2608 862 2668 circiter
877 2606 1035 2671 hominum

66 2694 147 2753 milia
157 2710 188 2750 vr
207 2692 272 2752 cius
286 2694 364 2769 pagi,
388 2693 438 2768 qui
447 2692 639 2768 Verbigenus
655 2695 832 2769 appellatur,
847 2691 914 2752 sive
925 2692 1036 2755 timore

64 2776 229 2852 perterriti,
250 2793 289 2836 ne
310 2778 401 2837 armis
416 2778 534 2838 traditis
551 2778 701 2854 supplicio
724 2777 944 2850 adficerentur,
967 2777 1035 2839 sive

64 2878 121 2937 spe
143 2863 250 2922 salutis
265 2862 395 2935 inducti,
417 2863 502 2937 quod
516 2862 546 2922 in
562 2870 646 2924 tanta
666 2861 855 2923 multitudine
876 2861 1034 2924 dediticio-

64 2964 130 3006 rum
145 2963 233 3006 suam
245 2948 347 3021 lugam
363 2952 414 3005 aut
429 2947 574 3007 occultari
589 2955 641 3008 aut
656 2945 778 3007 omnino
793 2944 924 3019 ignorari
937 2960 1035 3021 posse

64 3031 286 3104 existimarent,
308 3031 405 3105 prima
420 3038 511 3092 nocte
530 3047 548 3091 e
563 3031 671 3091 castris
686 3029 892 3089 Helvetiorum
914 3030 1034 3103 egressi

64 3115 102 3174 ad
117 3115 256 3175 Rhenum
270 3115 411 3189 finesque
427 3116 646 3176 Germanorum
662 3114 892 3174 contenderunt.

147 3199 280 3259 XXVIII.
305 3199 394 3272 Quod
409 3199 460 3259 ubi
475 3201 587 3260 Caesar
602 3198 713 3271 resciit,
738 3214 868 3272 quorum
883 3212 938 3271 per
954 3197 1033 3257 lines

63 3284 167 3359 ierant,
183 3283 240 3356 liis,
256 3283 299 3342 uti
315 3283 531 3358 conquirerent
545 3289 574 3342 et
587 3283 779 3354 reducerent,
796 3282 821 3340 si
837 3281 894 3340 sibi
912 3282 1032 3356 purgati

18 3374 21 3379 '
63 3383 135 3427 esse
149 3368 270 3442 vellent,
286 3367 460 3442 imperavit:
482 3371 627 3427 reductos
643 3367 673 3425 in
688 3366 822 3426 hostiurn
836 3381 964 3428 numero
980 3366 1032 3425 ha-

63 3450 142 3519 buit,
166 3451 302 3527 reliquos
319 3467 426 3512 omnes
442 3452 611 3525 obsidibus,
634 3451 742 3525 armis,
764 3449 899 3524 perfugis
916 3450 1032 3510 traditis

63 3535 92 3593 in
106 3534 291 3595 deditionem
306 3535 433 3610 accepit.
454 3536 620 3609 Helvetios
635 3535 790 3608 Tulingos,
805 3533 987 3608 Latobrigos
1003 3535 1031 3594 in

1 3694 5 3703 ι
64 3618 141 3678 lines
156 3634 249 3693 suos,
272 3621 355 3680 unde
376 3624 462 3680 erant
475 3619 620 3695 profecti,
642 3620 755 3679 reverti
769 3618 873 3691 iussit,
897 3625 927 3677 et
949 3618 1032 3693 quod

63 3702 203 3764 omnibus
219 3704 367 3765 fructibus
383 3703 504 3765 amissis
520 3703 602 3764 domi
616 3704 690 3765 nihil
704 3709 770 3763 erat
785 3719 845 3778 quo
862 3703 972 3762 samem
988 3710 1019 3762 to

63 3790 203 3867 tererent,
225 3787 446 3865 allobrogibus
460 3788 636 3869 imperavit,
656 3786 741 3851 otiis
756 3786 898 3849 trummni
912 3788 1034 3863 copiam
