2272 4176
457 177 573 240 LIBER
594 180 616 239 1.
963 176 1045 241 223-

48 329 211 404 eluxerant,
241 336 345 390 castra
369 330 504 406 iungunt.
538 333 778 408 Relinquebatur
804 333 927 393 Caesari
953 333 1027 394 nihi.

49 414 103 475 nisi
125 414 168 476 uti
190 415 332 491 equitatu
352 431 460 492 agmen
482 416 730 478 adversariorum
750 420 829 478 male
850 418 976 479 haberet
996 424 1026 479 et

50 505 195 575 carperet.
223 498 308 561 Pons
330 500 409 561 enim
429 501 528 577 ipsius
549 518 692 576 magnum
713 502 870 563 circuitum
884 502 1025 577 habebat,

50 591 80 645 ιι
97 584 193 646 multo
216 585 359 646 breviore
379 585 487 646 itinere
507 586 549 646 illi
563 588 602 646 ad
616 587 763 647 Hiberum
777 589 938 663 pervenire
952 603 1024 662 pos-

52 674 121 729 sent.
149 668 281 745 Equites
302 669 341 730 ab
354 686 400 731 ‘eo
421 671 508 731 missi
529 671 643 732 llumen
658 679 817 732 transeunt
831 679 875 747 et,
903 688 971 731 cum
986 673 1025 731 de

28 762 37 785 ¹·
52 753 132 814 tertia
152 753 275 829 virgilie
294 753 431 815 Petreius
454 765 547 831 atque
561 756 707 816 Afranius
731 764 832 818 castra
845 757 1024 829 movissent,

54 844 171 914 repente
193 854 266 899 sese
286 840 326 899 ad
346 839 546 901 novissimum
568 856 675 915 agmen
692 843 858 901 ostendunt
872 848 902 900 et
915 857 1025 915 magna

55 923 236 984 mulitudine
262 924 447 986 circumfusa
470 926 583 987 morari
608 931 700 1001 atque
726 926 782 986 iter
807 926 955 999 impedire
979 925 1023 984 in-

56 1007 168 1083 cipiunt.

128 1093 234 1154 LXIV.
255 1093 356 1154 Prima
368 1095 438 1154 luce
452 1110 492 1155 ex
506 1095 720 1170 superioribus
735 1094 828 1169 locis,
855 1111 936 1171 quae
950 1094 1022 1155 Cae·

57 1178 125 1238 saris
139 1178 249 1239 eastris
265 1186 351 1239 erent
366 1179 541 1255 coniuncta,
564 1180 746 1240 cernebatur
760 1180 912 1255 equitatus
928 1178 1023 1240 nostri

58 1263 163 1339 proelio
179 1263 367 1325 novissimos
379 1264 499 1325 illorum
510 1264 608 1339 premi
619 1265 815 1325 vehementer
827 1281 863 1324 ac
875 1281 1022 1326 nonnum-

59 1363 138 1425 quam
151 1348 306 1409 sustinere
321 1348 489 1408 extremum
503 1365 611 1424 agmen
627 1357 719 1426 atque
733 1351 925 1426 interrumpi,
948 1349 1022 1409 alias

59 1432 148 1493 irlcmi
169 1434 259 1508 signa
280 1439 310 1493 et
329 1433 540 1494 universarum
562 1434 732 1495 cohortium
759 1435 875 1509 impetu
898 1441 1021 1495 nostros

36 1594 39 1599 Ι
60 1519 192 1595 propelli,
217 1519 288 1578 dein
307 1535 416 1579 rursus
438 1535 608 1580 conversos
623 1519 754 1596 insequi.
784 1519 867 1579 Totis
882 1535 956 1579 vero
973 1534 1021 1578 ca-

60 1603 118 1665 tuis
133 1603 243 1663 milites
259 1602 398 1663 circulari
410 1613 440 1665 et
452 1605 558 1665 dolere
570 1605 690 1665 hostem
703 1620 741 1664 ex
753 1604 893 1664 manibus
906 1603 1022 1680 dimitti,

59 1686 158 1748 bellum
171 1688 350 1748 necessario
366 1690 486 1765 longius
502 1689 588 1764 duci,
611 1690 804 1750 centuriones
820 1689 1021 1764 tribunosque

61 1772 171 1833 militum
187 1773 273 1832 adire
288 1779 381 1847 atque
397 1774 576 1848 obsecrare,
592 1780 626 1834 ut
640 1790 697 1849 per
712 1790 766 1834 eos
784 1774 1018 1834 Caesareertior
1070 1837 1076 1848 ,

60 1856 141 1933 teret,
162 1873 200 1916 ne
215 1857 314 1918 labori
329 1873 387 1918 suo
409 1873 470 1920 neu
484 1859 622 1934 periculo
638 1865 793 1934 parceret:
809 1866 934 1934 paratos
950 1873 1022 1918 esse

60 1956 133 2017 sese,
158 1958 255 2018 posse
270 1950 300 2001 et
315 1943 429 2003 audere
444 1959 481 2003 ea
494 1945 622 2003 transire
637 1943 766 2019 llumen,
789 1960 851 2019 qua
863 1945 1021 2003 uaductus

60 2034 132 2088 esset
145 2028 308 2103 equitatus.
326 2027 460 2101 Quorum
475 2030 576 2090 studio
592 2036 623 2089 et
635 2029 765 2090 vocibus
781 2029 931 2088 excitatus
948 2028 1019 2088 Cae-

60 2126 109 2186 sar,
119 2113 175 2173 etsi
188 2113 312 2172 timebat
323 2119 424 2173 tantae
435 2114 633 2188 magnitudini
645 2113 777 2174 fluminis
790 2114 956 2173 exercitum
968 2114 1019 2174 ob-

58 2195 142 2273 icere,
165 2198 339 2258 conandum
353 2204 453 2257 tamen
469 2206 560 2275 atque
576 2200 797 2275 experiendum
812 2199 934 2259 iudicat.
963 2200 1019 2258 lta-

59 2298 108 2357 que
121 2281 304 2342 infirmiores
320 2283 429 2343 milites
445 2299 484 2342 ex
505 2285 645 2345 omnibus
663 2284 806 2344 centuriis
823 2284 913 2358 deligi
929 2284 1020 2357 lubet,

58 2383 178 2443 quorum
198 2374 251 2427 aut
271 2367 389 2428 animus
412 2375 463 2427 aut
483 2370 565 2429 vires
586 2370 769 2429 videbantur
791 2368 943 2429 sustinere
958 2383 1019 2428 non

56 2467 151 2527 posse.
182 2450 247 2512 Hos
270 2468 339 2512 eum
353 2453 474 2527 legione
489 2471 551 2514 una
565 2455 719 2529 praesidio
736 2455 844 2514 eastris
860 2453 1019 2528 relinquit;

54 2538 181 2614 reliquas
196 2537 333 2611 legiones
350 2539 510 2612 expeditas
528 2539 630 2598 educit
643 2555 817 2614 magnoque
833 2554 960 2598 numero
976 2538 1019 2596 iu-

54 2628 214 2683 mentorum
235 2621 264 2680 in
286 2621 410 2681 flumine
432 2639 526 2697 supra
539 2631 630 2698 atque
645 2624 724 2683 inira
739 2623 902 2683 constituto
918 2623 1018 2682 tradu-

53 2707 86 2767 cit
103 2706 282 2767 exercitum.
311 2705 403 2766 Pauci
425 2723 463 2765 ex
484 2709 530 2767 his
552 2708 694 2767 militibus
710 2707 827 2783 abrepti
842 2706 871 2765 vi
887 2705 1019 2766 fluminis

23 2860 26 2865 ,
53 2790 84 2851 ab
109 2792 248 2868 equitatu
270 2791 462 2866 excipiuntur
489 2809 525 2851 ac
553 2793 767 2862 sublevantur;
797 2791 896 2851 interit
920 2798 1019 2850 tarrren

53 2892 142 2938 nemo.
173 2876 325 2936 Traducta
347 2876 489 2936 incolumi
512 2877 648 2938 exercitu
669 2877 775 2952 copias
792 2875 913 2936 instruit
926 2875 1019 2949 tripli-

53 2976 176 3037 cemque
190 2960 286 3020 aciem
302 2961 414 3020 ducere
430 2962 542 3036 incipit.
570 2962 617 3020 Aa
632 2967 747 3021 tantum
762 2963 818 3021 luit
832 2962 860 3020 in
876 2961 1019 3020 militibus

53 3047 145 3121 studii,
162 3052 197 3106 ut
210 3045 325 3105 milium
336 3061 393 3105 sex
409 3047 448 3105 ad
462 3046 519 3105 iter
534 3047 636 3107 addito
653 3046 780 3106 circuitu
795 3060 966 3119 magnaque
980 3044 1019 3104 ad

10 3198 12 3213 Ι
54 3131 157 3190 vudum
173 3129 307 3190 fluminis
321 3146 407 3189 mora
421 3131 600 3205 interposita
615 3147 679 3205 eos,
697 3133 748 3206 qui
764 3132 802 3190 de
818 3129 904 3190 tertia
918 3128 1018 3203 vigilia
1121 3148 1127 3167 ι

16 3211 24 3241 ³·
53 3215 193 3289 exissent,
209 3222 280 3275 ante
294 3214 401 3275 horam
417 3216 477 3274 diei
493 3232 605 3275 nonam
620 3222 893 3290 consequerentur
1115 3232 1119 3239 ·

127 3300 220 3360 LXV.
243 3299 326 3375 Quos
348 3300 400 3359 ubi
421 3301 565 3359 Afranius
588 3302 695 3376 procul
716 3301 802 3359 visos
817 3315 886 3358 cum
900 3297 1019 3362 Petreio

10 3364 225 3483 icmspexlt,
250 3400 333 3446 nova
345 3401 379 3444 re
393 3386 571 3461 perterritus
586 3385 663 3446 locis
679 3384 891 3460 superioribus
908 3386 1019 3446 consti-

56 3466 86 3527 tit
97 3470 253 3549 aciemque
268 3474 315 3532 ins
317 3471 397 3531 nuit.
428 3473 561 3535 taesar'
554 3489 583 3532 m
600 3469 717 3550 eampis
732 3469 1035 3545 exauctoraretur,
