2272 4176
10 39 223 97 mser-pi:
256 39 259 47 ·
312 60 315 65 .

13 98 25 125 ,Ι
52 92 55 97 .
68 86 74 97 Ι
89 92 92 97 .

449 119 564 230 Libuit
589 172 610 229 l.
952 167 1012 232 211
1107 116 1111 125 Ι

41 342 106 387 rum
119 339 251 385 suorum
271 322 488 383 beneficiorum
510 323 540 382 in
555 339 610 384 eos
626 324 801 382 memoriam
818 325 1014 397 expellerem

43 409 157 485 Quibus
181 407 338 469 mandatis
364 407 498 483 acceptis
524 407 734 467 Massilienses
760 414 866 481 portas
894 408 1015 479 Caesari

44 495 233 563 clauserant;
248 492 385 567 Albicos,
400 493 548 552 barbaros
563 492 712 565 homines,
730 492 781 566 qui
796 492 825 550 in
838 507 943 552 eorum
954 493 1015 552 fide

44 579 209 653 antiquitus
231 582 319 637 erant
338 584 520 652 montesque
543 594 638 653 supra
650 576 818 636 Massiliam
832 576 1014 652 incolebant,

45 662 80 723 ad
93 678 129 723 se
143 667 350 732 vocaverant;
376 664 558 722 frumentum
577 678 617 722 ex
631 662 764 721 finitimis
779 661 956 735 regionibus
972 667 1014 720 at·

10 794 12 799 .
45 764 101 823 que
120 763 163 806 ex
184 746 328 808 omnibus
348 747 482 807 castellis
497 747 527 806 in
542 748 649 807 urbem
665 753 889 816 convexerant;
918 762 1015 807 armo-

44 832 266 917 rumlollicinas
281 831 312 891 in
327 832 403 893 urbe
418 832 626 901 instituerant3
652 847 772 907 muros,
793 838 915 906 portas,
938 833 1014 891 clas·

46 916 312 995 semreficiebant.

124 1001 247 1061 XXXV.
279 1000 398 1062 Evocat
422 1003 462 1062 ad
487 1017 521 1062 se
543 1001 656 1061 Caesar
676 1000 813 1065 Massilia
836 1001 1010 1076 quindecim

49 1086 168 1162 primos.
201 1085 275 1145 Cum
289 1085 337 1146 his
353 1086 429 1161 agit,
449 1102 488 1146 ne
502 1086 618 1145 initium
632 1086 782 1145 inferendi
796 1087 866 1146 belli
882 1087 920 1145 ab
934 1085 1014 1145 Mas-

49 1170 220 1231 siliensibus
236 1171 365 1232 oriatur:
381 1171 495 1231 debere
510 1187 564 1231 eos
580 1171 684 1230 Italiac
698 1172 790 1232 totius
806 1171 1014 1231 auctoritatem

49 1255 260 1330 aequipolles,
278 1271 369 1330 quam
385 1256 473 1316 unius
489 1255 619 1315 hominis
634 1257 781 1316 voluntati
794 1256 1014 1330 obtemperare.

50 1340 180 1416 Reliqua,
198 1356 279 1415 quae
294 1340 334 1399 ad
348 1356 454 1400 eorum
469 1342 623 1400 sanandas
638 1348 755 1400 mentes
770 1342 922 1416 pertinere
937 1340 1014 1399 arbi-

48 1423 193 1499 trabatur,
220 1431 445 1486 commemorat.
486 1426 576 1487 Cuius
599 1426 765 1486 orationem
788 1427 877 1500 legati
893 1426 1014 1484 domum

48 1509 178 1569 referunt
203 1516 297 1585 alque
322 1525 361 1569 ex
387 1511 565 1570 auctoritate
584 1510 661 1570 haec
684 1511 807 1571 Caesari
827 1510 1014 1572 renuntiant:

49 1594 223 1668 lntellegere
245 1609 280 1653 se
301 1593 432 1655 divisum
454 1612 525 1655 esse
540 1597 688 1671 populum
702 1597 874 1655 Romanum
891 1594 1015 1653 induas

10 1746 12 1751 ,
51 1683 158 1753 partes.
182 1678 291 1754 Neque
307 1679 354 1739 sui
368 1680 472 1739 iudicii
487 1697 588 1756 neque
604 1696 727 1741 suarum
743 1696 814 1740 esse
828 1679 938 1738 virium
953 1679 1014 1737 dis-

49 1778 184 1837 cernere,
210 1770 279 1823 utra
298 1780 371 1839 pars
390 1765 547 1827 iustiorem
568 1766 680 1824 habeat
695 1781 828 1824 causam.
856 1763 1013 1837 Principes

48 1863 116 1908 vero
135 1862 207 1907 esse
228 1864 333 1909 aarum
347 1850 477 1925 partium
493 1852 543 1912 Cn.
558 1849 736 1924 Pompeium
752 1857 782 1910 et
796 1849 826 1909 C.
844 1850 1014 1921 Caesarem,

48 1939 191 2007 patronos
213 1933 358 2005 civitatis;
383 1952 512 2009 quormu
527 1936 602 1994 aller
616 1951 707 2009 agros
722 1935 886 1995 Volcarum
899 1933 1013 1992 Areco-

49 2018 191 2079 micorum
205 2024 235 2077 et
249 2019 423 2079 Helviorum
439 2021 560 2095 publice
575 2019 612 2079 iis
629 2020 827 2093 concesserit,
845 2021 919 2078 alter
933 2018 1013 2077 bello

48 2102 139 2164 victos
162 2101 285 2181 Sallyas
310 2105 487 2164 adtribuerit
510 2105 732 2180 vectigaliaque
758 2104 884 2164 auxerit.
915 2103 1014 2175 Quare

47 2188 167 2261 paribus
193 2203 299 2249 eorum
323 2187 480 2248 beneficiis
506 2205 611 2264 parem
635 2205 669 2248 se
691 2205 814 2265 quoque
828 2189 1014 2248 voluntalem

45 2271 174 2333 tribuere
190 2271 303 2332 debere
319 2279 349 2332 et
368 2282 508 2334 neutrum
523 2290 629 2334 eorum
645 2282 752 2334 contra
766 2276 893 2334 alterum
908 2273 1022 2332 iuvare

46 2363 93 2417 aut
106 2357 186 2417 urbe
201 2364 252 2417 aut
266 2357 404 2433 portibus
420 2360 568 2434 recipere.

120 2440 257 2500 XXXVI.
271 2442 364 2502 Haec
379 2444 450 2504 dum
466 2445 612 2504 intereos
628 2449 770 2518 aguntur,
796 2443 944 2503 Domitius
960 2457 1012 2499 na-

44 2524 128 2585 vibus
143 2524 313 2585 Massiliam
324 2529 461 2601 pervenit
476 2537 568 2604 atque
584 2528 669 2587 abiis
683 2533 826 2602 receptus
842 2527 909 2586 urbi
924 2540 1012 2600 prae-

42 2607 154 2669 ficitur:
182 2626 301 2670 summa
323 2612 350 2671 ci
370 2614 441 2673 belli
463 2613 694 2673 administrandi
719 2613 908 2687 permittitur.
937 2610 1011 2670 Eius

42 2690 165 2770 imperio
182 2696 314 2754 classem
331 2714 454 2771 quoque
469 2715 578 2757 versus
594 2698 759 2767 dimittunt;
783 2695 938 2757 onerarias
960 2710 1011 2753 na-

41 2795 106 2856 ves,
135 2795 215 2854 quas
231 2779 344 2856 ubique
359 2791 503 2857 possunt,
530 2781 763 2857 deprehendunt
777 2788 869 2856 atque
889 2781 919 2838 in
940 2795 1011 2854 por-

42 2870 98 2924 tum
112 2864 282 2940 deducunt
297 2882 405 2940 parum
421 2868 514 2928 clavis
531 2874 582 2927 aut
596 2868 722 2926 materia
737 2872 828 2940 atque
844 2879 1011 2925 armamen-

41 2948 73 3008 lis
88 2949 247 3010 instructis
263 2951 303 3009 ad
323 2952 457 3026 reliquas
479 2953 642 3011 armandas
662 2952 909 3025 reficiendasque
922 2956 1011 3008 utun-

40 3039 97 3093 tur=
124 3034 268 3094 frumenti
291 3038 373 3109 quod
388 3037 543 3097 inventum
558 3037 648 3096 estin
664 3037 818 3110 publicum
835 3035 1011 3102 conferunt3

39 3119 172 3194 reliquas
188 3135 308 3179 merces
325 3131 574 3196 commeatusque
590 3121 629 3180 ad
645 3120 837 3181 obsidionem
858 3118 957 3192 urbis,
984 3118 1011 3176 si

38 3203 169 3278 accidat,
195 3211 366 3264 reservant.
396 3207 511 3280 Quibus
534 3206 651 3265 iniuriis
667 3211 824 3278 permotus
842 3203 954 3263 Caesar
968 3203 1009 3261 le-

36 3289 142 3365 giones
157 3298 221 3351 tres
237 3289 406 3350 Massiliam
429 3291 568 3359 adducit;
594 3298 693 3350 turres
715 3289 885 3363 vincasque
901 3288 940 3347 ad
955 3302 1009 3362 op-

35 3376 252 3459 pugnationem
273 3376 359 3436 urbis
382 3392 486 3451 agere,
512 3391 607 3434 naves
623 3376 731 3448 longas
745 3374 869 3434 Arelate
883 3388 1010 3434 numero

35 3462 197 3523 duodecim
212 3464 317 3523 lacera
333 3460 469 3523 instituit.
486 3460 602 3536 Quibus
615 3459 733 3522 allectis
748 3459 937 3523 armalisuua
946 3458 1007 3519 die·

750 3547 815 3613 lt*
