2272 4176
285 171 328 212 ms
350 169 524 213 curremus
548 161 906 215 cou1vssu10usc.52.
956 168 959 175 ·
1044 152 1084 213 29

102 318 152 381 alii
166 320 248 379 varie
265 315 520 379 adsentiebantur..
545 319 582 379 tt
601 319 638 378 ll.
654 318 775 378 Porcius
788 315 865 385 Cato,
885 325 1003 393 rogatus
1017 337 1084 381 sen·

103 398 240 471 tentiam,
263 402 385 462 huiusce
401 400 480 461 modi
495 402 655 462 orationem
670 400 785 461 babuit:

190 484 301 562 ‘Longe
321 484 375 545 alia
388 484 459 545 mihi
473 480 557 544 men's
574 492 631 554 est,
646 490 745 562 patres
760 484 930 560 conscripti,
954 503 1021 547 cum
1035 505 1109 555 ress

105 574 193 646 atque
206 567 339 646 pericula
352 574 452 627 nostra
472 569 634 635 considero,
660 574 689 627 et
705 585 773 627 eum
786 568 944 627 sententias
958 572 1083 632 nonnul-

81 651 203 711 slorum
224 652 288 729 ipse
309 668 426 711 mecum
447 657 563 728 reputo.
603 650 647 711 llli
666 650 737 710 mihi
758 650 929 710 disseruisse
950 652 1109 725 videntum

106 734 144 794 de
159 750 256 811 poena
278 751 397 803 eorum,
420 736 470 813 qui
490 736 601 811 patriae
621 732 804 812 parentibus,
828 733 886 792 aris
908 740 996 812 atque
1013 735 1084 799 locis

103 818 165 877 suis
180 816 292 877 bellum
309 834 465 895 paravere:
483 834 533 878 res
548 823 646 878 autem
664 822 764 877 mouet
778 833 882 876 cavere
898 816 934 877 ab
953 817 1008 878 illis
1022 838 1083 881 ma-

103 900 149 976 gis
171 917 261 979 quam
281 901 351 978 quid
372 901 403 959 in
424 899 490 959 illos
510 906 672 962 statuamus
693 897 867 960 consultare.
892 901 966 960 Nam
987 909 1110 969 ceteras

110 981 248 1043 malificia
264 988 325 1044 tum
343 1000 537 1062 persequare,
559 983 612 1044 ubl
627 984 703 1045 lacta
720 988 806 1043 sunt:
827 982 893 1052 boe,
917 984 971 1044 nisi
987 990 1084 1061 provi-

70 1065 184 1127 roderis
199 1084 238 1126 ne
265 1067 390 1134 aecidat,
407 1066 459 1127 ubi
477 1068 586 1135 evenit,
602 1066 711 1128 lrustra
724 1065 828 1127 iudicia
839 1065 983 1144 inplores:
1000 1078 1084 1147 capta

103 1148 180 1210 urbe
200 1149 274 1209 nihil
294 1150 326 1210 lit
347 1150 451 1210 relicui
472 1151 563 1211 victis.
600 1150 659 1219 Set,
681 1168 736 1228 per
755 1149 824 1209 deos
838 1149 1011 1219 inmortalis,
1032 1166 1108 1217 voss

105 1248 160 1309 ego
175 1232 302 1311 adpelle,
321 1235 371 1312 qui
386 1250 504 1312 semper
518 1235 620 1295 domos
635 1231 728 1302 villas,
745 1233 827 1310 signa
843 1230 957 1294 tabulas
972 1242 1083 1296 vostras

104 1314 199 1392 pluris
221 1334 310 1394 quam
330 1335 395 1377 rem
416 1314 565 1395 publicam
586 1316 709 1378 lecistis:
737 1318 761 1378 si
782 1317 851 1384 ista,
875 1317 1084 1398 cuiuscumque

104 1399 183 1459 modi
198 1406 267 1460 sunt
281 1416 357 1478 quae
370 1399 589 1478 amplexamini,
608 1401 750 1469 retinere,
775 1400 799 1459 si
818 1397 1012 1476 voluptatibus
1033 1421 1083 1462 ro-

74 1497 97 1538 rs
103 1483 172 1543 stris
192 1479 285 1544 otium
301 1482 445 1563 praebere
461 1483 554 1552 voltis,
574 1483 806 1560 expergiscimini
816 1480 970 1560 aliquando
993 1492 1021 1545 et
1036 1502 1082 1545 ca·

103 1567 212 1642 pesslte
234 1584 299 1627 rem
319 1566 476 1646 publicam.
516 1565 582 1627 Nou
604 1568 699 1643 agitur
722 1565 758 1626 de
779 1564 968 1641 vectigalibus
987 1580 1110 1647 nequeo

103 1648 140 1710 de
156 1650 307 1711 sociorum
321 1651 449 1711 iniuriis:
472 1648 593 1711 libertas
609 1656 638 1710 et
652 1651 748 1709 anima
762 1654 862 1708 nostra
881 1648 1014 1710 indubio
1030 1658 1082 1711 est.

186 1732 420 1811 Saepenumero,
444 1740 543 1812 patres
565 1734 735 1811 conscripti,
758 1730 849 1792 multa
868 1730 957 1792 verba
978 1734 1008 1792 in
1023 1732 1107 1798 boet

103 1815 207 1877 ordine
222 1815 295 1884 leci,
318 1833 406 1894 saepe
420 1817 456 1877 de
475 1815 592 1877 luxuria
610 1823 698 1895 atque
719 1816 836 1877 avaritia
857 1823 1026 1877 nostrorum
1044 1819 1083 1877 ci·

75 1900 181 1960 ovium
204 1906 325 1978 questus
339 1917 421 1969 sum,
442 1898 606 1979 multosque
628 1897 758 1961 mortalis
779 1915 812 1960 ea
828 1915 928 1958 caussa
945 1899 1083 1961 advorsos

100 1981 213 2043 habeo:
237 1985 288 2061 (pu
308 1983 379 2043 mibi
397 1990 484 2062 atque
506 1983 603 2044 animo
617 1999 684 2043 meo
701 1981 809 2043 nullius
828 1998 967 2060 umquam
988 1982 1109 2049 delictis

101 2067 227 2144 gratim
247 2065 396 2136 iecissem,
423 2066 495 2127 haut
524 2065 609 2127 facile
630 2064 749 2127 alterius
769 2064 892 2127 lubidini
913 2064 988 2127 male
1007 2066 1083 2129 facta

101 2147 315 2210 condonabam.
356 2149 408 2210 Set
424 2168 458 2210 ea
476 2152 591 2210 tametsi
609 2167 660 2209 vos
677 2150 760 2228 parvi
781 2146 961 2227 pendebatis,
983 2158 1108 2216 umens

100 2251 150 2294 res
171 2232 292 2312 publica
313 2233 397 2293 lirma
420 2240 498 2294 erat:
524 2234 671 2312 opulentia
693 2232 907 2311 neglegentiam
928 2232 1081 2294 tolerabat.

68 2316 188 2378 suune
209 2334 280 2376 vero
299 2334 358 2377 non
376 2316 406 2377 ld
427 2319 530 2394 agitur,
553 2316 675 2377 bonisne
696 2334 734 2377 an
755 2316 836 2377 malis
854 2316 985 2376 moribus
1003 2318 1126 2381 viva-10

100 2417 179 2470 mus,
196 2416 293 2478 neque
308 2407 450 2479 quantum
464 2406 515 2461 aut
528 2418 615 2479 quam
626 2401 813 2477 magnifieum
823 2401 968 2476 inperium
983 2400 1085 2479 populi

98 2482 228 2544 Romani
245 2484 296 2552 sit,
320 2489 365 2544 set
384 2484 458 2545 haec
480 2485 690 2563 cuiuscumque
711 2485 791 2545 modi
811 2484 960 2551 videntur,
983 2491 1083 2545 nostra

98 2584 137 2627 an
158 2565 315 2627 nobiscum
328 2584 389 2628 uua
401 2568 531 2628 hostium
546 2567 644 2627 futura
663 2568 729 2627 sint.
772 2567 826 2628 Hie
843 2564 914 2625 mibi
928 2566 1081 2645 quisquam
1092 2575 1123 2627 ll

98 2649 357 2712 mansuetudinem
383 2658 412 2711 et
442 2650 672 2711 misericordiam
699 2652 837 2711 nominat.
885 2648 1083 2727 Iampridem

64 2734 239 2812 sesquidem
260 2751 315 2793 nos
336 2751 405 2795 vera
431 2732 570 2794 vocabula
596 2750 696 2795 rerum
722 2735 889 2795 amisimus:
917 2735 983 2811 quia
1006 2732 1084 2794 bona

98 2818 196 2880 aliena
211 2816 314 2895 largiri
333 2816 500 2886 liberalitas,
517 2815 661 2877 malarum
680 2834 782 2878 rerum
802 2817 923 2879 audacia
943 2816 1082 2876 fortitudo

99 2907 238 2970 vocatur,
269 2918 304 2960 eo
326 2919 375 2962 res
396 2900 514 2981 publica
534 2902 565 2961 in
587 2905 718 2960 extremo
738 2902 792 2962 sita
815 2906 867 2960 est.
919 2900 982 2959 Sint
1002 2916 1127 2971 sane,12

98 2985 241 3064 quoniam
251 2984 290 3044 ita
302 3001 334 3045 se
347 3003 446 3045 mores
457 2984 576 3052 babent,
587 2982 723 3044 liberales
735 3002 770 3044 ex
785 2984 931 3045 sociorum
948 2982 1081 3053 fortunis,

100 3070 161 3128 sint
182 3068 389 3129 misericordes
411 3070 442 3127 in
461 3067 576 3128 iuribus
597 3067 709 3127 aerari:
731 3085 769 3127 ne
786 3065 827 3126 illi
843 3067 1015 3143 sanguinem
1030 3083 1083 3126 uo·

64 3165 88 3207 as
98 3159 196 3212 strum
206 3150 369 3227 largiantur
381 3158 410 3212 et
421 3151 490 3213 dum
500 3151 601 3229 paucis
612 3149 759 3212 sceleratis
772 3157 905 3227 pareunt,
918 3149 1012 3210 bonos
1021 3167 1082 3210 om-

99 3238 147 3297 nis
168 3232 317 3315 perditum
339 3242 414 3295 eant.
466 3311 469 3315 Ι

185 3320 267 3380 Rene
287 3325 315 3379 et
330 3319 479 3398 conposite
494 3319 528 3382 G.
546 3316 653 3379 Caesar
674 3316 762 3397 paulo
784 3323 851 3377 aute
866 3318 895 3377 in
909 3315 966 3377 hoe
980 3317 1081 3377 ordine
1091 3323 1124 3375 13

101 3402 138 3463 de
153 3403 210 3465 rita
233 3408 262 3463 et
277 3408 371 3463 morte
386 3402 530 3473 disseruit,
550 3401 639 3463 c'redo
657 3400 729 3463 salsa
747 3402 924 3462 existumans
942 3419 984 3469 ea,
1006 3418 1080 3479 quae
