2272 4176
360 124 517 189 BELLUM
537 122 723 187 Armatae
962 118 1025 187 383

58 280 137 341 letus
159 277 225 340 eius
251 294 346 340 cornu
367 289 431 342 erat
452 280 628 357 oppositum
647 278 886 353 verebaturque,
916 294 970 353 ne,
997 278 1024 339 si

57 370 308 444 praetergressus
321 373 419 442 esset,
439 381 479 425 ex
496 366 611 440 oppido
624 364 782 438 eruptione
794 365 874 423 lacta
883 364 921 425 ab
931 366 1026 425 latere

57 465 127 511 eum
149 448 249 509 adorti
273 451 476 511 conciderent.
520 449 683 509 Praeterea
710 448 786 509 haec
813 464 936 523 quoque
956 464 1025 507 eum

55 550 154 595 causa
163 533 307 607 tardavit,
322 537 405 611 quod
416 544 482 596 erat
491 538 578 596 locus
591 534 714 610 quidam
726 532 945 609 perimpeditus
956 540 1025 592 ante

56 619 154 679 aciem
166 618 335 694 Scipionis,
349 636 440 695 quem
455 621 521 681 suis
539 620 754 695 impedimento
767 619 807 678 ad
824 620 904 678 ultra
920 634 1024 679 occur·

54 705 185 764 rendum
196 705 262 763 lore
274 705 473 766 existimabat.

139 788 215 849 LIX.
240 788 306 848 Non
319 791 529 851 arbitroresse
547 788 861 864 praetermittendum,
881 788 1025 863 quemad-

55 872 183 933 modum
194 874 347 934 exercitus
358 876 519 949 utriusque
530 874 641 933 luerint
652 873 682 932 in
693 875 790 933 aciem
801 872 949 932 instructi.
962 869 1026 931 Sci·

56 959 107 1033 pio
119 957 179 1018 boe
191 958 284 1018 modo
304 959 399 1019 aciem
410 960 527 1019 direxit.
552 957 727 1017 Collocabat
745 958 775 1016 in
793 957 891 1017 fronte
906 972 980 1015 suas
997 962 1027 1014 et

55 1042 149 1102 lubae
173 1043 325 1117 legiones,
348 1051 420 1118 post
441 1060 494 1104 eas
517 1050 616 1102 autem
633 1042 779 1102 Numidas
796 1042 825 1099 in
843 1039 1025 1102 subsidiaria

55 1126 122 1186 acie
133 1126 176 1187 ita
187 1134 367 1188 extenuatos
380 1134 410 1187 et
421 1128 450 1186 in
463 1128 680 1202 longitudinem
696 1126 844 1200 directos,
869 1132 901 1185 ut
917 1124 1025 1200 procul

56 1212 189 1286 simplex
207 1226 279 1271 esse
297 1212 379 1272 acies
397 1213 498 1273 media
514 1212 552 1271 ab
565 1211 739 1286 legionariis
750 1211 895 1270 militibus
905 1211 1024 1270 videre-

55 1303 103 1355 tur
115 1296 158 1369 [in
177 1296 320 1356 cornibus
338 1303 437 1357 autem
454 1298 568 1372 duplex
586 1311 657 1356 esse
678 1295 926 1367 existimabaturJ.
956 1294 1025 1353 Ele·

55 1380 190 1455 phantos
204 1380 312 1440 dextro
326 1381 511 1455 sinistroque
524 1397 618 1441 cornu
630 1381 833 1441 collocaverat
844 1378 1024 1455 aequalibus

56 1465 134 1524 inter
146 1481 202 1524 eos
215 1464 380 1526 intervallis
392 1466 571 1537 interiectiS,
591 1472 664 1539 post
674 1472 775 1524 autern
786 1464 965 1539 elephantos
977 1479 1024 1523 ar·

57 1556 192 1609 maturas
210 1549 294 1608 leves
306 1549 514 1625 Numidasque
526 1549 689 1609 auxiliares
704 1549 910 1609 substituerat.
932 1548 1023 1622 Equi·

56 1639 151 1694 tatum
163 1635 313 1693 frenatum
323 1635 501 1694 universum
518 1634 549 1692 in
566 1649 623 1693 suo
637 1633 744 1693 dextro
757 1649 853 1693 cornu
864 1634 1024 1708 disposue-

56 1726 118 1778 rat:
142 1718 300 1778 sinistrum
312 1720 393 1778 enim
405 1734 501 1779 cornu
512 1718 628 1793 oppido
639 1718 739 1778 Uzitta
749 1716 955 1789 claudebatur,
972 1731 1024 1775 ne

58 1817 118 1878 que
137 1810 203 1863 erat
220 1803 351 1877 spatium
369 1804 521 1878 equitatus
539 1802 721 1876 explicandi.
755 1800 1024 1861 Praeterealt'umi-

59 1888 113 1947 das
137 1888 277 1963 levisque
298 1895 469 1947 armaturae
489 1887 634 1947 infinitam
652 1886 871 1945 multitudinem
891 1886 930 1945 ad
952 1886 1023 1945 dex-

58 1978 133 2032 tram
145 1979 263 2046 partem
276 1988 351 2032 suae
363 1972 438 2031 aciei
451 1978 640 2048 opposuerat
657 1972 721 2030 lere
731 1971 886 2031 interiecto
899 1985 959 2030 non
971 1970 1024 2029 mi·

57 2072 114 2116 nus
127 2057 209 2115 mille
221 2072 370 2131 passuum
382 2057 481 2131 spatio
495 2067 524 2118 et
535 2056 574 2116 ad
587 2055 674 2115 collis
687 2056 808 2115 radices
819 2056 916 2130 magis
928 2053 1023 2128 adpu-

57 2142 132 2200 lerat
150 2142 334 2215 longiusque
345 2141 383 2201 ab
396 2142 641 2203 adversariorum
653 2141 781 2214 suisque
793 2141 890 2215 copiis
902 2155 1023 2214 promo·

56 2225 162 2295 vebat,
176 2226 208 2284 id
220 2224 278 2285 hoc
292 2226 433 2301 oonsilio,
446 2234 493 2301 ut,
512 2226 675 2287 eumacius
688 2225 1023 2285 duaeinterseconcu·

57 2310 236 2383 currissent,
255 2310 337 2370 initio
357 2311 526 2371 certaminis
546 2312 637 2387 paulo
655 2310 776 2384 longius
794 2310 860 2370 eius
872 2310 1024 2385 equitatus

56 2395 279 2454 circumvectus
299 2410 337 2453 ex
356 2396 513 2470 inproviso
531 2395 687 2455 clauderet
703 2395 893 2454 multitudine
905 2409 1024 2453 suaex-

56 2480 184 2538 ercitum
208 2478 348 2538 Caesaris
373 2486 465 2554 atque
489 2479 695 2555 perturbatum
718 2479 826 2539 iaculis
849 2478 1024 2552 configeret.

55 2562 140 2622 Haec
153 2562 209 2621 luit
219 2563 295 2622 ratio
309 2562 461 2638 Scipionis
474 2576 511 2625 eo
524 2565 573 2624 die
584 2564 763 2639 proeliandi.

140 2646 201 2705 LX.
225 2646 364 2707 Caesaris
377 2656 477 2708 autern
490 2649 572 2708 acies
581 2648 640 2708 hoc
650 2649 743 2708 modo
756 2647 811 2707 luit
823 2648 980 2719 collocata,
992 2654 1026 2706 ut

55 2733 93 2792 ab
117 2731 241 2792 sinistro
265 2732 332 2791 eius
353 2748 449 2794 cornu
466 2734 568 2794 ordiar
585 2732 664 2792 etad
682 2733 822 2792 dextrum
840 2731 1024 2806 perveniam.

54 2815 167 2876 Habuit
178 2815 331 2890 legionem
341 2833 447 2891 x,v1111
459 2819 487 2876 in
501 2817 624 2877 sinistro
636 2831 740 2892 cornu,
751 2833 823 2890 xxv,
835 2832 945 2889 xxvix,
958 2831 1024 2887 xrn,

54 2917 135 2972 xrrrr,
148 2916 272 2969 xxvrur,
286 2917 360 2960 xxvr
373 2903 402 2959 in
413 2902 514 2961 media
524 2902 599 2960 acie.
611 2903 644 2960 ln
657 2918 713 2961 suo
725 2908 826 2961 autem
839 2901 946 2959 dextro
960 2916 1025 2959 cor·

55 3000 126 3044 nue
144 2984 284 3044 secunda
301 2986 366 3044 acie
384 2992 596 3046 veteranarum
613 2985 766 3061 legionum
778 2992 896 3061 partem
919 2983 1025 3044 cohor·

55 3070 128 3130 tium
141 3070 356 3142 collocaverat,
372 3077 531 3143 praeterea
542 3086 581 3129 ex
591 3070 722 3130 tironum
734 3086 850 3145 paucas
864 3068 1024 3129 adiecerat.

54 3154 185 3213 Tertiam
205 3161 307 3213 autem
325 3154 421 3212 aciem
440 3155 470 3213 in
484 3155 639 3214 sinistrum
650 3171 740 3214 suum
752 3170 848 3213 cornu
860 3154 1026 3213 contulerat

54 3247 85 3297 et
100 3253 203 3313 usque
222 3238 261 3297 ad
272 3237 349 3297 aciei
361 3253 436 3296 suae
448 3240 578 3298 mediam
594 3240 744 3313 legionem
756 3245 934 3313 porrexerat
944 3244 974 3297 et
986 3240 1025 3297 ila

54 3324 281 3395 conlocaverat,
292 3322 335 3382 uti
344 3322 501 3383 sinistrum
512 3340 602 3384 suum
614 3339 710 3383 cornu
718 3322 828 3397 triplex
840 3329 931 3383 esset.
943 3322 976 3382 ld
986 3338 1024 3385 co

55 3408 186 3468 consilio
205 3408 333 3481 lecerat,
358 3409 441 3485 quod
459 3426 546 3469 suum
567 3410 704 3469 dextrum
722 3408 800 3467 latus
811 3407 1023 3469 munitionibus
