2272 4176
423 186 537 248 traua
558 188 610 246 iv.
749 166 751 171 ’
964 189 1004 252 ot

52 347 150 401 munt
168 344 204 399 et
218 339 321 399 tridui
331 339 410 399 viam
421 340 580 414 progressi
590 356 699 401 rursus
710 348 903 402 reverterunt
913 349 1004 417 atoue

53 425 84 483 ni
107 425 179 485 hoc
203 423 324 483 itincre
337 439 398 484 una
411 430 502 484 nocte
517 425 654 500 equitatu
671 426 811 487 conlecto
826 427 942 488 inscios
959 434 1001 488 in-

52 517 254 582 ,nantesque
268 508 432 583 Menapios
449 516 688 583 oppresserunt,
716 509 767 584 qui
784 511 822 568 de
838 511 1002 573 Germano-

52 608 70 651 n
85 593 254 653 discessu
270 607 328 667 per
343 594 557 667 exploratores
580 593 726 653 certiores
748 594 819 652 lacti
840 595 907 653 sine
921 605 1003 656 metu

52 693 91 737 ns
98 677 261 738 Rhenum
272 676 304 735 in
315 692 390 737 suos
401 678 488 737 vicos
503 678 750 752 remigraverunt.
766 677 821 737 His
837 678 1003 740 interiectis

52 761 218 837 cibusque
234 775 343 820 corum
360 760 534 834 occupatis,
560 761 740 836 priusquam
756 776 793 820 ea
807 777 880 836 pars
895 762 999 823 Mona-

52 862 151 920 trum,
180 860 269 919 quac
285 845 358 904 citra
373 843 513 904 Rhenum
530 853 609 918 erat,
636 846 747 905 certior
761 844 862 919 fieret,
889 847 1002 907 llumen

52 931 212 989 nsierunt
227 935 324 1004 atque
339 929 480 989 omnibus
496 943 601 989 eorum
617 929 764 1006 aediliciis
781 932 939 1004 occupatis
955 947 1000 990 re-

52 1029 126 1074 nam
145 1020 277 1088 partem
292 1010 400 1072 hiemis
415 1028 450 1071 se
465 1027 571 1072 eorum
587 1013 685 1087 copiis
701 1014 849 1072 aluerunt.
1013 1022 1016 1027 ·

93 1100 135 1156 V.
162 1097 224 1155 His
250 1096 405 1156 derebus
427 1096 540 1156 Caesar
562 1097 673 1156 certior
688 1099 787 1156 lactus
803 1106 833 1157 et
847 1097 999 1159 infirmita-

52 1182 259 1242 nGallorum
272 1181 406 1255 veritus,
434 1182 518 1255 quod
540 1181 660 1240 suntin
683 1182 819 1240 consiliis
842 1182 1001 1256 capiendis

52 1266 145 1326 ›bilcs
164 1271 200 1324 et
214 1264 308 1325 novis
322 1267 503 1340 plerumque
518 1265 612 1325 rebus
624 1267 757 1338 student,
772 1265 846 1324 nihil
857 1264 904 1325 his
920 1282 1000 1326 corn·

52 1350 203 1411 ttendum
220 1349 418 1410 existimavit.
447 1349 504 1409 Est
518 1350 598 1408 enim
612 1348 671 1408 hoc
688 1349 821 1408 Gallicae
837 1358 999 1410 consuetu-

52 1434 111 1506 nis,
138 1432 189 1494 uti
211 1440 245 1492 et
264 1433 399 1493 viatores
422 1433 513 1492 etiam
534 1434 645 1493 invitos
662 1433 832 1493 consistcrc
847 1442 959 1508 cogant
973 1443 1002 1493 et

52 1518 91 1579 tid
105 1518 251 1592 quisque
266 1532 374 1577 corum
390 1517 428 1576 de
445 1533 616 1592 quoquere
631 1518 761 1577 audierit
781 1524 833 1577 aut
847 1533 1000 1592 cognove-

52 1608 243 1675 .quaerant,
267 1606 299 1659 et
312 1607 499 1660 mercatores
515 1602 542 1659 in
561 1601 684 1676 oppidis
699 1603 810 1675 vulgus
828 1602 995 1661 circumsis-

52 1685 261 1761 tquibusque
276 1699 317 1742 ex
336 1684 513 1758 regionibus
534 1686 657 1745 veniant
672 1700 812 1760 quasque
828 1685 867 1744 ibi
883 1701 933 1762 res
950 1702 985 1745 co

52 1769 183 1829 iuverint
196 1766 402 1845 pronuntiare
417 1777 537 1842 cogant.
567 1770 621 1828 His
643 1770 735 1829 rebus
759 1771 850 1842 atque
871 1769 985 1829 auditio

52 1852 109 1913 ltus
133 1852 273 1928 permoti
299 1852 339 1911 de
363 1853 489 1913 summis
515 1869 611 1928 saepe
630 1853 723 1913 rebus
746 1852 998 1926 consiliumeunt

52 1952 150 2005 torum
165 1952 225 1997 eos
241 1937 273 1995 in
288 1937 420 2010 vestigio
439 1938 595 2014 paenitere
610 1953 740 1996 necesse
752 1943 807 2009 est,
825 1952 893 1995 cum
902 1937 997 1997 incer·

52 2021 255 2082 smmom'bus
271 2021 408 2079 serviant
430 2027 459 2080 et
479 2022 619 2096 plerique
638 2022 677 2080 ad
692 2023 878 2080 voluntatem
895 2037 998 2082 eorum

53 2105 332 2180 ctarcspondcant.
772 2143 776 2149 -

104 2190 155 2248 Vl.
181 2189 251 2262 Qua
272 2188 497 2248 consuetudine
519 2189 641 2263 cognita
656 2189 783 2261 Cacsar,
809 2205 848 2248 ne
868 2191 999 2263 graviori

52 2272 103 2332 ello
117 2279 308 2346 occurreret,
324 2273 472 2333 maturius
490 2289 580 2348 quam
597 2280 762 2332 consuerat
777 2274 817 2332 ad
833 2275 998 2334 exercitum

52 2357 240 2417 roliciscitur.
271 2356 317 2417 Eo
335 2372 402 2416 cum
416 2358 561 2430 venisset,
579 2372 629 2430 ea,
647 2373 726 2431 quae
741 2358 807 2416 lore
823 2358 998 2432 suspicatus

52 2447 100 2512 naq
112 2442 195 2500 lacta
209 2440 375 2514 cognouit:
390 2441 502 2501 missas
518 2441 687 2514 legationes
703 2441 741 2499 ab
757 2442 911 2502 nonnullis
928 2443 998 2502 civi-

52 2523 134 2587 ¹ilibus
149 2526 190 2584 ad
207 2525 378 2585 Germanos
393 2512 684 2599 invitatusque'e0s‚
706 2525 749 2583 uti
765 2525 803 2583 ab
815 2525 921 2585 Rheno
938 2527 998 2585 dis-

52 2607 176 2681 tolerent
193 2609 360 2684 omniaque
376 2625 456 2683 quae
471 2611 686 2684 postulassent·
702 2610 740 2667 ab
756 2625 791 2669 se
804 2611 868 2669 lore
880 2616 997 2682 parata.

80 2706 95 2749 a
112 2709 168 2766 spe
188 2693 316 2753 adducti
339 2694 478 2753 Germani
501 2694 590 2753 latius
613 2693 803 2767 vagabantur
825 2698 854 2751 et
874 2693 903 2751 in
919 2694 997 2753 lines

77 2790 200 2836 uranum
214 2783 247 2836 et
261 2776 504 2851 Condmsorum,
532 2778 583 2852 qui
605 2784 677 2837 sunt
689 2778 891 2836 Treverorum
907 2779 997 2837 clien-

101 2868 311 2933 pervenerant.
333 2861 526 2936 Principibus
544 2862 659 2920 Galliae
673 2861 810 2920 evocatis
824 2863 937 2920 Caesar
952 2878 997 2935 ea,

121 2951 316 3019 cognoverat,
332 2945 553 3006 dissimulanda
564 2945 621 3004 siti
634 2944 819 3004 existimavit
830 2960 998 3020 eorumque

112 3027 134 3085 is
160 3029 324 3102 permulsis
354 3034 383 3088 ct
400 3030 596 3090 'confirmatis
627 3029 825 3104 equitatuque
849 3029 997 3102 imperato

75 3124 136 3179 ,um
151 3127 220 3171 cum
235 3113 393 3172 Germanis
408 3130 514 3188 gerere
531 3113 694 3173 constituit.

71 3204 77 3223 ··
111 3193 173 3253 Vll.
197 3197 242 3256 Rc
265 3198 460 3258 frumentaria
476 3205 653 3272 comparata
674 3197 893 3270 equitibusque
914 3196 995 3257 dele-

112 3276 163 3336 iter
185 3280 213 3338 ln
237 3296 274 3339 ca
295 3283 363 3342 loca
384 3284 487 3342 lacero
510 3283 626 3356 coepit,
654 3281 764 3356 quibus
786 3281 816 3338 in
831 3279 909 3340 locis
925 3296 997 3341 esse

102 3375 196 3422 manos
212 3365 362 3424 audiebat.
377 3367 405 3425 A
421 3368 532 3441 quibus
548 3383 616 3426 cum
633 3381 799 3439 paucorum
813 3366 930 3426 dierum
941 3367 997 3427 iter

102 3452 167 3517 met,
182 3447 273 3520 legati
288 3449 326 3508 ab
340 3450 377 3510 iis
393 3460 556 3526 venerunt,
574 3466 703 3527 quorum
719 3450 798 3513 haec
813 3451 872 3513 luit
885 3452 989 3515 oratio

52 3774 85 3807 ιζ’.
