2272 4176
185 311 298 364 'us'

111 466 173 526 200
422 461 473 521 DE
494 461 619 523 hnuto
643 460 758 522 ctvlur

110 618 224 678 habere
237 616 380 688 instituit;
394 615 562 690 Pisaurum,
576 614 702 690 Fanum,
717 614 881 675 Anconam
890 610 1018 715 siugulis
1027 625 1069 672 co

22 724 24 729 ·
111 702 247 763 hortibus
262 708 400 777 occupat.

193 786 256 845 XII.
278 788 397 847 Interea
417 785 528 846 certior
547 786 645 845 lactus
665 785 805 861 Iguvium
817 783 982 845 Thermum
995 796 1069 857 prae

113 880 206 932 torem
223 871 398 933 cohortibus
415 870 550 945 quinque
564 875 676 946 tencre,
692 869 842 946 oppidum
856 866 977 929 munire
988 864 1070 926 omni

111 971 224 1030 mnque
245 972 316 1017 esse
335 956 532 1031 Iguvinorurn
558 954 702 1029 optimam
727 968 801 1028 erga
826 968 864 1013 se
887 954 1071 1023 voluntatem,

113 1040 272 1101 Curionem
288 1057 355 1101 cum
368 1040 466 1100 tribus
482 1036 667 1113 cohortibus,
684 1055 762 1114 quas
776 1036 896 1098 Pisauri
912 1043 944 1096 et
957 1032 1070 1094 Arimini

112 1125 258 1199 hahebat,
283 1124 380 1185 mittit.
410 1123 501 1184 Cuius
516 1123 650 1184 adventu
665 1123 805 1198 cognito,
820 1120 945 1183 diiflsus
958 1118 1071 1179 mimici·

113 1210 155 1286 pii
176 1210 322 1271 voluntati
336 1209 484 1269 Thermus
501 1207 644 1268 cohortes
659 1223 698 1268 ex
713 1207 788 1268 urbe
802 1205 924 1265 reducit
937 1212 967 1264 et
981 1204 1070 1279 prolu

112 1295 163 1369 git.
192 1293 302 1354 Milites
324 1295 354 1352 in
376 1294 483 1353 itinere
503 1292 542 1351 ab
558 1307 595 1351 eo
611 1292 775 1353 discedunt
789 1306 826 1350 ac
841 1290 968 1349 domum
981 1303 1070 1348 rever·

112 1384 222 1437 tuntur.
259 1377 347 1438 Curio
363 1393 482 1438 summa
497 1376 630 1436 omnium
645 1378 800 1437 voluntate
815 1374 955 1449 Iguvium
968 1372 1070 1447 recipit

113 1461 228 1535 Quibus
249 1462 343 1521 rebus
365 1461 495 1536 cognitis
517 1461 653 1521 confisus
673 1460 911 1535 municipiorum
925 1456 1070 1519 voluntat·

113 1546 170 1605 bus
186 1546 298 1605 Caesar
335 1545 478 1607 cohortes
500 1545 630 1619 legionis
650 1561 709 1604 ιιιιι
730 1561 769 1604 ex
782 1542 949 1620 praesidiis
964 1541 1071 1602 deducit

112 1631 339 1706 Auximumque
352 1630 574 1706 proficiscitur;
597 1631 680 1704 quod
695 1629 843 1705 oppidum
858 1627 961 1687 Attius
977 1625 1068 1687 cohor·

113 1714 193 1773 tibus
208 1715 388 1775 introductis
403 1713 525 1774 tenebat
536 1714 749 1789 delectumque
759 1719 822 1774 toto
831 1712 946 1772 Piceno
959 1712 1070 1771 circurn-

114 1798 215 1857 missis
231 1799 423 1860 senatoribus
438 1797 579 1858 habehat.

195 1883 271 1942 XIII.
293 1883 437 1943 Adventu
451 1882 591 1942 Caesaris
613 1882 735 1956 cognito
757 1880 942 1943 decuriones
963 1878 1070 1940 Auximi

115 1967 154 2027 ad
168 1968 283 2027 Attium
297 1968 412 2027 Varrun
427 1968 604 2041 frequentes
625 1966 825 2028 conveniunt:
850 1965 966 2026 docent
979 1964 1024 2025 sui
1036 1964 1069 2023 iu-

115 2051 184 2111 dIcii
206 2068 270 2111 rem
291 2068 352 2112 non
367 2067 455 2121 esse;
481 2067 582 2125 neque
597 2066 632 2112 se
647 2067 747 2126 neque
761 2050 899 2124 reliquos
914 2049 1070 2123 municipes

116 2137 175 2211 pati
191 2153 286 2211 posse
302 2136 332 2196 C.
350 2137 510 2197 Caesarem
523 2135 753 2211 imperatorem,
778 2135 858 2193 hene
873 2135 912 2194 de
927 2132 1071 2208 republica

115 2223 266 2294 meritum,
288 2221 378 2281 tantis
393 2221 486 2281 rebus
501 2220 596 2294 gestis
612 2221 727 2296 oppido
742 2219 968 2293 moenibusque
983 2216 1071 2294 prohi-

113 2305 193 2363 beri:
209 2306 337 2379 proinde
348 2304 459 2364 habeat
473 2304 620 2365 rationem
636 2304 822 2380 posteritatis
838 2311 868 2362 et
881 2304 1010 2377 periculi
1024 2302 1070 2362 sui.

114 2386 247 2460 Quorum
260 2389 397 2449 oratione
411 2394 568 2463 permotus
582 2389 685 2449 Varus
707 2387 910 2464 praesidium,
935 2387 1018 2463 quod
1037 2389 1070 2446 ir-

114 2472 298 2545 troduxerat,
314 2489 352 2532 ex
367 2472 482 2547 oppido
498 2473 600 2533 educit
613 2489 649 2532 ac
663 2473 805 2550 proluglt.
827 2471 916 2531 Hunc
932 2488 972 2530 ex
987 2472 1070 2547 primo

114 2556 221 2615 ordine
236 2556 475 2631 pauciCaesaris
490 2558 647 2616 consecuti
662 2557 771 2617 milites
788 2556 961 2616 consistere
977 2560 1071 2630 coege-

113 2648 190 2699 runt.
209 2641 378 2701 Commisso
393 2640 512 2716 proelio
528 2642 679 2702 deseritur
694 2657 712 2699 a
727 2641 792 2700 suis
802 2641 923 2699 Varus:
940 2641 1072 2701 nonnulla

113 2741 185 2800 pars
200 2725 325 2784 militum
341 2726 463 2786 domum
484 2724 630 2795 discedit;
654 2726 763 2799 reliqui
784 2725 824 2783 ad
839 2724 1002 2785 Caesarem
1014 2741 1071 2822 per:

114 2810 252 2883 veniunt,
275 2814 368 2884 atque
387 2826 449 2869 una
469 2825 538 2868 cum
552 2809 589 2868 iis
605 2809 825 2906 deprensusL.
840 2807 974 2884 Pupius,
996 2806 1072 2886 primi

63 2928 72 2953 ι
115 2893 166 2969 pili
187 2894 338 2968 centurio,
365 2894 539 2967 adducitur,
566 2894 616 2967 qui
638 2895 719 2955 hunc
740 2893 870 2972 eundem
893 2895 1055 2954 ordInem
1049 2908 1073 2952 ιι

58 3022 66 3037 .
113 2978 248 3039 exercitu
216 2980 328 3039 teCn
330 2978 467 3053 'Pompei
500 2985 591 3038 antea
612 2979 748 3038 duxerat.
778 2980 818 3036 At
839 2977 954 3037 Caesar
975 2979 1073 3039 milites

112 3062 172 3121 Att
153 3068 252 3124 honos
269 3063 446 3136 conlaudat,
475 3061 603 3138 Pupium
618 3062 752 3135 dimittit,
778 3061 995 3123 Auximatibus
1022 3061 1074 3137 agit

111 3147 225 3223 gratias
241 3163 336 3221 seque
352 3163 458 3207 eorum
473 3148 543 3207 sacti
558 3163 722 3209 memorem
738 3108 804 3207 l⁷0re
817 3146 990 3222 pollicetur.

195 3232 274 3291 XIV.
298 3232 413 3305 Quibus
428 3231 521 3292 rcbus
535 3233 664 3292 Romam
679 3231 823 3291 nuntIatis
837 3238 942 3292 tantus
957 3239 1074 3308 repento

112 3325 210 3378 terror
224 3316 348 3385 invasit,
375 3325 422 3391 ut,
449 3333 518 3377 cum
531 3317 675 3378 Lentulus
699 3317 807 3377 consul
828 3316 867 3374 ad
882 3317 1074 3390 aperiendum

113 3402 263 3460 aerarium
277 3401 415 3460 venisset
434 3402 473 3460 ad
487 3402 649 3476 pecuniam
663 3400 810 3475 Pompeio
826 3415 865 3458 ex
880 3410 1074 3461 senatuscon-

113 3488 192 3546 sulto
208 3486 438 3561 proterendam,
464 3486 604 3561 protinus
619 3493 724 3562 aperto
741 3484 893 3545 sanctiore
908 3487 1027 3546 aerario
1041 3498 1074 3544 ex

113 3570 186 3627 urbe
207 3572 391 3645 profugeret.
422 3569 534 3630 Caesar
555 3570 634 3629 cuim
655 3569 821 3628 adventare
842 3569 901 3627 iam
915 3569 1076 3645 iamqueet

113 3650 223 3712 adesse
244 3656 309 3714 eius
330 3655 449 3729 equites
471 3656 549 3714 salso
565 3652 785 3714 nuntiabantur.
815 3653 904 3712 Hunc
918 3653 1075 3715 Marcellus

113 3736 230 3811 collega
244 3745 274 3797 et
287 3739 425 3813 plerique
439 3737 633 3813 magistratus
650 3738 806 3797 consecuti
823 3744 900 3797 sunt
925 3738 978 3799 Cn.
994 3740 1074 3801 Pom·
