2302 4192
77 39 167 179 f·
457 164 574 228 LIBER
595 168 648 228 vl.
985 165 1046 233 121

66 318 166 383 >rimo
180 318 322 396 legiones
335 319 472 397 credunt,
493 337 571 398 quas
585 321 705 397 longius
720 320 905 381 discessisse
919 337 959 381 ex
975 338 1046 400 cap-

66 404 136 469 ivis
153 413 383 483 cognoverant5
397 414 507 483 postca
521 409 669 484 despecta
683 406 837 484 paucitate
852 422 892 467 ex
907 408 1047 469 omnibus

66 492 210 553 ›artibus
224 491 372 568 impeturn
386 492 509 553 faciunt.

150 618 215 679 XL.
232 619 361 679 Calones
373 618 404 677 in
415 619 589 694 proximum
599 621 748 679 tumulum
762 625 954 694 procurrunt.
969 619 1048 680 Hinc

66 702 211 765 eeleriter
232 703 342 763 deiecti
364 719 398 763 se
412 705 442 763 in
459 704 547 778 signa
562 704 799 781 manipulosque
815 704 983 763 coniciunt:
1009 720 1047 765 eo

66 789 166 863 uagis
182 788 307 848 timidos
322 796 493 863 perterrent
507 789 625 848 milites.
654 790 723 865 Alii,
740 804 838 849 cuneo
854 789 934 848 lacto
950 794 984 849 ut
998 803 1046 848 ce·

66 874 171 933 ,eriter
186 880 394 948 perrumpant,
411 881 547 948 censent,
563 874 707 950 quoniam
722 881 782 933 tam
798 874 974 949 propinqua
988 874 1049 935 sint

66 966 180 1032 castra,
198 964 228 1016 et
242 957 267 1016 si
281 974 354 1032 pars
366 958 469 1033 aliqua
481 959 686 1019 circumventa
701 959 853 1034 ceciderit,
869 966 899 1017 at
910 959 1046 1035 reliquos

66 1043 187 1102 servari
202 1058 298 1117 posse
314 1043 488 1114 conlidunt;
504 1044 569 1116 alii,
591 1050 624 1103 ut
638 1044 669 1103 in
685 1043 755 1118 iugo
772 1044 941 1104 consistant
955 1051 1046 1120 atque

66 1127 203 1187 eundem
224 1143 331 1188 omnes
353 1130 452 1188 lerant
473 1144 588 1187 casum.
617 1128 684 1188 Hoc
700 1136 820 1188 veteres
837 1146 898 1189 non
913 1130 1046 1204 probant

66 1211 190 1286 milites,
208 1229 286 1288 quos
303 1214 360 1272 sub
375 1213 488 1272 vexillo
504 1229 566 1272 una
581 1215 737 1287 protectos
754 1214 923 1274 docuimus.
938 1214 1046 1290 ltaque

67 1296 146 1355 inter
166 1312 204 1356 se
224 1297 372 1358 cohortati
394 1298 473 1357 duce
495 1298 569 1358 Gaio
585 1298 752 1373 Trebonio,
780 1299 881 1374 equite
896 1300 1034 1360 Romano

68 1380 119 1457 qui
135 1380 181 1441 eIs
198 1389 263 1441 erat
277 1383 489 1457 praepositus,
515 1400 571 1457 per
590 1384 709 1444 medios
724 1384 830 1444 hostes
846 1393 1045 1460 perrumpunt

68 1466 300 1542 incolumesque
315 1468 354 1526 ad
369 1484 461 1527 unum
477 1483 583 1528 omnes
598 1466 629 1526 in
646 1475 747 1529 castra
761 1469 952 1544 perveniunt.
978 1470 1043 1531 Hos

67 1551 226 1613 subsecuti
243 1553 366 1612 calones
386 1552 569 1628 equitesque
589 1554 699 1613 eodem
715 1554 830 1630 impetu
844 1554 969 1614 militum
982 1556 1040 1615 vir·

68 1642 129 1699 tute
144 1644 319 1696 servantur.
334 1636 418 1711 Atii,
435 1636 487 1712 qui
502 1638 532 1696 in
547 1640 619 1713 iugo
632 1640 839 1714 constiterant,
854 1642 937 1699 nullo
953 1640 1043 1700 etiam

68 1737 147 1781 nuno
165 1737 225 1780 usu
239 1723 283 1780 rei
299 1721 435 1781 militaris
447 1730 594 1799 percepto
607 1739 709 1799 neque
722 1723 752 1782 in
768 1738 814 1797 ea,
832 1725 915 1800 quod
930 1725 1042 1800 proba-

67 1814 191 1880 verant,
213 1806 343 1866 consilio
358 1823 554 1883 permanere,
580 1815 614 1869 ut
627 1823 662 1867 se
678 1810 746 1869 loco
762 1810 923 1882 superiore
938 1809 1040 1869 dolen-

66 1890 191 1964 derent,
212 1905 315 1966 neque
330 1908 396 1951 eam
413 1907 504 1967 quam
518 1894 671 1967 prodesse
685 1893 753 1953 aliis
767 1894 828 1952 vim
844 1895 1040 1955 celeritatem-

66 1990 126 2052 que
140 1975 283 2035 m'derant
296 1976 405 2036 imitari
420 1985 599 2053 potuerunt,
622 1979 678 2038 sed
693 1994 728 2038 se
743 1979 773 2037 in
789 1986 890 2039 eastra
903 1978 1042 2055 racipere

66 2061 167 2121 cariati
189 2059 326 2136 iniquum
346 2061 493 2122 inlocum
509 2062 706 2124 demiserunt.
733 2064 949 2138 Centuriones,
965 2081 1040 2140 quo-

66 2162 131 2205 rum
147 2146 285 2205 nonnulli
307 2161 346 2206 ex
361 2147 556 2208 inferioribus
573 2149 730 2208 ordinibus
746 2149 932 2224 reliquarum
947 2150 1041 2226 legio-

66 2247 137 2291 num
144 2230 266 2290 virtntis
275 2246 370 2291 causa
382 2232 412 2291 in
425 2233 602 2307 superiores
617 2242 704 2294 erant
717 2234 939 2294 ordineshuins
948 2234 1040 2311 legio-

66 2317 111 2376 nis
126 2315 276 2390 traducti,
302 2331 341 2376 ne
359 2322 428 2376 ante
442 2324 560 2392 partam
574 2318 619 2378 rei
639 2319 775 2379 militaris
791 2319 912 2379 laudem
927 2320 1040 2381 amitte·

66 2409 139 2474 rent,
158 2398 325 2460 fortissime
339 2410 512 2477 pugnantes
529 2404 737 2465 conciderunt.
758 2404 883 2464 Militum
900 2421 971 2480 pars
986 2405 1040 2465 ha-

66 2502 129 2546 :um
151 2486 266 2544 virtute
291 2488 450 2547 summotis
472 2487 613 2548 hostibus
636 2495 756 2563 praeter
777 2504 865 2563 sporn
880 2490 1040 2551 incolumis

67 2571 94 2629 in
110 2577 215 2631 castra
230 2573 377 2647 pervenit,
393 2589 467 2648 pars
483 2590 501 2632 a
515 2573 653 2633 barbaris
671 2573 876 2635 circumventa
890 2575 989 2650 periit.

147 2697 225 2758 XLI.
251 2699 392 2758 Germani
418 2700 583 2775 desperata
607 2700 836 2776 expugnatione
862 2711 1040 2781 castrorum,

69 2783 151 2858 quod
177 2790 301 2844 nostros
327 2784 386 2842 iam
407 2786 633 2846 constitissem
654 2785 872 2846 munitionibus
887 2788 1040 2865 videbant,

68 2884 134 2929 cum
150 2883 188 2927 ea
202 2870 334 2943 praeda,
361 2886 453 2945 quam
467 2871 497 2930 in
513 2871 599 2930 silvis
615 2872 838 2947 deposuerant,
863 2879 947 2932 trans
961 2874 1028 2933 Rhe

67 2970 136 3013 nmn
153 2968 226 3013 seso
240 2962 434 3028 receperunt.
464 2956 511 3015 Aa
530 2962 631 3014 tantus
653 2956 706 3015 suit
727 2958 816 3017 etiarm
838 2965 910 3032 post
925 2959 1039 3017 disces-

68 3054 133 3099 sum
150 3038 284 3098 bostium
305 3046 416 3114 terror,
445 3048 478 3099 ut
499 3056 537 3100 ea
556 3049 647 3101 nocte
669 3058 736 3101 cum
760 3043 852 3102 Gaius
865 3043 1040 3102 Volusenus

68 3124 180 3185 missus
196 3140 266 3184 cum
282 3124 418 3199 equitatu
433 3125 473 3184 ad
486 3133 588 3185 castra
601 3126 753 3200 venisset,
775 3127 943 3187 fidemnon
961 3126 1040 3188 saee-

68 3216 111 3271 ret
124 3209 240 3269 adesso
256 3224 324 3268 cum
339 3209 482 3269 incolumi
498 3210 658 3270 Caesenam
675 3212 819 3270 exercitu.
853 3211 904 3270 Sic
919 3213 1041 3274 omnino

67 3294 184 3356 animos
199 3295 290 3355 timor
306 3303 602 3370 praeoccupaverat,
627 3303 661 3356 ut
677 3311 776 3369 paene
798 3296 928 3355 alienata
941 3306 1043 3357 monte

66 3378 175 3441 deletis
202 3380 344 3441 omnibus
369 3381 468 3456 copiis
494 3381 660 3457 equitatum
682 3395 717 3438 se
738 3395 777 3438 ex
797 3381 870 3455 luga
884 3383 1042 3458 recepisse

66 3464 205 3529 dicerent
217 3481 322 3545 neque
335 3465 477 3529 incolomi
494 3466 630 3527 exercitu
643 3466 810 3527 Germanos
827 3474 927 3529 castra
944 3485 1041 3545 oppu-
