2272 4176
131 114 194 180 234
448 116 498 178 DE
518 116 642 177 BELLO
666 116 780 178 CIVILI

130 273 238 348 reliqui
258 271 296 331 ad
311 273 427 333 Varum
444 271 557 332 flumen
575 271 774 340 dimittantur;
793 286 831 329 ne
844 272 919 346 quid
930 272 975 334 cis
989 288 1098 334 nocea-

130 364 192 430 tur,
207 373 266 416 neu
281 358 349 432 quis
362 357 473 418 invitus
486 364 707 416 sacramentum
719 356 822 415 dicere
834 365 976 432 cogatur,
998 357 1096 419 aCae·

131 450 344 502 sarecavetnr.

211 526 381 586 LXXXVII.
427 525 540 584 Caesar
558 540 597 584 ex
613 539 650 584 eo
667 532 820 599 tempore,
841 526 966 587 dumad
987 525 1098 587 flumen

129 611 244 670 Varum
254 610 401 682 veniatur,
415 624 450 668 se
463 610 644 669 frumentum
656 609 797 670 daturum
807 611 978 684 pollicetur.
1006 613 1100 673 Addit

129 696 226 767 etiam
239 701 279 765 ut,
295 693 378 769 quod
391 693 522 768 quisque
535 708 641 753 eorum
653 694 682 751 in
695 694 775 753 bello
789 694 932 767 amiserit,
947 711 1029 770 quae
1041 697 1099 757 sint

130 793 224 854 penes
237 778 345 837 milites
358 793 449 850 suos,
466 778 520 850 iis,
536 778 587 852 qui
600 777 776 851 amiserant,
790 780 984 850 restituatur;
1002 780 1096 841 mititi-

128 863 186 923 bus
200 877 300 937 aequa
311 862 391 921 lacta
402 860 609 921 aestimatione
621 861 783 936 pecuniam
795 879 850 938 pro
862 863 911 924 his
928 864 1024 925 rebus
1037 865 1095 925 dis-

129 947 228 1008 solvit.
260 945 475 1021 Quascumque
487 953 597 1020 postea
609 947 834 1007 controversias
847 947 925 1008 inter
941 963 979 1009 se
989 949 1095 1009 milites

128 1031 311 1104 habuerunt,
332 1047 389 1091 sua
400 1037 509 1105 sponte
522 1030 562 1090 ad
573 1030 734 1089 Caesarem
751 1031 782 1090 in
799 1031 847 1091 ius
861 1032 1012 1093 adierunt.
1043 1032 1095 1093 Pe

129 1116 222 1175 areius
234 1121 325 1191 atquc
333 1115 478 1175 Afranius
488 1129 556 1174 cum
568 1114 753 1189 stipendium
764 1115 801 1174 ab
813 1116 989 1190 legionibus
1000 1131 1096 1193 paene

129 1199 277 1261 seditione
285 1200 364 1259 lacta
371 1198 584 1273 tinguerentur,
599 1199 685 1259 cuius
693 1199 734 1258 illi
743 1199 822 1259 diem
830 1201 1096 1261 nondumvenisse

129 1284 277 1356 dicerent,
303 1283 415 1344 Cacsar
433 1289 465 1343 ut
483 1290 685 1358 cognosceret
704 1285 892 1358 postulatum
911 1292 974 1359 est,
999 1299 1095 1360 eoquo

31 1388 35 1399 ·
128 1368 264 1442 utrique,
279 1368 363 1442 quod
375 1367 485 1440 statuit,
502 1367 633 1427 contenti
645 1369 774 1429 luerunt.
804 1368 893 1430 Parte
908 1369 1030 1430 circiter
1039 1376 1094 1429 ter·

129 1453 169 1512 tia
185 1452 337 1512 exercitus
356 1467 392 1513 eo
407 1452 498 1512 biduo
512 1452 639 1513 dimissa
649 1453 726 1512 duas
738 1453 876 1527 legiones
889 1469 966 1514 suas
979 1461 1094 1515 antece·

128 1537 210 1609 dere,
232 1536 368 1611 reliquas
387 1536 536 1611 subsequi
547 1536 646 1610 iussit,
668 1546 701 1596 ut
712 1553 773 1597 non
784 1539 876 1612 longo
888 1539 969 1598 inter
980 1553 1017 1598 se
1027 1553 1092 1614 spa·

128 1621 168 1682 tio
192 1629 292 1682 castra
313 1621 461 1690 lacerent,
492 1621 582 1696 eique
610 1621 732 1694 negotio
756 1621 789 1696 Q.
810 1621 932 1683 Fufium
955 1622 1094 1683 Calenum

126 1708 259 1780 legatum
274 1705 420 1781 praeficit.
453 1703 520 1764 Hoc
539 1705 605 1765 eius
623 1706 813 1781 praescripto
832 1721 872 1767 ex
888 1706 1042 1781 Hispania
1057 1704 1093 1765 ad

129 1791 242 1850 Varum
253 1788 366 1850 flumen
382 1796 429 1850 est
438 1790 495 1849 iter
506 1789 618 1849 lactum
634 1796 726 1864 atque
736 1790 778 1851 ibi
789 1790 909 1867 reliqua
920 1807 996 1866 pars
1010 1805 1091 1851 exer·

128 1874 204 1934 citus
221 1874 348 1935 dimissa
359 1880 413 1935 est.

511 2014 693 2023 “—

498 2177 712 2241 tiannlt

418 2290 785 2359 'ascensurum

143 2435 324 2488 (bibebamus
343 2434 480 2484 Massiliam
500 2436 610 2499 undique
629 2436 728 2485 obsidet
746 2435 769 2486 l.
790 2433 814 2483 2.
853 2435 881 2484 L.
901 2436 1024 2490 Nasidius
1042 2453 1094 2490 cnm

176 2506 255 2555 alasse
271 2505 408 2554 adventans
424 2507 534 2554 animum
549 2505 637 2555 incolis
653 2505 723 2554 addit
737 2501 761 2554 3.
779 2501 804 2554 4.
843 2507 1029 2572 coniunctaque
1041 2522 1094 2559 cunt

176 2591 222 2624 sua
237 2575 316 2624 classo
331 2575 457 2638 oppidana
472 2574 594 2638 proelium
612 2573 700 2623 navale
719 2573 852 2624 infeliciter
870 2590 927 2624 cum
945 2575 1093 2629 Caesariana

176 2645 306 2695 committit
315 2640 392 2694 5-7.
420 2643 559 2693 Trebonius
569 2643 698 2693 machinas
707 2643 836 2693 inauditae
846 2644 921 2693 molis
930 2646 965 2695 ad
976 2648 1093 2713 oppidum

177 2715 269 2764 extruit
282 2710 383 2771 8-11,
403 2727 466 2774 quae
482 2713 580 2763 diruere
596 2713 687 2762 lrustra
703 2713 783 2762 adorti
800 2712 972 2764 Massilienses
987 2717 1092 2767 indutias

175 2792 263 2850 petunt
277 2790 300 2832 et
317 2783 449 2846 impetrant
467 2781 506 2833 12.
525 2780 583 2839 ts,
605 2783 718 2832 obtentas
733 2797 793 2832 vero
809 2783 858 2847 ipsi
872 2783 999 2835 violantes
1016 2786 1095 2836 subita

177 2854 308 2918 eruptione
324 2865 400 2915 opera
410 2851 527 2902 Trebonii
545 2852 663 2901 disiciunt
680 2850 719 2901 14.
755 2850 799 2900 His
814 2862 898 2902 tamen
913 2867 1015 2904 summa
1028 2854 1093 2905 lesti-

177 2925 275 2972 natione
289 2920 389 2969 reiectis
402 2920 442 2971 15.
480 2922 512 2971 ad
528 2921 628 2970 easdem
643 2921 776 2970 deditionis
791 2922 952 2972 cortdieiones
969 2930 1093 2975 recurram

182 2991 222 3046 16.
259 2991 358 3040 lnter'rm
373 2991 397 3039 in
409 2990 528 3055 Hispania
541 2990 658 3039 ulteriore
668 2989 700 3038 M.
713 2989 791 3039 Varro
801 2991 910 3056 cognitis
921 2993 1014 3052 rebus,
1032 3007 1092 3056 quae

177 3065 202 3112 in
221 3061 290 3110 ltalia
308 3068 395 3124 gestae
415 3068 488 3116 sunt,
508 3061 533 3108 in
553 3060 688 3109 amicitiam
699 3057 813 3109 Caesaris
831 3059 946 3121 inclinat,
967 3062 1034 3120 dein,
1054 3061 1091 3111 nbi

175 3132 240 3181 huno
250 3131 283 3181 ad
293 3129 429 3178 blaesillam
441 3129 546 3179 detineri
558 3130 629 3179 audit
639 3125 690 3188 17,
711 3128 884 3178 defensionem
894 3138 968 3195 parat
982 3128 1032 3191 ist,
1050 3128 1090 3179 sed

176 3201 288 3250 desertas
303 3200 333 3248 ab
349 3200 464 3249 omnibns
479 3200 512 3249 ad
522 3197 653 3248 Caesarem
669 3199 756 3247 transit
768 3194 808 3249 19.
821 3197 883 3258 2οη
902 3201 946 3262 qni
957 3198 1088 3251 omneslli·

175 3284 268 3335 spanos
278 3270 326 3317 sibi
336 3269 444 3317 devincit
454 3266 495 3320 21.
523 3268 602 3316 Etiam
614 3267 783 3316 Massilienses
794 3283 822 3317 se
833 3267 927 3319 dedunt
936 3268 980 3320 22.
1012 3268 1088 3329 Orrnc,

178 3337 290 3387 Caesaris
300 3338 406 3402 legatus,
416 3337 449 3387 ad
456 3338 552 3389 Uticam
563 3339 625 3387 bene
635 3352 686 3386 rem
697 3337 761 3402 gerit
772 3350 858 3388 contra
865 3337 961 3389 Varum
970 3334 1087 3395 as-sl„

177 3423 235 3458 mox
248 3407 343 3473 proelio
359 3416 452 3458 temere
471 3408 504 3459 ad
519 3406 662 3474 Bagradam
681 3407 816 3459 commisso
833 3422 848 3457 a
863 3407 932 3461 Varo
951 3418 977 3462 et
995 3407 1086 3463 Sohar!
