2272 4176
10 39 122 187 Π
463 164 579 227 Lfflun
594 165 636 223 u:
847 157 850 163 ,
961 162 1024 228 m

51 322 210 386 victoriam
229 322 270 383 ab
281 320 331 382 dis
347 326 558 396 exposcerent.
589 319 696 394 Neque
708 326 772 379 erat
784 319 947 394 quisquam
959 335 1019 380 onr-

53 410 142 480 niun,
165 408 242 485 quin
259 408 292 467 in
309 404 377 466 eius
393 404 453 464 diei
465 421 541 464 casu
552 420 678 465 suarum
690 404 824 465 omnium
836 404 1023 464 fortunarum

10 498 13 556 i
53 499 192 553 eventum
202 491 375 553 consistere
385 489 580 550 existimaret.
611 488 686 548 Nanr
697 495 727 548 et
736 487 856 548 honesti
869 503 907 546 ex
917 488 1021 548 iuven-

10 576 13 667 ξ
53 586 111 639 tute
131 584 162 638 et
180 577 334 653 cuiusque
352 574 458 635 aetatis
471 573 651 648 amplissimi
663 572 838 633 nominatim
850 573 967 633 evocati
979 581 1020 633 at·

10 670 17 719 t
55 678 111 738 que
128 659 286 722 obsecrati
303 659 390 719 navis'
410 658 667 730 conscenderant,
691 664 738 730 ut,
761 658 788 716 si
808 656 882 731 quid
900 657 1021 717 adversi

17 800 20 805 .
55 746 225 818 accidisset
238 760 279 804 ne
290 744 330 804 ad
342 743 516 804 conandum
528 742 651 817 quidem
663 742 721 802 sibi
735 743 898 816 quicquam
912 741 1021 816 reliqui

25 822 28 827 ’
55 832 117 892 lore
132 830 292 898 viderent;
314 829 341 888 si
364 827 611 902 superavissent,
637 827 686 884 vel
710 825 886 887 domesticis
910 826 1020 901 opibus

57 917 98 975 rel
110 914 247 974 externis
260 913 381 973 auxiliis
404 914 443 973 de
465 913 563 971 salute
574 910 659 971 urbis
672 910 869 971 confiderent.

131 998 185 1059 VI.
232 996 402 1058 Commisso
421 996 538 1070 proelio
550 994 794 1055 Massiliensibus
812 1009 863 1054 res
882 996 964 1055 nulla
981 997 1020 1056 ad

57 1083 189 1145 martem
202 1082 315 1150 deluit;
332 1081 389 1141 sed
400 1095 552 1140 memores
565 1095 670 1139 eorum
683 1086 927 1155 praeceptorum,
941 1095 1020 1155 quae

58 1169 141 1243 paulo
154 1173 226 1227 ante
237 1166 276 1226 ab
289 1165 354 1227 suis
366 1171 556 1240 acceperant,
579 1163 639 1224 hoe
651 1164 750 1223 animo
761 1164 964 1236 decertabant
987 1172 1020 1226 ut

59 1254 165 1313 nullum
178 1250 262 1311 aliud
273 1257 394 1324 tempus
407 1249 446 1308 ad
458 1248 631 1308 conandum
643 1248 773 1308 habituri
784 1249 967 1321 viderentur,
991 1256 1020 1309 et

23 1406 27 1415 ¹
60 1336 161 1412 quibus
180 1336 212 1395 in
231 1350 335 1410 pugna
350 1334 430 1394 vitae
447 1334 616 1408 periculum
634 1333 786 1392 accideret
797 1350 858 1393 non
869 1334 911 1393 ita
925 1335 1016 1395 multc

23 1420 26 1435 ²
58 1436 87 1481 se
96 1420 286 1495 reliquorum
298 1418 408 1479 civium
420 1419 514 1477 latum
526 1417 706 1476 antecedere
718 1417 939 1486 existimarent;
953 1419 1018 1492 qui·

25 1550 29 1577 2
59 1502 108 1565 ius
118 1504 196 1565 urbe
211 1501 597 1577 captaeodemessetbelli
610 1503 893 1576 fortunapatienda.
924 1502 1012 1562 Didu·

58 1589 169 1664 alisque
180 1587 296 1648 nosuis
308 1586 452 1662 paulatim
463 1586 1016 1660 navibusexartilieiogubernatorum

58 1672 206 1733 mobilitati
223 1671 348 1731 navium
364 1672 452 1731 locus
476 1670 604 1730 dabatur
622 1677 661 1741 et,
685 1671 712 1730 si
731 1671 854 1745 quando
867 1670 988 1730 nostris
1005 1702 1017 1710 ·

58 1758 190 1818 cultamm
200 1756 282 1816 nocti
293 1754 401 1814 ferreis
412 1754 551 1814 manibus
563 1754 680 1814 iniectis
692 1755 1016 1828 navemreligaverant

58 1840 259 1916 undiquesuis
270 1838 480 1900 laborantibus
491 1838 718 1898 succurrebant.
740 1839 847 1914 Neque
857 1853 932 1898 vero
945 1853 1016 1898 con*

57 1923 264 1986 luucfiAlbicis
278 1923 447 1982 comminus
458 1923 624 1996 pugnando
637 1922 818 1984 deficiebant
828 1938 929 1999 neque
942 1923 1016 1982 mul-

57 2016 110 2069 tum
121 2007 273 2068 cedebant
285 2008 392 2067 virtute
402 2007 525 2066 uostris.
549 2006 643 2066 Simul
655 2022 693 2066 ex
704 2008 872 2068 minoribus
888 2007 1017 2067 navibus

56 2108 158 2168 magna
174 2092 223 2152 vis
242 2092 362 2151 eminus
373 2091 470 2150 missa
480 2091 610 2151 telorum
620 2092 714 2151 multa
725 2093 837 2153 nostris
854 2093 1019 2167 deimpro-

56 2177 115 2238 viso
137 2175 374 2252 inprudentibus
401 2182 491 2250 atque
519 2176 670 2263 impeditis
693 2178 821 2236 vulnera
839 2176 1016 2236 inferebant.

56 2261 313 2336 conspicataeque
325 2274 419 2319 naves
430 2259 568 2318 triremes
582 2261 661 2319 duae
671 2261 921 2332 navemD.Bruti,
939 2275 1017 2336 quae

55 2358 87 2404 cx
96 2345 210 2420 insigni
228 2343 317 2403 facile
328 2345 454 2418 agnosci
467 2350 593 2419 poterat,
612 2345 731 2405 duabus
744 2361 783 2403 ex
796 2345 933 2421 partibus
946 2360 1017 2404 sese

10 2462 26 2513 Η-
54 2429 79 2489 ln
92 2445 160 2490 eam
176 2428 384 2489 incitaverant.
415 2426 477 2487 Sed
494 2435 609 2488 tantum
627 2444 661 2487 re
676 2429 925 2504 provisaBrutus
938 2429 1016 2488 cele-

10 2517 25 2599 [2
54 2512 131 2575 ritate
149 2513 240 2573 navis
259 2512 364 2573 enisus
386 2518 447 2585 est,
469 2518 502 2572 ut
523 2528 619 2587 parvo
642 2521 794 2574 momento
814 2514 1015 2574 antecederet.

55 2595 116 2659 illae
128 2597 210 2658 adeo
222 2596 354 2671 graviter
369 2597 445 2657 inter
462 2612 496 2656 se
507 2597 646 2656 incitatae
658 2598 868 2670 conflixerunt,
881 2606 914 2657 ut
924 2597 1016 2656 velre

54 2682 235 2743 meutissime
252 2686 381 2755 utraque
400 2696 439 2739 ex
457 2696 610 2741 concursu
626 2682 807 2755 laborarent,
831 2684 924 2742 altera
940 2697 1014 2743 vero

55 2768 219 2840 praefracto
231 2773 332 2825 rostro
350 2771 414 2824 tota
431 2765 645 2825 collabefieret.
670 2765 736 2840 Qua
752 2781 786 2826 re
804 2768 1016 2827 animadversa

24 2884 39 2901 -·
55 2866 125 2927 quae
143 2849 306 2926 proximae
324 2849 352 2908 ei
371 2850 439 2909 loco
453 2864 492 2907 ex
502 2849 587 2908 Bruti
600 2851 700 2910 classe
711 2867 806 2911 naves
819 2861 904 2911 erant
915 2853 945 2910 in
962 2867 1014 2909 eas

55 2932 206 3011 inpeditas
224 2933 369 3008 impetum
381 2933 494 2994 faciunt
505 2935 704 3009 celeriterque
716 2936 821 2995 ambas
834 2936 1014 3011 deprimunt.

124 3020 194 3079 VII.
241 3015 304 3077 Sed
313 3017 497 3076 Nasidianae
515 3033 609 3077 naves
627 3021 710 3079 nullo
722 3021 792 3080 usui
805 3021 925 3080 luerunt
937 3021 1014 3079 eele-

55 3102 178 3179 uterque
189 3117 295 3178 pugna
306 3109 519 3161 excesserunt:
535 3119 596 3161 non
608 3105 687 3163 enim
698 3104 755 3164 has
768 3113 818 3164 aut
830 3113 1013 3180 conspectus

55 3188 160 3261 patriae
179 3194 232 3247 aut
250 3187 494 3262 propinquorum
511 3196 676 3261 praecepta
693 3189 732 3247 ad
751 3197 918 3249 extremum
937 3190 1014 3251 vitae

20 3276 25 3355 ⁵.
54 3270 212 3345 peu'culurn
232 3270 317 3330 adire
336 3271 494 3344 cogebant.
528 3269 633 3344 ltaque
652 3288 690 3331 ex
702 3287 739 3332 eo
751 3288 878 3333 numero
894 3275 1013 3335 navium

54 3356 125 3417 uuila
146 3354 322 3417 desiderata
344 3363 405 3415 est=
436 3371 475 3413 ox
495 3354 733 3416 Massiliensium
756 3358 856 3416 classe
879 3360 1013 3436 quinque

55 3448 116 3503 suut
139 3438 326 3518 depressae,
357 3446 499 3516 quattuor
520 3449 641 3517 captae,
670 3457 820 3502 unacum
840 3442 1011 3506 Nasidianis
