2272 4176
60 39 151 115 m,
177 40 193 59 ..

470 194 586 257 LIBER
608 197 628 254 l.
995 198 1037 263 29

60 342 260 430 'quaestorem
272 348 431 426 praefecit,
445 348 488 410 uti
502 351 558 409 eos
572 356 668 410 testes
684 366 760 412 suae
772 354 903 428 quisque
919 354 1036 416 virtutis

60 434 206 505 'labereta
222 434 291 510 ipsa
306 449 325 493 a
340 433 447 495 dextm
464 448 576 509 cornu,
605 435 689 511 quod
704 451 771 495 eam
786 442 901 511 partem
917 439 1037 499 minime

76 518 184 581 innam
204 518 338 580 hostium
360 533 432 578 esse
451 513 721 594 animadverterat,
743 519 893 595 proelium
914 525 1031 583 commi-

77 605 118 664 sit
143 604 188 663 lta
201 609 271 663 nost
259 602 298 662 tri
313 602 424 662 acriter
438 602 468 661 in
483 601 590 664 hostes
606 603 694 678 signo
710 604 781 664 dato
797 604 942 679 impetum
958 609 1034 666 lece-

77 687 269 763 mutilaque
283 686 392 747 hostes
405 693 531 762 repente
547 687 651 747 celerit
639 694 747 764 terque
763 697 990 764 procurrerunt,
1005 698 1039 751 ut
1104 732 1109 745 .

80 771 199 847 spatium
219 771 308 846 pila
301 787 332 830 m
353 770 461 831 hostes
477 770 648 831 conicieudi
664 789 725 833 non
741 772 875 832 daretur.
903 774 1036 834 Reiectis

79 856 138 932 pilis
152 854 320 916 comminus
335 854 443 928 gladiis
459 860 627 930 pugnatum
641 863 697 916 est.
720 856 762 916 at
777 855 918 915 Germani
933 858 1036 916 celeri·

81 948 119 1000 ter
136 954 174 1000 ex
195 947 325 1000 consuet
313 938 419 1000 tudine
440 955 497 999 sua
517 939 667 1017 phalam
682 941 762 1000 lacta
775 939 906 1015 impetus
921 941 1037 1016 gladio-

81 1039 135 1083 mm
149 1030 346 1099 exceperunt.
376 1023 500 1098 Reperti
521 1027 592 1083 sunt
612 1025 778 1099 conplures
799 1025 896 1084 nostri
917 1024 1036 1099 milites,

80 1108 124 1184 quai
136 1107 165 1167 in
178 1106 349 1183 phalangas
365 1107 513 1168 insilirent
526 1113 556 1185 et
567 1113 655 1166 scuta
665 1108 805 1168 manibus
815 1110 998 1168 revellerent
1008 1115 1039 1169 et

79 1193 422 1273 desupervulnerarent.
439 1190 512 1252 cum
523 1190 657 1251 hostium
669 1191 752 1251 acies
767 1208 785 1251 a
800 1191 923 1254 sinistro
941 1210 1038 1254 cornu

79 1278 158 1352 pulsa
171 1282 266 1351 atque
280 1275 310 1334 in
327 1276 429 1350 lugam
445 1290 596 1336 conversa
610 1282 702 1350 esset,
718 1291 736 1334 a
751 1276 860 1337 dextm
876 1293 972 1337 comu
985 1293 1035 1336 ve-

78 1358 222 1422 hementer
236 1359 430 1419 multitudine
444 1375 571 1420 suorum
586 1365 723 1419 nostram
738 1359 834 1419 aciem
850 1360 1035 1436 premebant.

77 1443 105 1502 ld
117 1460 184 1504 cum
198 1442 465 1504 animadvertisset
478 1443 510 1502 P.
528 1442 659 1504 crassus
674 1443 867 1519 adulescens,
885 1444 936 1520 qui
951 1446 1036 1520 eqtri-

76 1529 141 1588 tatui
161 1535 318 1603 praeerat,
349 1528 433 1602 quod
454 1527 627 1602 expeditior
648 1534 713 1587 erat
734 1544 824 1603 quam
845 1529 865 1587 ιι
888 1529 939 1604 qui
961 1529 1038 1588 inter

76 1613 163 1671 aciem
183 1611 404 1686 versabantur,
429 1611 548 1672 tertiam
573 1612 669 1670 aciem
695 1611 904 1672 laborantibus
922 1613 1035 1673 nostris

76 1695 206 1757 subsidio
223 1694 314 1754 misit.
358 1757 361 1760 ,

148 1779 221 1839 Llll.
248 1779 291 1838 lta
306 1778 456 1854 proelium
469 1777 642 1839 restitutum
657 1785 719 1854 est,
741 1784 834 1854 atque
855 1793 961 1838 omnes
982 1779 1034 1841 ho·

76 1870 131 1924 stes
144 1871 231 1938 terga
242 1868 400 1924 verterunt
413 1877 514 1939 neque
525 1863 611 1939 prius
623 1863 729 1937 lugere
740 1861 930 1936 destiterunt,
948 1880 1035 1938 quarn

79 1949 111 2009 ad
120 1947 233 2008 ilumcn
240 1947 383 2007 Rhenum
393 1947 474 2006 milia
486 1963 635 2022 passuum
647 1961 686 2006 ex
699 1961 735 2006 eo
744 1947 813 2007 loco
823 1944 942 2005 circiter
951 1947 1035 2022 quin·

80 2033 211 2108 quaginta
231 2038 449 2107 pervenerunt.
488 2031 533 2090 lbi
553 2031 700 2107 perpauci
720 2035 772 2090 aut
791 2029 908 2089 viribus
930 2032 1036 2091 conlisr

80 2122 185 2177 amare
206 2116 432 2177 contenderunt
452 2123 504 2175 aut
524 2115 663 2174 lintribus
684 2114 815 2173 inventis
837 2113 895 2173 sibi
910 2117 1038 2175 salutern

79 2208 261 2277 pepererunt.
284 2201 317 2259 ln
333 2200 381 2260 his
398 2200 452 2260 luit
464 2198 656 2274 Ariovistus,
673 2198 724 2273 qui
739 2198 909 2258 naviculam
925 2199 1036 2274 deliga-

79 2290 126 2345 tam
140 2286 179 2345 ad
194 2285 295 2360 ripam
310 2290 417 2344 nactus
433 2299 470 2342 ea
491 2284 639 2358 profugit:
664 2283 802 2356 reliquos
825 2297 932 2342 omnes
953 2283 1037 2358 equi-

80 2374 130 2430 tatu
143 2369 305 2430 consecuti
319 2368 416 2429 nostri
430 2368 653 2427 interfecerunt.
682 2366 767 2426 Duae
783 2368 905 2427 luerunt
919 2366 1037 2426 Ariovi-

80 2455 109 2513 sti
121 2469 247 2528 uxores,
263 2469 327 2513 una
342 2452 445 2513 Sueva
459 2453 591 2527 natione,
608 2466 699 2527 quam
714 2450 805 2511 domo
822 2466 928 2510 secum
943 2452 1036 2511 duxe-

80 2543 126 2613 rat,
140 2539 238 2597 altera
251 2535 379 2611 Norica,
394 2536 476 2611 regis
491 2535 654 2596 Voctionis
670 2549 774 2609 soror,
792 2551 884 2609 quam
898 2535 927 2593 in
944 2534 1039 2593 Gallia

81 2620 195 2682 luerat
209 2638 229 2681 a
244 2620 492 2681 transmissam:
517 2626 666 2696 utraeque
690 2618 720 2677 in
735 2634 772 2678 ea
786 2619 859 2693 luga
873 2618 1038 2693 perierunt.

83 2704 149 2766 llaae
164 2702 246 2765 filiae
260 2705 370 2765 harum
385 2706 479 2765 altera
494 2704 613 2779 occisa,
635 2707 729 2763 altera
750 2708 839 2777 capta
860 2709 916 2762 est.
947 2704 1039 2762 Gaius

60 2854 64 2861 ,
83 2786 209 2850 Valerius
225 2788 393 2862 Procillus,
409 2805 478 2848 cum
493 2804 512 2847 a
526 2788 706 2848 custodibus
722 2787 752 2846 in
768 2788 841 2862 luga
856 2786 941 2846 trinis
959 2797 1037 2847 cate-

60 2908 72 2929 ι.
83 2873 115 2933 ris
128 2875 249 2934 vinctus
266 2873 444 2948 traheretur,
460 2873 490 2931 in
505 2873 606 2947 ipsum
615 2873 772 2932 Caesarem
782 2871 887 2932 <hostis
904 2871 1040 2946 equitatu

60 2994 68 3039 -,
83 2965 306 3035 persequentem
319 2957 434 3017 incidit.
465 2956 549 3030 Quae
565 2957 688 3033 quidem
702 2972 753 3016 res
770 2955 892 3015 Caesari
908 2969 970 3014 non
985 2955 1037 3013 mi-

60 3052 65 3093 ἰ
84 3054 170 3105 rorem
186 3059 280 3118 quam
295 3042 365 3118 ipsa
378 3041 508 3102 victoria
520 3043 707 3138 voluptatem
719 3040 834 3113 adtulit,
849 3038 933 3112 quod
944 3037 1039 3098 homi-

84 3138 135 3189 teur
147 3127 402 3190 honestissimum
416 3126 591 3201 provinciae
607 3124 735 3198 Galliae,
759 3139 848 3183 suum
863 3121 1039 3181 familiarem

74 3216 106 3271 at
117 3212 287 3289 hospitem,
309 3217 448 3286 ereptum
463 3226 480 3270 e
494 3209 635 3269 manibus
648 3208 782 3269 hostium
797 3205 855 3265 sibi
869 3205 988 3266 restitut
956 3213 1040 3266 rutum

73 3294 200 3372 'videbat
216 3312 322 3393 neque
337 3296 404 3355 eius
422 3294 590 3355 calamitate
605 3294 644 3353 dc
660 3282 742 3352 tanta
756 3292 913 3369 voluptate
928 3297 958 3350 et
971 3307 1038 3366 gra-

66 3378 208 3444 ‘'-ulatione
224 3382 394 3458 quicquam
415 3379 537 3439 fortuna
557 3378 754 3438 deminuerat.
782 3376 812 3434 ls
828 3390 863 3435 se
878 3380 1040 3448 praesente

75 3460 155 3527 lose
167 3474 214 3529 ter
229 3465 369 3528 sortibus
386 3465 558 3524 consultum
574 3462 711 3541 dicebat,
736 3466 842 3526 utrum
859 3459 927 3538 igni
944 3457 1049 3520 statim
