2272 4176
109 452 171 517 110
400 450 451 511 DE
472 448 598 512 BELLO
621 450 786 514 GALLICO

106 607 273 670 troversias
287 603 410 680 habent,
426 605 612 665 conveniunt
623 621 791 683 eorumque
803 606 936 669 decretis
948 604 1081 667 iudiciis-

108 710 168 770 que
190 697 308 767 parent.
337 690 506 765 Disciplina
526 690 557 749 in
576 690 733 750 Britannia
753 698 878 767 repertu
897 698 993 767 atquc
1012 690 1084 751 inde

106 779 136 838 in
153 777 280 838 Galliam
300 777 448 836 translata
462 791 534 835 esse
549 774 753 852 existimatur,
780 784 811 836 et
824 790 922 851 nunc,
950 775 1003 853 qui
1018 774 1083 835 dili·

46 856 50 863 ’
106 864 228 939 gentius
251 878 319 922 earn
338 878 401 922 rem
426 875 615 934 cognoscere
628 862 749 937 volunt,
775 864 958 937 plerumque
972 861 1025 920 illo
1040 858 1083 920 di-

108 947 215 1009 scendi
231 963 326 1007 causa
341 946 586 1022 proficiscuntur.

190 1032 270 1093 XIV.
293 1033 423 1092 Druides
444 1046 463 1088 a
483 1029 563 1090 bello
585 1029 697 1090 abesse
713 1038 901 1091 consuerunt
915 1045 1019 1106 neque
1032 1029 1082 1090 tri-

107 1119 181 1180 buta
195 1135 256 1178 una
272 1133 339 1176 cum
350 1114 476 1190 reliquis
489 1115 636 1190 pendunt,
651 1115 774 1176 militiae
784 1116 976 1176 vacationem
989 1114 1081 1175 omni-

108 1221 222 1280 umque
235 1218 336 1261 rerum
350 1200 464 1259 habent
477 1198 696 1260 inmunitatem.
724 1201 828 1260 Tantis
849 1200 973 1261 excitati
995 1216 1082 1275 prae-

108 1290 176 1348 miis
197 1295 226 1346 et
246 1302 303 1345 sua
324 1292 435 1361 sponte
457 1285 542 1345 multi
563 1286 593 1344 in
614 1285 807 1369 disciplinam
823 1285 1009 1346 conveniunt
1022 1290 1081 1344 eta

108 1372 286 1449 parentibus
302 1370 548 1447 propinquisque
562 1370 728 1430 mittuntur.
762 1369 907 1446 Magnum
922 1370 963 1430 ibi
979 1385 1081 1430 nume-

107 1475 175 1520 rum
189 1473 336 1517 versuum
351 1456 489 1516 ediscere
511 1456 661 1515 dicuntur.
699 1456 806 1532 ltaque
828 1471 926 1517 annos
947 1453 1080 1516 nonnulli

108 1544 234 1603 vicenos
249 1542 278 1600 in
296 1541 457 1617 disciplina
471 1546 660 1615 permanent.
695 1540 802 1616 Neque
823 1542 870 1601 ias
892 1554 965 1601 esse
980 1540 1080 1601 existi·

108 1635 191 1687 mant
205 1643 242 1686 ca
256 1627 362 1686 litteris
377 1627 536 1699 mandare,
553 1642 622 1686 cum
636 1626 667 1685 in
681 1625 808 1701 reliquis
824 1626 889 1685 iere
902 1625 1013 1701 rebus,
1028 1641 1080 1701 pu·

107 1712 196 1772 blicis
219 1712 409 1787 privatisque
429 1710 598 1771 rationibus
621 1710 746 1770 Graecis
767 1710 872 1771 litteris
888 1717 1022 1771 utantur.
1049 1710 1080 1769 ld

109 1795 180 1855 mihi
203 1797 322 1857 duabus
345 1797 383 1856 de
399 1796 501 1856 causis
517 1795 686 1855 instituisse
699 1794 856 1871 videntur,
883 1796 968 1872 quod
984 1810 1081 1871 neque

110 1882 138 1943 in
155 1884 279 1957 vulgum
295 1882 487 1957 disciplinam
509 1880 610 1940 efferri
630 1881 724 1941 velint
743 1895 845 1956 neque
867 1897 939 1957 cos,
966 1881 1018 1957 qui
1040 1880 1081 1939 di-

112 1974 214 2041 scunt,
241 1967 347 2027 litteris
369 1966 506 2028 confisos
524 1966 625 2026 minus
646 1965 810 2026 memoriae
832 1967 973 2035 studere;
1002 1965 1080 2042 quod

111 2053 174 2111 lere
190 2052 346 2127 plerisque
362 2052 481 2126 accidit,
496 2058 530 2111 ut
543 2052 699 2126 praesidio
714 2051 883 2110 litterarum
898 2050 1081 2125 diligentiam

111 2136 138 2196 in
160 2137 365 2211 perdiscendo
391 2153 427 2197 ac
451 2136 628 2199 memoriam
652 2135 813 2195 remittant.
856 2135 998 2210 Inprimis
1025 2134 1083 2196 hoc

109 2222 216 2282 volunt
231 2223 428 2296 persuadere,
445 2239 507 2282 non
522 2222 645 2281 interire
660 2221 787 2296 animaS,
803 2221 859 2280 sed
875 2219 913 2280 ab
929 2220 998 2281 aliis
1014 2226 1083 2296 post

108 2314 236 2366 mortem
251 2308 381 2366 transire
393 2307 433 2366 ad
448 2308 541 2381 alios,
561 2313 653 2381 atque
667 2304 727 2366 hoc
741 2306 872 2365 maxime
888 2305 928 2365 ad
942 2307 1083 2366 virtutem

109 2391 235 2449 excitari
250 2399 356 2465 putant
370 2399 453 2450 metu
466 2391 572 2450 mortis
588 2392 737 2466 neglecto.
759 2390 854 2451 Multa
870 2398 1032 2466 practerea
1046 2391 1084 2451 de

109 2474 262 2535 sideribus
279 2484 371 2552 atque
387 2491 493 2536 eorum
507 2482 606 2550 motu,
632 2476 670 2534 de
685 2476 790 2536 mundi
805 2492 841 2536 ac
857 2482 1007 2536 terrarum
1022 2468 1084 2535 rn'a·

108 2559 274 2634 gnitudine,
292 2561 330 2620 de
341 2578 443 2621 rerum
458 2568 574 2635 natura,
591 2560 630 2620 de
645 2561 771 2621 deorum
783 2561 996 2622 immortalium
1007 2561 1038 2622 vi
1049 2575 1083 2621 ac

108 2651 260 2719 potestate
276 2645 435 2720 disputant
449 2653 479 2706 ct
494 2646 641 2706 iuventuti
655 2647 787 2706 tradunt.

191 2728 257 2789 XV.
280 2731 417 2791 Alterum
432 2747 529 2805 genus
546 2736 593 2790 est
607 2732 752 2807 equitum.
782 2732 835 2807 Hi,
860 2747 929 2792 cum
944 2740 993 2792 cst
1006 2749 1083 2794 usus

108 2821 200 2891 atque
215 2815 340 2890 aliquod
356 2817 467 2876 bellum
483 2816 588 2876 incidit
601 2819 701 2892 (quod
715 2818 779 2877 iere
795 2824 864 2877 ante
874 2818 1015 2878 Caesaris
1031 2818 1083 2879 ad·

106 2908 232 2960 rentum
255 2903 418 2976 quotannis
441 2902 580 2961 accidere
596 2903 730 2978 solebat,
756 2903 799 2962 uti
815 2908 865 2962 ant
879 2902 940 2978 ipsi
951 2903 1083 2964 iniurias

108 2987 254 3044 inferrent
269 2994 320 3046 aut
334 2987 443 3047 inlatas
458 2988 703 3061 propulsarent),
730 3003 835 3048 omncs
859 2988 888 3046 in
911 2989 992 3049 bello
1016 3005 1083 3049 ver·

108 3077 215 3130 santur
231 3078 323 3147 atque
337 3088 443 3132 eorum
457 3080 490 3132 ut
506 3073 638 3148 quisque
653 3080 701 3132 est
715 3088 827 3148 genere
843 3073 1006 3148 copiisque
1022 3090 1083 3133 am-

107 3156 282 3232 plissimus,
309 3156 349 3217 ita
370 3158 518 3233 plurimos
542 3158 655 3219 circum
670 3174 705 3217 sc
720 3158 877 3219 ambactos
894 3159 1084 3235 clientesque

61 3312 65 3317 ,
106 3240 208 3302 habet.
237 3242 323 3301 Hanc
337 3259 429 3302 unam
444 3243 571 3318 gratiam
586 3245 816 3320 potentiamque
831 3252 991 3304 noverunt.

191 3326 271 3387 XVI.
295 3327 383 3388 Natio
400 3336 446 3387 est
461 3329 558 3388 omnis
568 3329 721 3389 Gallorum
736 3330 901 3389 admodum
917 3329 1022 3388 dedita
1036 3343 1082 3388 re·

108 3412 272 3485 ligionibus
288 3418 381 3489 atque
404 3415 443 3473 ob
459 3430 526 3473 eam
542 3430 667 3474 causam
682 3414 733 3488 qui
750 3420 820 3473 sunt
835 3413 946 3473 adlecti
962 3414 1080 3488 gravio·

107 3498 191 3557 ribus
214 3499 329 3559 morbis
353 3500 467 3576 quique
489 3500 519 3559 in
541 3500 667 3575 proeliis
690 3498 895 3574 periculisque
911 3506 1082 3573 versantur,

107 3589 158 3641 aut
180 3600 235 3656 pro
256 3584 386 3646 victimis
408 3585 547 3647 homines
569 3585 725 3644 immolant
744 3591 797 3642 aut
817 3599 851 3642 se
873 3585 1082 3645 immolaturos

107 3674 221 3728 vovent
241 3669 491 3747 administrisque
503 3672 542 3731 ad
557 3686 594 3729 ea
609 3667 760 3730 sacrificia
774 3668 933 3728 druidibus
949 3677 1081 3743 utuntur,

110 3753 207 3833 quod,
232 3768 289 3830 pro
311 3758 374 3817 vita
394 3760 524 3821 hominis
540 3760 599 3821 nisi
613 3760 743 3825 hominis
758 3754 993 3832 vpareddatur,
1020 3772 1081 3817 ⁰⁰¹¹
