2272 4176
16 32 168 95 wesen-⁸
189 40 192 47 ·

297 132 455 199 BELLUM
474 134 793 201 Atnxatlotttrtttm.
966 134 1029 201 343

62 292 212 357 Racilium
222 290 295 354 etL.
305 290 500 351 Laterensem
512 291 683 353 araunium
695 290 865 367 Scapulam,
881 294 1029 356 maximae

62 374 217 453 dignitatis
235 383 266 437 et
281 376 395 451 manae
413 375 632 450 provincialem
655 376 808 437 hominem
830 380 948 454 sibique
969 386 1029 440 tarn

63 462 241 523 lumiliarem
252 476 343 536 quarn
353 461 548 520 Laterensem
559 467 589 520 et
599 462 755 533 Racilium,
774 462 804 519 in
817 464 923 522 eadem
934 464 1030 525 luisse

62 547 273 607 coniuratione
296 560 353 604 nec
377 544 430 605 diu
446 552 581 604 moratur
599 545 737 606 dolorem
754 560 859 617 suum,
884 548 956 621 quin
974 564 1028 609 eos

62 630 190 691 interfici
212 629 322 691 iubeat.
360 628 525 688 Minucium
545 627 660 690 libertis
677 630 768 689 tradit
784 633 1029 707 excruciandum,

62 717 130 775 item
139 714 334 790 Crtlpurnium
343 712 525 783 Saluianum,
540 713 591 788 qui
602 714 760 788 profitetur
771 715 914 775 indicium
926 718 1028 777 coniu-

62 808 262 875 natorumque
273 814 432 858 numerum
443 804 543 872 auget,
564 813 645 868 vere,
668 798 1027 872 utquidamexistimant,

62 894 94 945 ut
104 880 243 943 nonnulli
251 890 424 958 queruntur,
438 888 572 941 coactus.
595 882 1026 946 isdemcruciutibusadlectus

62 967 254 1043 LMcrgilio,
278 968 425 1037 sicutille,
449 966 584 1025 nominat
600 968 722 1040 plures;
747 984 825 1041 quos
845 968 968 1029 Cassius
986 970 1024 1028 in·

63 1052 157 1114 terfici
181 1052 279 1124 iubet,
310 1051 446 1126 exceptis
470 1051 523 1122 iis,
548 1051 656 1124 quise
678 1052 809 1125 pecunia
829 1054 1025 1113 redemerunt

63 1138 134 1197 Nun
154 1137 257 1212 palam
275 1136 324 1196 HS
342 1152 380 1194 rx
402 1150 470 1194 curn
488 1133 650 1209 Calpurnio
673 1136 838 1209 paciscitur
859 1144 889 1196 et
911 1138 1017 1211 curnQ

64 1220 209 1282 Sestion.
243 1220 298 1295 Qui
315 1221 342 1280 si
359 1219 490 1279 maxime
507 1228 653 1279 nocentes
679 1227 751 1280 sunt
771 1222 899 1294 multati,
932 1228 1027 1282 tamen

64 1306 233 1381 periculum
260 1304 339 1365 vitae
362 1305 511 1378 dolorque
532 1305 692 1363 vulnerum
715 1306 862 1379 pecuniae
882 1308 1030 1368 remissus

63 1390 273 1451 crudelitatem
285 1405 353 1448 curn
364 1387 491 1447 avaritia
502 1394 638 1448 certasse
649 1388 849 1462 significabat.

143 1508 222 1567 LVI.
266 1508 391 1582 Aliquot
409 1512 480 1580 post
496 1506 603 1565 diebus
623 1507 734 1565 litteras
747 1522 765 1564 a
778 1507 908 1567 Caesare
919 1510 1029 1569 missas

64 1593 188 1669 accipit,
212 1590 322 1667 quibus
342 1590 500 1665 cognoscit
511 1588 686 1663 Pompeium
698 1590 728 1648 in
741 1591 805 1649 acie
816 1592 927 1651 victum
940 1595 1028 1653 amis·

64 1678 107 1738 sis
120 1676 219 1752 copiis
232 1676 357 1749 fugisse.
382 1676 446 1747 Qua
457 1690 490 1733 re
503 1675 624 1748 cognita
635 1674 757 1734 mixtam
775 1675 881 1735 dolore
893 1678 1028 1751 volupta-

64 1770 122 1822 tem
145 1760 294 1836 capiebat.
337 1759 490 1819 Victoriae
518 1759 641 1818 nuntius
663 1759 803 1817 laetitiam
826 1762 1028 1834 exprimebat;

64 1847 235 1907 conlectum
253 1845 364 1902 bellum
381 1844 529 1902 licentiam
549 1852 717 1917 temporum
729 1844 955 1906 intercludebat.
980 1845 1025 1910 Sic

63 1940 127 1990 erat
138 1929 250 1989 dubius
262 1927 367 2001 animi,
387 1936 485 1988 utrum
495 1928 567 1986 nihil
580 1928 682 1987 timere
694 1943 732 1985 an
744 1929 844 1987 omnia
855 1929 946 1988 licere
958 1932 1026 1989 ntal-

65 2018 111 2074 let.
136 2013 257 2073 Sanatis
270 2013 446 2072 vulneribus
465 2012 594 2071 arcessit
606 2027 726 2085 omneS,
751 2012 801 2087 qui
814 2012 872 2071 sibi
883 2015 1028 2087 pecunias

64 2114 220 2173 expensas
239 2098 378 2168 tulerant,
386 2104 592 2171 acceptusque
609 2112 661 2155 eas
681 2096 895 2166 iubetrelerri;
919 2100 1028 2173 quibus

64 2199 172 2257 parum
184 2181 344 2241 videbatur
355 2182 531 2255 inposuisse
543 2181 660 2255 cuens,
683 2182 858 2255 ampliorem
871 2184 1028 2255 pecuniam

63 2268 201 2341 imperat.
229 2266 370 2340 Equitum
388 2274 486 2324 autem
499 2269 702 2326 Romanorum
721 2266 870 2325 delectum
888 2266 1029 2336 instituit;

63 2366 144 2427 quos
172 2366 212 2408 ex
239 2350 377 2408 omnibus
401 2352 600 2409 conventibus
624 2351 814 2424 coloniisque
838 2353 1029 2427 conscriptos

62 2433 264 2497 transmarina
282 2435 385 2493 militia
403 2438 576 2508 perterritos
593 2436 631 2493 ad
650 2434 830 2493 sacramenti
848 2436 1027 2511 redemptio-

61 2536 132 2580 nem
143 2518 283 2578 vocabat.
294 2518 436 2592 Magnum
450 2519 508 2577 hoc
522 2521 574 2579 luit
585 2519 722 2591 vectigal,
734 2519 830 2577 maius
840 2524 936 2577 tamen
946 2536 1026 2579 crea-

59 2606 113 2665 bat
129 2603 242 2662 odium.
274 2602 328 2661 His
348 2603 438 2662 rebus
459 2604 605 2662 conlectis
626 2610 719 2662 totum
737 2603 901 2661 exercitum
914 2606 1028 2663 lustrat.

57 2689 230 2763 Legiones,
243 2703 319 2761 quas
336 2687 364 2744 in
376 2687 509 2745 Africam
522 2688 668 2747 ducturus
680 2694 758 2759 erat,
783 2694 812 2745 et
823 2687 934 2746 auxilia
945 2688 1030 2746 mittit

59 2774 101 2834 ad
114 2771 280 2831 traiectum.
304 2772 374 2844 lpse
387 2772 531 2842 classem,
551 2788 640 2847 quarn
654 2771 795 2845 parabat,
814 2771 1028 2845 utinspiccret,

58 2855 213 2932 Hispalim
225 2856 343 2914 accedit
354 2855 456 2929 ibique
468 2864 614 2927 moratur,
629 2864 790 2931 propterea
802 2856 885 2928 quod
898 2855 1028 2914 edictum

58 2949 126 3003 tota
147 2939 305 3015 provincia
328 2948 545 3013 proposuerat,
582 2942 691 3015 quillus
715 2939 860 3013 pecunias
883 2939 1027 3012 imperas-

61 3034 109 3087 set
148 3040 249 3099 neque
263 3026 475 3098 contulissent,
499 3025 670 3085 scadirent.
694 3022 777 3095 Quae
788 3024 924 3081 evocatio
936 3023 1024 3081 vehe

59 3118 181 3169 menter
195 3124 300 3168 omnes
313 3110 451 3168 turbavit.

146 3228 235 3286 LVII.
257 3227 377 3285 Interim
396 3226 536 3296 L.Titius,
554 3226 604 3298 qui
619 3241 655 3285 eo
670 3232 807 3299 tempore
821 3225 958 3284 tribunus
973 3224 1026 3282 mi·

59 3313 146 3372 litum
161 3311 190 3370 in
213 3312 330 3385 legione
347 3312 508 3369 vernacula
529 3311 639 3380 luerat,
668 3311 781 3369 nuntiat
795 3326 861 3369 earn
876 3326 894 3368 a
908 3306 1027 3385 legione

60 3395 233 3463 tricesima.
259 3411 348 3471 qoam
363 3396 396 3471 Q.
412 3394 537 3454 Cassius
551 3398 669 3471 legatus
685 3395 772 3455 simul
789 3394 932 3471 ducebat,
958 3410 1026 3456 cum
