2302 4192
132 548 171 611 16
423 548 473 609 DE
494 547 618 608 BELLO
644 548 807 608 GALLICO

213 700 316 761 XXXI.
336 701 382 761 Εο
396 701 524 761 coneilio
537 700 663 761 dimisso
677 699 757 758 idem
771 699 925 776 principes
939 700 1105 775 civitatum,

132 785 182 861 qui
199 794 268 846 ante
284 787 417 860 luerent,
439 786 476 843 ad
495 787 657 845 Caesarem
670 790 863 844 reverterunt
877 785 1104 859 petieruntque,

130 870 173 931 uti
189 871 246 929 sibi
262 876 382 930 secreto
398 870 427 928 in
445 870 564 929 occulto
581 870 620 928 de
635 885 693 929 sua
707 869 904 943 omniumque
920 870 1018 928 salute
1033 885 1103 928 cum

131 971 168 1013 eo
184 969 275 1028 agere
291 955 403 1013 liceret.
425 953 470 1013 Ea
480 970 514 1012 re
530 954 689 1027 impetrata
700 968 771 1012 sese
787 968 894 1012 omnes
910 951 1019 1011 flentes
1029 953 1091 1012 Cae

132 1038 192 1097 sari
211 1038 250 1096 ad
265 1039 362 1112 pedes
378 1037 587 1112 proiecerunt:
616 1038 682 1097 Non
697 1039 798 1097 minus
815 1052 850 1095 se
864 1036 895 1095 id
917 1037 1106 1096 contendere

131 1122 329 1196 allaborare,
349 1137 388 1180 ne
404 1137 448 1194 ea,
466 1137 546 1195 quae
561 1121 728 1195 dixissent,
743 1120 986 1194 enuntiarentur,
1011 1136 1103 1194 quam

131 1205 173 1265 uti
195 1220 247 1278 ca,
276 1221 355 1279 quae
374 1207 504 1280 vellent,
533 1206 744 1280 impetrarent,
769 1211 933 1280 propterea
954 1205 1053 1278 quod,
1077 1205 1102 1263 si

131 1291 319 1350 enuntiatum
335 1297 427 1364 esset,
451 1307 601 1350 summum
617 1291 646 1348 in
663 1291 828 1348 cruciatum
845 1305 880 1347 se
895 1295 1042 1348 venturos
1057 1287 1103 1345 vi-

131 1376 247 1434 derent.
277 1375 413 1435 Locutus
429 1384 476 1435 est
490 1391 546 1449 pro
563 1374 610 1432 lris
625 1373 792 1443 Divitiacus
807 1373 970 1431 Haeduus:
988 1372 1104 1431 Galliae

130 1460 224 1518 totius
247 1459 395 1518 factiones
417 1474 489 1518 esse
511 1460 604 1533 duas,
627 1458 734 1516 harum
754 1457 877 1516 alterius
900 1456 1102 1530 principatum

130 1550 235 1603 tenere
249 1543 403 1618 Haeduos
419 1543 544 1603 alterius
556 1543 726 1602 Arvernos.
751 1541 789 1600 lli
805 1557 873 1601 cum
888 1547 1048 1615 tantopere
1064 1540 1103 1597 de

131 1632 291 1702 potentatu
316 1626 393 1687 inter
414 1643 449 1687 se
469 1629 581 1687 multos
603 1642 701 1685 annos
724 1626 960 1698 contenderent,
989 1626 1101 1683 lactum

132 1725 212 1785 esse,
233 1710 276 1771 uti
293 1711 330 1769 ab
345 1712 493 1773 Arvernis
509 1711 726 1785 Sequanisque
742 1709 881 1769 Germani
897 1708 1039 1768 mercede
1054 1724 1102 1765 ar-

132 1801 336 1854 cassarentur.
377 1796 493 1854 Horum
520 1796 617 1869 primo
645 1793 765 1853 circiter
791 1796 872 1853 milia
898 1810 941 1851 xv
960 1791 1102 1850 Rhenum

132 1879 296 1937 transisse:
320 1886 522 1953 posteaquam
545 1895 637 1952 agros
654 1885 684 1937 et
699 1880 810 1937 cultum
832 1884 862 1936 et
877 1876 983 1952 copias
1000 1874 1101 1934 Gallo·

130 1979 197 2021 rum
214 1962 353 2022 homines
370 1963 425 2020 leri
440 1979 476 2021 ac
491 1963 612 2020 barbari
627 1963 837 2034 adamassem,
859 1963 1017 2021 traductos
1034 1961 1101 2033 plu-

130 2062 196 2105 res=
219 2062 301 2105 nunc
316 2062 387 2105 esse
408 2047 438 2105 in
455 2047 550 2105 Gallia
565 2047 603 2104 ad
619 2053 739 2104 centum
761 2052 791 2104 et
804 2062 846 2103 xx
861 2044 975 2103 milium
996 2059 1101 2102 nume·

131 2146 207 2190 rum.
237 2131 309 2189 Cum
331 2130 379 2190 lris
393 2131 539 2190 Haeduos
562 2144 731 2203 corumque
753 2130 878 2188 clientes
894 2130 988 2187 semel
1009 2136 1101 2202 atque

130 2217 238 2274 lterum
259 2213 351 2272 armis
373 2215 586 2283 contendisse;
609 2229 749 2287 magnam
771 2214 970 2272 calamitatem
991 2212 1102 2285 pulsos

132 2299 301 2372 accepisse,
324 2313 442 2357 omnem
459 2298 654 2369 nobilitatem,
678 2312 798 2357 omnem
814 2305 963 2368 senatum,
980 2310 1101 2355 omnem

131 2382 296 2455 equitatum
308 2382 459 2441 amisisse.
481 2382 596 2453 Quibus
608 2381 734 2455 proeliis
747 2381 1031 2453 calamitatibusque
1043 2381 1099 2437 lta·

132 2472 213 2537 ctos,
237 2465 288 2538 qui
304 2471 333 2523 et
348 2481 405 2524 sua
418 2465 528 2524 virtute
543 2471 573 2523 et
588 2466 695 2539 populi
709 2466 838 2525 Romani
853 2464 986 2538 hospitio
1008 2471 1102 2537 atqua

131 2549 261 2607 anrieitia
276 2549 438 2621 plurimum
453 2556 522 2608 ante
538 2549 567 2606 in
577 2550 672 2608 Gallia
687 2550 869 2623 potuissent,
888 2554 1013 2608 coactos
1029 2562 1101 2606 esse

132 2631 284 2706 Sequanis
312 2632 436 2691 obsides
458 2634 532 2691 dane
551 2634 759 2693 nobilissimos
783 2633 911 2692 civitatis
933 2638 963 2689 et
989 2631 1100 2691 iureiu-

131 2716 227 2775 rando
243 2716 394 2774 civitatem
415 2716 616 2790 obstringere,
639 2733 710 2776 sese
725 2732 827 2791 neque
848 2715 974 2777 obsides
988 2716 1101 2795 repeti-

130 2806 217 2859 turos
232 2815 333 2873 neqne
348 2800 493 2859 auxilium
509 2818 527 2858 a
542 2802 658 2876 populo
672 2802 810 2860 Romano
826 2801 1033 2874 imploraturos
1048 2813 1101 2857 ne·
1139 2845 1143 2855 .

132 2900 192 2958 que
206 2891 413 2957 recusaturos
431 2886 604 2959 quominus
616 2892 766 2959 perpetuo
779 2884 837 2944 sub
848 2885 968 2943 illorum
980 2883 1102 2944 dicione
1137 2918 1140 2926 ·

130 2974 223 3042 atque
244 2968 372 3042 imperio
395 2976 509 3027 essent.
544 2970 644 3028 Unum
667 2985 702 3027 se
724 2985 795 3028 esse
816 2984 855 3026 ex
877 2966 958 3027 omni
980 2966 1102 3026 civitate

130 3052 335 3125 Haeduorum,
348 3053 401 3126 qui
412 3052 523 3123 adduci
533 3069 594 3111 non
605 3055 746 3127 potuerit,
759 3058 792 3113 ut
800 3052 914 3111 iuraret
924 3056 977 3109 aut
986 3050 1102 3111 liberos

131 3151 206 3193 suos
222 3136 348 3195 obsides
358 3136 452 3194 daret.
474 3136 523 3195 Ob
538 3152 603 3195 eam
615 3153 679 3195 rem
695 3154 730 3196 sc
742 3154 781 3196 ex
793 3136 912 3195 civitate
924 3134 1102 3209 profugisse

130 3219 292 3277 etRomam
304 3219 343 3277 ad
356 3225 493 3278 senatum
505 3221 629 3280 venisse
642 3222 787 3281 auxilium
802 3222 999 3295 postulatum,
1017 3218 1100 3292 quod
1125 3268 1147 3302 ,Ἰ

131 3305 217 3363 solus
232 3316 334 3376 neque
348 3304 543 3364 iureiurando
559 3321 660 3380 neque
676 3305 834 3364 obsidibus
850 3310 1013 3362 teneretur.
1038 3300 1101 3361 Sed

114 3384 117 3389 ’
130 3387 217 3463 peius
233 3385 401 3446 victoribus
410 3387 561 3463 Sequanis
578 3405 668 3464 quam
683 3389 819 3448 Haeduis
834 3388 923 3446 vietis
938 3385 1101 3459 accidisse,
1125 3407 1134 3414 ··

131 3478 296 3545 propterea
311 3471 395 3545 quod
409 3472 598 3548 Ariovistus,
620 3489 674 3531 rex
692 3474 925 3543 Germanorum,
947 3469 977 3527 in
992 3485 1100 3530 eorum

130 3554 242 3614 finibus
258 3554 453 3615 consedisset
467 3558 647 3633 tertiamque
661 3563 778 3632 partem
793 3556 859 3631 agri
874 3552 1026 3628 Sequani,
1048 3554 1100 3629 qui
1118 3623 1121 3629 ,
1144 3598 1147 3603 -

131 3644 216 3697 esset
230 3639 363 3712 optimus
380 3640 473 3700 totius
490 3642 613 3717 Galliae,
630 3641 848 3716 occupavisset
862 3646 892 3698 et
905 3654 988 3698 nunc
1002 3638 1043 3698 de
1057 3640 1100 3699 al-

130 3726 197 3780 tera
217 3728 304 3796 parte
325 3723 413 3784 tertia
429 3724 590 3800 Sequanos
607 3725 758 3784 decedere
779 3725 912 3796 iuberet,
934 3729 1101 3798 propterea

131 3805 215 3880 quod
226 3806 334 3880 paucis
346 3809 503 3874 mensibus
514 3814 582 3868 ante
589 3809 744 3868 Harudum
754 3809 835 3868 milia
843 3807 997 3869 hominum
1006 3822 1100 3867 xxuu
