2272 4176
69 108 108 168 36
359 108 407 164 'BE
429 108 550 166 natta
575 110 735 168 GALLICO

70 275 141 318 nere
158 275 337 332 oppugnare
353 267 493 331 conatuS,
522 261 601 332 qrrod
619 276 746 318 vaerunn
762 260 798 318 ab
815 238 1053 339 defensoribus',

69 359 140 401 esse
155 344 305 415 audiebat,
322 351 446 416 propter
461 343 644 399 latitudinem
661 344 763 401 fossae
778 344 915 416 murique
930 346 1017 403 altitu·

69 427 169 485 dinem
191 427 295 500 paucis
318 425 548 483 defendentibus
565 440 741 496 expugnare
758 443 816 483 non
834 427 938 499 potnit.
975 428 1017 486 Ca·

70 511 140 569 stris
155 511 275 568 munitis
289 509 391 565 vineas
404 522 494 578 agere
507 522 647 580 (praeque
660 511 697 565 ad
710 511 948 581 oppugnandum
959 508 1021 569 usui

70 600 155 651 erant
167 586 344 664 comparare
359 590 468 661 coepit.
497 591 617 647 lnterirn
633 591 730 650 omnis
745 608 782 649 ex
801 593 871 664 luga
887 592 1020 652 Suessio-

71 692 141 733 num
155 674 311 733 multitudo
328 673 355 729 in
372 673 517 745 oppidum
534 675 671 745 proxima
686 682 773 733 noete
795 677 944 733 convenit.
973 676 1019 734 Ce-

72 759 174 816 leriter
187 757 283 814 vincis
299 756 337 813 ad
353 757 499 827 oppidum
514 757 599 828 actis,
616 773 726 830 aggere
740 757 817 816 iacto
833 757 1022 832 turribusque

72 838 240 898 constitutis
266 838 470 910 magnitudine
495 855 637 911 eperum,
665 856 742 912 oriae
768 855 869 913 neque
893 840 1021 899 videraut

71 929 139 981 ante
148 922 222 979 Galli
237 936 336 994 neque
351 922 516 994 audierant,
532 929 561 979 et
577 923 726 980 celeritate
741 924 946 982 Romanorum
961 938 1021 997 per-

70 1005 140 1063 moti
155 1006 269 1076 legales
285 1004 322 1061 ad
340 1004 499 1062 Caesarem
514 1006 552 1062 de
569 1005 721 1063 deditione
736 1006 855 1064 mittunt
869 1012 908 1079 et,
923 1013 1020 1080 peten-

70 1087 149 1146 tibus
164 1087 275 1159 RemiS,
290 1094 323 1145 ut
338 1095 588 1146 conservarentur
603 1089 769 1160 impetrant.
1048 1144 1051 1149 .

152 1169 228 1228 Xlll.
252 1171 363 1227 Caesar
385 1170 543 1228 obsidibus
566 1171 699 1244 acceptis
722 1171 825 1243 primis
842 1171 970 1231 civitatis
984 1179 1021 1231 at-

73 1268 131 1327 que
145 1253 244 1325 ipsius
261 1253 374 1310 Galbae
394 1253 476 1324 regis
498 1253 619 1311 duobus
635 1254 703 1311 liliis
719 1254 873 1327 annisque
888 1254 1023 1313 omnibus

70 1351 108 1405 ex
124 1337 237 1409 oppido
252 1335 366 1393 traditis
381 1335 410 1392 in
426 1335 798 1396 deditionemSuessiones
809 1337 928 1411 aceepit
941 1352 1023 1397 exer

71 1420 221 1492 citumque
236 1419 265 1475 in
280 1418 459 1476 Bellovacos
475 1420 565 1477 ducit.
596 1419 651 1490 Qui
666 1435 733 1477 curn
748 1436 782 1477 se
797 1435 916 1493 suaque
930 1420 1022 1480 emnia

72 1501 100 1559 in
117 1502 263 1575 oppidum
278 1502 522 1574 Bratuspantium
538 1502 745 1576 contulissent,
761 1510 852 1576 atque
867 1502 958 1563 abeo
973 1519 1022 1577 op·

72 1585 142 1658 pido
152 1586 262 1643 Caesar
274 1600 341 1642 cum
357 1585 491 1643 exercitu
507 1585 624 1643 circiter
638 1586 718 1643 milia
732 1601 879 1660 passuum
895 1587 1023 1660 quinque
1051 1594 1055 1603 “

71 1668 208 1741 abesset,
234 1683 339 1727 omnes
360 1668 491 1727 maiores
513 1675 584 1726 natu
599 1683 637 1726 ex
659 1669 772 1741 oppido
789 1669 906 1742 egressi
920 1684 1022 1728 manus

70 1752 107 1809 ad
124 1753 283 1811 Caesarem
304 1752 429 1810 tendere
449 1757 478 1809 et
498 1767 574 1809 voce
590 1751 761 1823 significare
776 1759 945 1826 coeperunt
957 1766 1022 1813 sese
1051 1750 1056 1763 ¹

70 1833 99 1892 in
114 1837 179 1893 eius
194 1837 286 1895 iidem
301 1850 337 1891 ae
353 1839 530 1906 potestatem
540 1835 644 1891 venire
654 1850 754 1907 neque
766 1842 871 1894 eontra
882 1839 1022 1910 populum

72 1918 236 1977 Romanum
250 1917 340 1974 armis
356 1916 548 1974 contendere
576 1917 664 1987 ltem,
680 1933 747 1975 eum
763 1919 800 1975 ad
816 1919 964 1992 oppidum
977 1934 1023 1977 ac

71 2001 216 2058 cessisset
224 1998 432 2070 castraquerb1
441 2004 575 2069 poneret,
590 2015 675 2070 pueri
668 2001 886 2076 mulieresque
895 2017 933 2060 ex
940 2018 1023 2061 muro

69 2082 170 2155 passis
186 2082 285 2139 manib
287 2098 323 2139 us
340 2096 395 2138 suo
412 2094 495 2137 more
510 2096 618 2152 pacem
633 2084 670 2141 ab
685 2083 828 2142 Ronlanis
845 2085 1005 2158 petierunt
1062 2094 1066 2119 ¹

150 2165 227 2222 XIV.
250 2164 307 2222 Pro
323 2163 369 2221 lns
385 2161 598 2221 Butraeus
557 2181 674 2223 n—-am
690 2174 760 2239 post
775 2166 944 2226 discessum
959 2169 1066 2227 Bcl·

69 2263 171 2321 garum
188 2247 320 2305 dimissis
335 2245 529 2303 Haeduorum
551 2247 648 2320 eopiis
670 2250 706 2307 ad
724 2267 791 2310 eum
806 2258 1024 2310 reverterat-
1062 2282 1066 2291 ·

68 2331 138 2391 lacit
151 2330 260 2388 uerba:
285 2330 465 2388 Bellovacos
481 2328 560 2387 omni
576 2334 733 2405 tempore'
726 2350 754 2391 m
771 2334 877 2391 iidet
846 2340 877 2391 at
879 2350 939 2407 que
954 2334 1022 2393 ami-

67 2415 106 2472 cit
107 2414 136 2473 ia
151 2413 250 2472 civitat
239 2412 429 2471 tisHaeduae
441 2412 551 2470 luisse·
545 2414 707 2487 ·inpulsos
720 2432 738 2474 a
749 2417 812 2475 suis
825 2417 1066 2491 principibus,

67 2498 118 2572 qui
134 2497 267 2555 dicerent
280 2495 424 2554 Haeduos
445 2494 483 2551 ab
500 2495 658 2557 Caesare
651 2516 681 2557 m
697 2500 821 2558 servitut
823 2515 869 2557 ern
883 2501 990 2560 redaet
978 2509 1025 2561 tos

67 2597 171 2638 omnes
187 2579 378 2653 indignitates
395 2579 654 2654 contumeliasque
674 2583 824 2655 perterre,
850 2589 881 2640 et
895 2583 932 2640 ab
947 2584 1022 2643 Hae·
1064 2598 1066 2662 ζ

67 2664 135 2722 duis
158 2662 311 2720 deiecisse
333 2667 363 2719 et
384 2662 498 2734 populo
514 2662 651 2722 Romano
667 2664 776 2722 bellum
792 2665 940 2724 intulisse.
970 2666 1024 2739 eri
1063 2664 1066 2701 ³

65 2747 130 2805 eius
146 2744 263 2804 consilii
278 2744 432 2818 principes
449 2745 591 2820 luissent,
615 2747 695 2819 quod
711 2747 916 2821 intellegerent
931 2766 1021 2823 quan·
1063 2754 1066 2761 '

65 2838 124 2888 tam
140 2827 336 2888 calamitatem
351 2827 462 2885 civitati
476 2828 662 2901 intulissent,
679 2829 706 2887 in
722 2831 905 2889 Britanniam
920 2834 1023 2905 prolu-

64 2914 157 2987 gisse.
186 2911 291 2970 Petere
306 2927 366 2970 non
382 2911 480 2969 solum
494 2912 690 2984 Bellovac0S,
716 2914 769 2971 sed
793 2914 881 2972 etiam
903 2931 958 2989 pro
975 2915 1023 2975 liis

65 2997 217 3068 Haeduos
232 3001 265 3054 ut
278 3010 335 3054 sua
350 2994 506 3052 clementia
520 3009 556 3052 ae
567 2997 796 3054 mansuetudine
807 2997 835 3054 in
848 3012 902 3055 eos
915 3006 1025 3059 utatur.

57 3078 150 3151 'Quod
178 3079 203 3138 si
229 3078 346 3150 lecerit,
372 3076 568 3137 Haeduorum
589 3079 792 3137 auctoritatem
814 3082 897 3152 apud
919 3097 1024 3141 omnes

63 3158 174 3234 Belgas
190 3162 448 3236 amplificaturum,
464 3177 593 3235 quorum
624 3161 743 3221 auxiliis
756 3169 847 3236 atque
860 3164 982 3239 opiBus
998 3165 1022 3224 st

66 3256 124 3315 qua
138 3242 217 3302 bella
232 3245 398 3320 inciderint,
415 3251 583 3305 sustentare
599 3245 780 3305 consuerint.

146 3327 210 3387 XV.
225 3328 336 3387 Caesar
348 3328 473 3387 lionoris
481 3326 617 3389 biviliaci
629 3328 811 3401 atquellaed
816 3344 1020 3390 uorumeausa
