2272 4176
261 161 304 200 oa
326 159 428 200 ranno
451 160 649 202 marrucino
675 161 702 202 c.
725 155 769 206 53.
788 154 830 205 ol.
997 144 1034 203 71
1122 208 1126 215 ,

57 310 131 368 haut
151 305 256 384 procul
275 308 350 365 inter
372 323 403 366 se
418 313 509 375 erant,
528 309 664 384 strepitu,
685 308 762 368 velut
783 308 881 368 hostes
902 309 1038 369 adventa·

56 399 140 459 rent,
163 389 247 449 alteri
263 389 340 466 apud
359 389 466 450 alteros
480 388 664 449 formidinem
681 391 765 450 simul
783 398 812 451 et
827 391 981 452 tumultum
996 394 1009 452 s
1026 427 1038 438 -

57 493 144 542 cere,
175 479 204 533 et
225 491 318 550 paene
344 473 525 548 inprudentia
548 473 706 533 admissum
729 475 840 534 lacinus
863 476 1036 543 miserabile,

56 560 89 618 ni
112 558 260 635 utrimque
279 556 432 633 praemissi
453 557 564 634 equites
585 574 650 616 rem
670 558 905 634 exploravissent.
948 558 1065 635 lgiturs

33 659 115 719 epro
138 646 219 700 metu
240 647 361 715 repente
384 639 522 716 gaudium
544 646 694 709 exortum,
722 641 827 701 milites
855 641 928 701 alius
951 641 1039 702 aliurn

56 725 127 784 laeti
140 721 294 800 adpellant,
311 728 374 782 acta
389 722 512 782 edocent
525 730 611 800 atque
629 724 757 792 audiunt,
774 741 826 784 sua
842 727 963 802 quisque
979 726 1039 783 lor-

56 810 97 867 tia
117 807 192 867 lacta
211 805 247 865 ad
262 804 374 865 coelum
389 805 454 865 lert.
484 806 597 882 Quippe
622 825 671 866 res
693 806 837 867 humanae
851 809 889 867 lta
907 826 971 869 sese
988 809 1039 867 ha-

56 890 145 950 bent:
174 891 204 950 in
231 890 351 948 victoria
373 888 416 947 rel
437 890 549 965 ignavis·
566 888 685 966 gloriari
712 890 794 960 licet,
823 891 962 951 advorsae
991 910 1040 952 res

59 976 147 1033 etiam
169 972 264 1032 bonos
285 972 455 1031 detractant.

21 1077 48 1119 ro
144 1054 276 1116 Metellus
294 1056 324 1114 in
339 1055 447 1114 eisdem
463 1056 563 1114 castris
581 1056 742 1133 quadriduo
758 1063 903 1125 moratus,
925 1058 1089 1119 sauciosbl

58 1158 128 1200 cum
142 1157 213 1198 cura
234 1139 341 1206 reficit,
364 1138 484 1197 meritos
505 1139 535 1196 in
556 1138 674 1214 proehis
696 1158 778 1200 more
800 1140 916 1200 militiae
938 1142 1034 1207 donat,

57 1225 213 1283 univorsos
234 1223 264 1281 in
283 1223 416 1280 contione
437 1220 535 1280 laudat
555 1227 642 1299 atque
660 1224 719 1298 agit
743 1226 867 1300 gratias:
891 1224 1034 1290 hortatur,

59 1306 96 1366 ad
112 1311 218 1374 cetera,
241 1323 315 1383 quae
333 1304 405 1363 levia
427 1306 497 1371 sint,
520 1322 622 1381 parem
636 1308 763 1366 animum
785 1315 900 1383 gerant:
923 1325 978 1384 pro
995 1310 1035 1367 ri-

60 1390 153 1448 ctoria
175 1390 242 1447 satis
263 1386 350 1467 [iam]
375 1393 544 1465 pugnatum,
565 1387 692 1448 relicuos
708 1389 825 1450 labores
844 1408 898 1467 pro
925 1392 1034 1467 praeda

26 1472 134 1537 eslere.
165 1471 275 1531 Tamen
297 1472 413 1530 interim
433 1471 600 1545 transfugas
618 1478 646 1532 et
661 1472 731 1531 ahos
747 1480 915 1550 oportunos,
931 1474 1060 1549 Iugur-2

58 1556 110 1616 tha
131 1554 181 1615 ubi
202 1556 330 1631 gentium
350 1562 400 1614 aut
420 1553 489 1631 quid
511 1553 640 1628 agitaret,
663 1573 729 1616 cum
742 1557 880 1633 paucisne
902 1564 978 1616 esset
998 1576 1036 1616 an

60 1640 222 1698 exercitum
239 1636 375 1705 haberet,
398 1645 431 1696 ut
452 1654 515 1697 sese
533 1638 625 1697 victus
638 1645 762 1714 gereret,
786 1638 967 1715 exploratum
982 1642 1035 1698 mi-

58 1724 104 1781 sit.
129 1722 166 1781 Ar
184 1721 231 1781 ille
246 1737 310 1781 sese
321 1722 350 1780 in
365 1720 429 1780 loca
449 1719 575 1780 saltuosa
594 1727 622 1781 et
636 1728 740 1782 natura
751 1724 860 1782 munita
876 1732 1065 1799 receperat,3

58 1805 158 1884 ibique
176 1804 299 1880 cogebat
314 1805 474 1863 exercitum
488 1821 612 1863 numero
627 1804 778 1865 hominum
793 1805 972 1881 ampliorem,
995 1811 1040 1866 set

25 1889 197 1950 aohebetem
218 1889 437 1964 infirmumque,
467 1889 530 1963 agri
553 1904 586 1946 ac
608 1890 724 1964 pecoris
745 1891 837 1964 magis
860 1907 948 1966 quam
969 1888 1038 1949 belli

58 1972 212 2032 cultorem.
264 1970 296 2029 ld
327 1988 360 2030 ea
381 1973 473 2045 gratia
503 1962 667 2041 ev'eniebat,
696 1973 774 2049 quod
802 1979 919 2049 praeter
943 1975 1065 2048 regiosn

57 2057 173 2134 equites
194 2071 281 2114 nemo
306 2055 436 2113 omnium
458 2053 582 2114 Numida
611 2074 646 2130 er
674 2055 742 2131 luga
769 2074 869 2133 regem
892 2059 1038 2134 sequitur:

56 2157 117 2217 quo
137 2139 278 2215 cuiusque
293 2138 406 2196 animus
420 2136 486 2205 sert,
501 2156 536 2198 eo
554 2137 715 2207 discedunt,
736 2158 832 2219 neque
849 2139 878 2199 id
898 2140 1037 2215 flagitium

56 2221 177 2282 militiae
196 2221 326 2281 ducitur:
349 2221 386 2278 ita
406 2238 438 2280 se
459 2237 557 2282 mores
577 2220 694 2281 habeut.

12 2319 45 2366 as
144 2303 237 2381 Igitur
250 2301 381 2363 Metellus
400 2302 451 2363 ubi
467 2304 542 2365 videt
559 2306 637 2380 regis
656 2307 803 2366 etiamtum
816 2308 943 2365 animum
959 2303 1064 2368 lero-5

57 2406 126 2449 cem
141 2404 214 2456 esse,
231 2385 341 2446 bellum
361 2390 504 2455 renovari,
523 2388 670 2466 quodnisi
684 2407 720 2448 ex
738 2388 813 2449 illius
830 2389 958 2449 lubidine
976 2388 1038 2462 geri

55 2488 120 2531 non
137 2477 243 2547 posset,
265 2477 417 2545 praeterea
439 2472 547 2530 inicum
569 2477 717 2532 certamen
738 2472 793 2531 sihi
816 2490 883 2531 cum
896 2470 1036 2535 hostibus,

55 2556 174 2614 minore
196 2553 369 2613 detrimento
391 2553 455 2613 illos
477 2556 552 2614 vinei
580 2572 666 2632 quam
688 2572 757 2615 suos
778 2557 911 2621 vincere,
942 2554 1040 2612 statuit

55 2654 120 2696 nou
139 2636 256 2712 proeliis
278 2654 374 2715 neque
397 2635 455 2716 [in]
471 2638 547 2706 aeie,
574 2644 618 2698 set
631 2637 686 2697 alio
701 2657 784 2699 more
805 2637 913 2698 bellum
930 2653 1038 2712 gerun-

10 2739 46 2783 ao
56 2721 139 2781 dum.
172 2720 272 2797 ltaque
286 2721 316 2779 in
331 2720 394 2780 loca
410 2719 563 2782 Numidiae
578 2721 805 2799 opulentissuma
822 2722 928 2800 pergit,
952 2737 1064 2795 agrosn

56 2807 160 2870 vastat,
172 2802 262 2862 multa
279 2802 394 2863 casteha
407 2810 436 2862 et
446 2804 561 2881 oppida,
572 2811 683 2865 temere
694 2806 804 2865 munita
818 2811 868 2864 aut
879 2805 940 2862 sine
952 2821 1038 2880 prae·

57 2886 142 2954 sidio,
159 2888 235 2962 capit
247 2887 446 2964 incenditque,
465 2885 593 2963 puberes
611 2887 758 2955 interficit,
775 2887 855 2948 iubet
873 2886 926 2946 alia
942 2889 1038 2945 omnia

57 2968 183 3028 militum
206 2970 346 3048 praedam
368 2987 440 3030 esse.
481 2970 523 3029 Ea
540 2970 694 3030 formidine
715 2971 799 3030 multi
820 2968 957 3030 mortales
979 2968 1038 3029 Ro-

57 3053 153 3111 manis
175 3052 264 3113 dediti
285 3050 617 3121 obsides,'lrumentum
639 3059 668 3114 et
687 3053 741 3113 alla
758 3072 832 3132 quae
854 3054 919 3113 usui
941 3053 1038 3112 forent

18 3156 45 3198 aa
57 3134 178 3195 adfatim
197 3135 342 3215 praebita,
366 3135 543 3214 ubicumque
557 3154 606 3196 res
620 3135 784 3215 postulabat
801 3136 978 3216 praesidium
993 3137 1038 3195 in·

57 3219 194 3296 positum.
235 3217 316 3288 Quae
334 3220 450 3294 negotia
470 3218 672 3295 multomagis
693 3236 780 3296 quam
803 3218 946 3298 proelium
961 3218 1064 3281 malet

55 3307 220 3381 pugnatum
232 3302 268 3363 ab
280 3305 340 3363 suis
354 3317 455 3378 regem
467 3301 630 3362 terrebant:
647 3304 753 3381 quippe
771 3304 854 3363 cuins
864 3320 931 3380 spes
942 3304 1037 3363 omnis

55 3386 86 3445 in
110 3384 179 3461 luga
200 3387 253 3445 sita
274 3393 351 3454 erat,
375 3387 458 3465 sequi
480 3385 648 3463 cogebatur,
672 3393 702 3446 et
720 3387 770 3465 qui
785 3403 837 3447 sua
854 3385 918 3447 loca
935 3386 1036 3447 delen·
