2272 4176
118 408 179 475 128
406 410 458 471 ott
479 409 604 471 BELLO
629 406 793 471 GALLICO

117 574 208 641 utque
222 561 356 624 nostium
373 566 519 645 impetum
532 579 642 641 magno
656 565 758 623 animo
770 562 951 627 sustineant.
966 564 1089 631 Duabus
1123 534 1126 544 Ι

120 656 248 731 Agedici
269 656 441 733 legionibus
466 660 558 729 atque
576 652 802 729 impedimentis
820 652 916 715 totius
939 656 1088 719 exercitus

22 798 26 805 .
119 741 233 801 relictis
249 742 288 802 ad
302 743 396 803 Boios
411 739 622 817 proficiscitur.

202 827 252 887 xl.
273 828 378 887 Altero
393 826 441 885 die
457 838 525 883 curn
539 823 580 882 ad
594 822 742 898 oppidum
757 820 915 884 Senonum
924 824 1087 887 Vellauno
1117 834 1121 841 '

119 910 234 973 dunum
245 912 388 983 venisset,
403 924 441 968 ne
453 923 543 983 quem
555 915 628 981 post
639 923 674 967 se
684 905 806 968 hostem
815 908 1014 985 relinqueret,
1030 927 1087 987 quo

119 996 309 1071 expeditiore
330 1010 363 1053 re
384 991 580 1055 frumentaria
593 998 741 1066 uteretur,
768 1008 951 1068 oppugnare
963 994 1088 1057 instituit

118 1080 213 1157 idque
226 1079 319 1139 biduo
335 1076 587 1148 circurnvallavit3
613 1076 701 1137 tertio
722 1077 772 1137 dic
792 1077 898 1138 missis
920 1093 961 1138 ex
975 1080 1087 1155 oppido

119 1166 226 1241 legatis
245 1163 283 1222 de
298 1162 453 1222 deditione
468 1177 553 1222 arma
567 1160 714 1237 conferri,
738 1162 874 1221 iumenta
887 1163 1035 1238 produci,
1054 1181 1087 1224 oo

119 1249 244 1309 obsides
260 1246 324 1306 dari
340 1248 432 1308 iubet.
461 1245 506 1306 Ea
520 1246 573 1321 qui
588 1245 768 1321 conficeret,
795 1245 826 1306 C.
841 1246 1029 1306 Trebonium
1047 1249 1085 1309 le

117 1342 219 1409 gatuun
234 1331 384 1406 relinquit.
413 1333 484 1407 lpse
498 1338 532 1391 ut
547 1347 639 1407 quarn
654 1329 783 1405 primunr
796 1330 854 1390 iter
874 1332 1008 1407 iaceret,
1033 1333 1085 1393 Ge

117 1418 228 1477 naburn
250 1415 412 1476 Carnutum
435 1416 654 1492 proficiscitur;
684 1415 819 1489 quitum
839 1415 1085 1491 primumadlato

117 1501 220 1561 nuntio
237 1500 275 1559 de
290 1501 519 1576 oppugnatione
532 1499 773 1573 Vellaunoduni,
799 1516 869 1561 curn
883 1500 1008 1576 longius
1023 1516 1084 1561 ean

116 1602 180 1646 renr
200 1585 324 1646 ductum
346 1587 382 1645 iri
402 1586 624 1659 existimarent,
649 1583 838 1660 praesidium
854 1584 972 1645 Cenabi
986 1586 1084 1646 tuendi

116 1686 219 1745 causa,
237 1670 320 1745 quod
336 1687 372 1731 eo
388 1672 554 1743 mitterent,
570 1668 798 1744 comparabant.
826 1668 895 1728 Huc
908 1668 1005 1731 biduo
1019 1686 1084 1746 per·

115 1756 206 1815 venit.
238 1753 350 1815 Castris
373 1763 442 1816 ante
457 1754 604 1831 oppidum
625 1752 735 1829 positis
750 1752 810 1812 diei
830 1760 972 1829 tempore
986 1757 1086 1815 exclu-

115 1856 169 1901 sus
185 1840 214 1899 in
236 1847 395 1915 posterum
416 1839 677 1915 oppugnationem
691 1836 793 1896 differt
808 1853 953 1913 quaeque
968 1839 1083 1899 adeam

115 1942 179 1985 reur
193 1925 264 1987 usui
279 1926 349 2001 sint,
365 1925 508 1986 militibus
522 1925 652 1999 imperat
665 1928 709 1996 et,
726 1921 810 1997 quod
825 1923 976 1997 oppidum
991 1924 1083 1985 Gena-

116 2012 187 2071 burn
202 2026 283 2086 pons
300 2010 433 2073 fluminis
448 2011 565 2086 Ligeris
582 2006 769 2081 continebat,
785 2007 917 2082 veritus,
943 2023 984 2068 ne
999 2014 1082 2069 nocte

115 2112 154 2155 ex
171 2096 287 2172 oppido
304 2098 516 2172 profugerent,
533 2096 611 2155 duas
626 2092 762 2168 legiones
779 2093 809 2151 in
824 2091 916 2151 armis
933 2093 1081 2155 excubare

116 2180 206 2240 iubet.
237 2181 437 2240 Cenabenses
459 2181 552 2256 paulo
574 2184 643 2239 ante
666 2176 798 2236 mediam
821 2183 943 2237 noctem
967 2177 1082 2239 silentio

115 2282 153 2325 ex
170 2264 284 2340 tumido
302 2266 420 2339 egressi
435 2263 549 2325 ilumen
564 2261 694 2323 transire
709 2266 885 2336 coeperunt.
902 2260 1019 2335 Quare
1033 2277 1083 2339 per

115 2352 328 2421 exploratores
351 2349 486 2408 nuntiato
507 2348 619 2407 Caesar
642 2343 797 2420 legiones,
823 2361 900 2421 quas
925 2348 1082 2423 expedites

114 2448 185 2493 esse
201 2434 341 2508 iusserat,
358 2433 454 2507 portis
468 2430 604 2490 incensis
619 2429 787 2489 intromittit
798 2438 889 2506 atque
902 2433 1020 2507 oppido
1032 2448 1083 2507 po·

115 2518 184 2579 titur
200 2517 362 2592 perpaucis
379 2532 417 2576 ex
433 2515 564 2575 hostium
578 2528 704 2574 numero
718 2514 908 2588 desideratis,
925 2517 999 2591 quin
1015 2532 1084 2576 eun·

114 2602 153 2661 eti
169 2609 357 2677 irripererrtur,
376 2600 459 2675 quod
470 2600 572 2674 pontis
586 2605 678 2674 atque
689 2599 829 2660 itinerum
840 2601 1002 2673 angustiae
1012 2604 1084 2661 mul-

114 2686 249 2747 titudinis
266 2686 367 2759 lugam
383 2685 623 2751 intercluserant.
650 2682 803 2758 Oppidum
819 2684 921 2759 diripit
935 2692 1029 2761 atquc
1043 2685 1082 2745 in·

115 2772 230 2845 retulit,
248 2770 395 2847 praedam
409 2769 551 2830 militibus
567 2769 675 2843 donat,
692 2769 858 2828 exereitum
872 2768 1013 2842 Ligerem
1027 2778 1083 2831 tra·

114 2858 198 2917 tltreit
213 2864 304 2931 utrque
319 2856 348 2914 in
364 2854 533 2929 Biturigum
547 2855 625 2914 fines
640 2854 788 2927 pervenit.

195 2942 257 3001 xtt.
281 2939 530 3015 Vercingetorix,
545 2940 597 3000 ubi
612 2939 651 2997 de
666 2938 805 2997 Caesaris
821 2937 954 2998 adventu
973 2955 1082 3015 eogno-

115 3028 164 3095 ιιι,
180 3024 410 3100 oppugnatione
426 3024 540 3084 destitit
559 3032 651 3100 atque
672 3023 792 3083 obviam
808 3023 930 3082 Caesari
945 3025 1084 3097 proficis-

114 3112 200 3172 citur.
232 3112 281 3167 llle
304 3109 453 3185 ‹rqrpidunr
473 3109 640 3183 Biturigum
663 3108 796 3184 positum
817 3108 846 3166 in
867 3107 917 3168 via
930 3108 1081 3169 Noviodu-

115 3213 185 3257 uuur
211 3208 390 3269 oppugnare
410 3193 593 3273 instituerat.
634 3194 698 3267 Quo
725 3209 763 3251 ex
779 3192 894 3267 oppido
911 3209 980 3252 eum
995 3194 1083 3269 legati

114 3282 153 3341 ιιιι
168 3298 237 3341 cunt
253 3280 410 3338 t·euissent
424 3286 556 3353 oratum,
581 3287 614 3339 ut
628 3278 685 3337 sibi
700 3278 875 3351 ignosceret
889 3294 1028 3354 suaeque
1041 3279 1084 3339 vi·

113 3372 162 3425 tete
178 3364 367 3437 rurrsuleret,
383 3370 416 3423 ut
432 3363 584 3423 celeritate
598 3363 733 3435 reliquas
748 3376 799 3419 res
816 3362 996 3436 conficeret,
1025 3380 1084 3439 qua

115 3452 262 3523 pleraque
277 3455 341 3507 emt
357 3455 558 3522 consecutus,
575 3462 659 3506 arma
674 3445 814 3519 conten-i,
832 3461 930 3521 equos
946 3447 1084 3522 produci,

113 3534 240 3595 obsides
263 3534 328 3591 ilari
353 3532 444 3592 iubet.
473 3531 562 3593 Parte
577 3533 636 3591 ianr
652 3528 791 3590 obsidtun
808 3532 917 3590 tradita
933 3548 1002 3591 curn
1017 3533 1085 3593 reli·

114 3634 175 3695 qua
191 3618 490 3692 ruluriuistrarentur,
516 3613 744 3677 centurionibus
767 3620 797 3673 ct
817 3615 925 3689 paucis
940 3616 1085 3680 militibus

112 3702 305 3779 irruentissis,
324 3704 375 3781 qtti
387 3719 471 3763 arma
480 3703 674 3775 iumentaque
689 3698 914 3775 conquirerent.
929 3702 1085 3780 equitatus
