2272 4176
390 180 505 243 LIBER
526 180 604 241 VIII.
934 180 996 247 173

50 340 133 397 teres
147 334 190 395 ad
202 335 389 399 'lrcbouium
400 333 497 410 mittit,
513 340 546 394 ut
561 350 652 410 quam
664 335 821 398 1111111111
832 346 941 414 posset
954 341 995 401 le

50 435 139 483 onem
160 434 238 497 xm,
269 436 348 498 quae
369 435 437 480 curn
458 421 490 479 T.
513 418 618 480 Sextio
638 420 738 495 legato
759 422 789 481 in
808 422 995 500 Biturigibus

50 506 188 581 curabat,
204 511 377 566 arcesseret
390 510 482 580 atque
497 504 539 564 ita
553 520 622 564 cum
635 505 733 565 tribus
748 507 919 583 legionibus
933 526 994 570 ma-

50 590 82 650 lls
99 590 265 651 itineribus
279 590 320 651 ad
334 605 369 650 se
388 590 522 658 veniret;
550 589 619 665 ipse
640 590 759 665 equites
780 592 810 652 in
824 595 922 653 vicem
936 595 994 655 Re·

50 691 136 736 orum
159 691 197 735 ac
211 676 382 751 Lingonum
400 674 649 750 reliquarumque
671 675 838 752 civitatum,
866 695 994 752 quorum

50 776 162 836 agnum
178 776 338 820 numerum
353 764 550 833 evocaverat,
576 758 732 834 praesidio
747 762 994 835 pabulationibus

50 845 112 918 lttit,
128 846 185 920 qni
199 844 317 906 subitas
332 843 464 904 hostium
479 842 670 902 incursiones
686 846 880 907 sustinerent

98 931 165 989 ΧΠ.
191 929 280 1003 Quod
298 946 375 1009 ,curn
400 927 511 989 cotidie
532 928 619 987 lieret
640 943 677 987 ac
697 929 757 988 iarn
773 932 995 993 consuetudine

50 1015 175 1091 ligentIa
189 1015 392 1087 minueretur,
421 1012 505 1088 quod
527 1014 708 1088 plerumque
723 1016 834 1076 accidit
848 1018 992 1078 diuturni·

50 1108 84 1175 lc,
100 1099 262 1159 Bellovaci
277 1100 396 1159 delecta
409 1114 501 1157 manu
515 1097 652 1172 peditum
668 1099 796 1173 cognitis
813 1102 994 1162 stationibus

52 1185 181 1244 tidianIs
207 1184 345 1260 equitum
367 1189 542 1243 nostrorum
564 1181 756 1243 silvestribus
771 1186 848 1246 locis
866 1186 993 1246 insidias

50 1275 188 1346 sponunt
202 1269 373 1343 eodemque
388 1269 506 1343 equites
521 1272 648 1342 postero
661 1267 711 1327 die
725 1269 852 1345 mittunt,
866 1272 918 1347 qui
933 1270 993 1346 pri--

50 1371 96 1414 um
113 1355 262 1414 elicerent
275 1361 409 1427 nostros,
425 1352 536 1411 deinde
551 1351 775 1414 circumventos
790 1356 992 1430 aggrederen-

50 1457 70 1498 r.
103 1439 199 1499 Cuius
215 1438 287 1497 mali
302 1454 371 1498 sors
386 1436 492 1496 incidit
504 1437 625 1512 Remis,
652 1438 764 1514 quibus
778 1439 829 1499 ille
844 1441 910 1500 dies
926 1440 990 1500 iun-

50 1524 107 1583 ndi
121 1520 260 1584 mulieris
276 1522 451 1583 obvenerat.
479 1521 617 1596 Namque
637 1520 683 1596 hi,
713 1538 782 1583 cum
796 1532 924 1599 repente
938 1523 991 1585 ho·

50 1626 108 1670 ,um
137 1608 259 1684 equites
288 1606 574 1666 animadvertissent
599 1622 636 1665 ac
662 1623 789 1668 numero
816 1609 992 1684 superiores

50 1694 204 1756 incitatem
220 1693 493 1767 contempsissent,
523 1690 665 1764 cupidius
687 1691 818 1751 insecuti
838 1693 991 1768 peditibus

50 1779 155 1854 rdiquc
176 1784 250 1838 sunt
270 1776 456 1836 circumdati
492 1774 557 1848 Quo
573 1777 653 1835 facto
669 1777 837 1850 perturbati
852 1777 991 1852 celerius,

50 1880 107 1925 tarn
134 1862 328 1924 consuetudo
349 1862 407 1920 lert
428 1860 579 1935 equestris
601 1860 725 1935 proelii,
755 1875 789 1919 se
810 1876 992 1936 receperunt

50 1950 131 2009 nisso
152 1949 314 2020 Vertisco,
339 1945 479 2021 principe
500 1944 644 2018 civitatis,
669 1946 825 2019 praelecto
840 1945 991 2021 equitum3

50 2036 67 2094 11
84 2050 155 2094 cum
170 2033 224 2092 vix
235 2047 315 2107 equo
332 2036 458 2106 propter
472 2034 600 2087 aetatem
615 2036 724 2104 posset
738 2031 789 2105 uti,
804 2037 904 2091 tamen
920 2046 991 2091 con·

50 2119 181 2179 ‚etudine
196 2118 351 2177 Gallorum
371 2129 472 2189 neque
492 2112 599 2172 aetatis
621 2115 821 2175 excusatione
841 2116 872 2174 in
894 2116 991 2176 susci-

50 2204 131 2264 enda
152 2203 346 2278 praefectura
368 2214 444 2258 usus
461 2204 525 2256 erat
539 2213 641 2273 neque
655 2199 791 2259 dimicari
807 2200 874 2260 sine
888 2216 923 2260 se
937 2218 991 2262 vo·

50 2295 124 2349 erat.
154 2285 382 2345 inflammantur
403 2288 495 2357 atque
518 2283 677 2344 incitantur
691 2283 822 2343 hostium
838 2285 928 2344 animi
943 2301 990 2345 se·

50 2374 119 2434 tudo
137 2371 266 2448 proelio,
282 2368 421 2445 principe
437 2374 467 2426 et
480 2367 637 2440 praelecto
646 2369 810 2428 Remorum
824 2369 992 2444 interiecto,

50 2458 179 2533 ›strique
200 2454 379 2514 detrimento
401 2452 603 2511 admonentur
624 2452 798 2526 diligentius
824 2454 992 2528 exploratis

50 2544 90 2603 cis
108 2541 259 2601 stationes
274 2539 440 2613 disponere
454 2551 491 2594 11
502 2535 689 2596 moderatius
703 2539 861 2598 cedentem
871 2539 992 2613 insequi

50 2637 145 2689 stem.

96 2710 179 2772 Xlll.
205 2707 273 2768 Non
294 2705 491 2767 intermittunt
510 2704 629 2764 interim
651 2705 806 2766 cotidIana
825 2705 943 2780 proelia
962 2706 994 2767 in

50 2801 189 2873 uspectn
204 2800 404 2866 utrorumque
420 2796 604 2863 castrorum,
628 2805 707 2866 quae
728 2791 768 2850 ad
789 2790 870 2850 vada
883 2790 992 2850 transi-
1045 2868 1050 2875 ·

50 2898 129 2958 sque
144 2879 262 2940 fiebant
277 2876 408 2952 paludis.
440 2875 505 2947 Qua
520 2875 714 2935 contentione
730 2875 887 2949 Germani,
914 2890 992 2949 quos

50 2976 185 3043 opterea
201 2963 315 3023 Caesar
329 2960 507 3020 traduxerat
521 2958 670 3034 Rhenum,
685 2966 719 3020 ut
733 2959 886 3034 equitibus
902 2958 992 3017 inter-

50 3052 108 3113 11111
130 3048 371 3125 proeliarentur,
399 3060 467 3103 cum
490 3045 678 3103 constantius
700 3043 835 3103 universi
850 3043 994 3117 paludem

50 3135 203 3196 ausissent
214 3131 385 3208 paucisque
396 3127 610 3187 resistentibus
625 3128 789 3187 interiectis
806 3126 993 3202 pertinacIus

50 3221 168 3297 liquam
183 3217 406 3278 multitudinem
422 3220 528 3272 essent
543 3213 681 3285 insecuti,
697 3211 848 3287 perterriti
865 3227 927 3272 non
942 3227 987 3273 so·

50 3320 80 3365 m
94 3306 124 3377 ii,
142 3303 195 3380 qui
212 3308 265 3362 aut
279 3300 448 3360 comminus
465 3297 715 3372 opprimebantur
728 3303 780 3356 aut
794 3296 912 3357 eminus
926 3299 993 3357 vul-

50 3390 222 3461 rabuntur,
238 3386 400 3446 sedetiam
417 3383 468 3457 qui
483 3381 604 3456 longius
620 3380 785 3441 subsidiari
800 3388 993 3456 consuerant,

50 3473 149 3551 rpitcr
161 3473 344 3547 refugerunt
357 3484 414 3528 nec
435 3467 521 3544 prius
536 3467 628 3527 finem
642 3467 734 3545 fugae
748 3467 1000 3533 lacerantum
