2272 4176
118 455 179 518 184
411 457 462 517 DE
482 456 606 519 BELLO
631 456 794 521 ambico

116 608 282 687 (lomestim
302 608 445 671 cohortes
466 611 602 687 undique
621 611 768 686 impetum
788 610 905 673 iaciunt
929 609 1081 670 omnibus·

107 695 177 769 'que
203 703 254 754 aut
278 693 444 755 intersectis
470 701 522 755 aut
545 695 643 770 captis
664 712 775 772 magna
788 695 1081 773 praedapottuntur.

116 777 239 854 Capitur
253 778 320 853 ipse
335 794 373 838 eo
388 779 505 854 proelio
520 780 672 854 Drappes.

195 862 342 923 XXXVII.
389 864 532 924 canimus
557 864 734 924 telleissime
758 880 793 924 re
816 871 906 940 gesta
930 864 1001 924 sine
1027 864 1083 925 ullo

117 963 214 1023 paene
234 947 336 1007 militis
356 950 483 1007 vulnere
504 949 544 1007 ad
564 949 754 1009 obsidendos
770 949 947 1024 oppidanos
961 948 1081 1008 reverti

115 1040 163 1094 tur
178 1041 369 1107 externoque
383 1032 472 1092 hoste
487 1033 604 1107 deleto,
619 1033 705 1093 cuius
719 1034 830 1093 timore
843 1040 936 1093 antea
951 1032 1084 1092 dividere

115 1116 270 1193 praesidia
290 1124 321 1176 et
340 1117 506 1177 munitione
520 1117 694 1192 oppidanos
710 1117 899 1178 circumdare
913 1116 1083 1193 prolabitus

114 1209 195 1276 erat,
217 1217 312 1275 opera
331 1200 470 1276 undique
483 1202 613 1285 imperat
628 1201 851 1261 administrarit
870 1202 965 1262 Venit
979 1201 1083 1262 eodem

116 1301 184 1345 cum
199 1286 263 1344 suis
279 1285 378 1358 copds
393 1293 518 1360 postero
535 1285 584 1346 die
601 1285 693 1346 Gaius
707 1284 819 1347 Fabius
833 1292 1018 1363 partemque
1032 1300 1082 1360 op·

115 1370 179 1445 pidi
193 1369 283 1429 sumit
297 1371 337 1428 ad
352 1369 564 1429 obsidendum.

195 1452 355 1512 XXXVHI.
378 1454 490 1513 Caesar
509 1453 628 1512 interim
647 1453 687 1513 Μ.
702 1454 869 1515 Antonium
888 1461 1081 1530 quaestorem

115 1554 184 1598 eum
199 1537 375 1597 cohortibus
389 1555 432 1597 xv
445 1540 476 1598 in
489 1538 661 1598 Bellovacis
675 1540 828 1614 relinquit,
844 1555 884 1598 ne
898 1555 962 1615 qua
978 1553 1082 1600 mrsus

115 1638 264 1683 novorum
284 1623 480 1683 consiliorum
502 1623 721 1697 capiendorum
733 1624 836 1697 Belgis
851 1625 983 1684 facultas
1000 1625 1080 1684 dare

114 1715 172 1767 tur.
200 1706 272 1781 Ipse
286 1708 422 1782 reliquas
438 1708 575 1767 civitates
591 1707 668 1782 adit,
685 1707 810 1768 obsides
825 1709 931 1782 plures
947 1708 1082 1782 imperat,

115 1792 255 1851 timentes
280 1792 414 1851 omnium
438 1793 556 1851 animos
582 1792 791 1852 consolatione
818 1799 916 1851 sanat.
958 1790 1081 1852 eumin

116 1875 261 1936 Carnutes
275 1877 421 1951 venisset,
436 1892 565 1952 quorum
578 1875 609 1934 in
624 1876 743 1935 civitate
758 1876 917 1951 superiore
934 1891 1080 1936 commen-

116 1960 191 2021 tario
204 1960 318 2021 Caesar
333 1962 477 2036 exposuit
490 1961 606 2020 initium
617 1960 687 2020 belli
699 1976 770 2020 esse
782 1966 890 2035 ortum,
903 1961 990 2035 quod
1000 1974 1080 2035 prae

116 2045 206 2120 cipue
227 2060 281 2105 eos
302 2053 429 2121 propter
450 2044 668 2105 conscientIam
682 2044 754 2104 lacti
773 2046 880 2104 timere
894 2045 1080 2104 animadvor-

117 2130 206 2204 tebat,
224 2145 285 2204 quo
302 2131 431 2190 celerius
447 2131 597 2190 civitatem
610 2129 717 2188 timore
731 2129 889 2204 liberaret,
914 2128 1081 2204 principem

118 2214 242 2273 scelens
264 2215 345 2274 illius
367 2222 397 2275 ct
418 2216 634 2275 concitatorem
654 2213 725 2272 belli
747 2213 925 2273 Gatruatum
947 2213 989 2272 ad
1014 2229 1081 2287 sup·

115 2298 238 2374 plicium
260 2298 451 2374 depoposcit.
482 2299 538 2372 Qui
560 2298 617 2359 etsi
638 2312 677 2356 ne
698 2296 815 2358 cim'bus
832 2297 957 2373 quidem
971 2298 1037 2357 suls
1052 2311 1083 2356 se

116 2383 335 2457 committebat,
357 2390 458 2443 tamen
479 2383 618 2442 celeriter
638 2381 772 2442 omnium
793 2397 867 2441 cura
880 2381 1082 2456 quaesitusin

116 2474 216 2526 castra
228 2468 412 2542 perducitur.
429 2468 552 2542 Cogitur
565 2468 596 2525 in
611 2467 678 2527 eius
694 2466 876 2542 supplicium
887 2466 1002 2526 Caesar
1016 2481 1079 2526 con·

114 2558 162 2611 tra
176 2566 263 2609 suam
277 2560 416 2612 naturam
431 2568 585 2613 concursu
605 2551 737 2611 maximo
752 2550 892 2626 militum,
917 2552 971 2625 qtri
986 2550 1084 2612 omnia

115 2635 252 2710 pericula
266 2643 296 2695 et
310 2638 488 2698 detrimenta
501 2637 572 2696 belli
588 2635 734 2696 Gutruato
754 2642 883 2710 accepta
901 2635 1082 2703 referebant

116 2721 193 2781 adeo
216 2727 249 2779 ut
268 2721 448 2783 verberibus
464 2721 667 2781 exanimatum
682 2735 796 2794 corpus
812 2719 913 2779 securi
933 2719 1082 2779 feriretur.

195 2803 325 2865 XXXIX.
358 2806 403 2865 Ibi
424 2806 540 2866 crebris
554 2805 660 2865 litteris
675 2804 790 2864 Caninii
804 2803 839 2864 lit
853 2803 980 2878 certior,
1008 2816 1084 2878 quae

29 2928 33 2933 ·
115 2890 154 2949 de
168 2890 323 2964 Drappete
344 2897 374 2949 et
387 2889 528 2950 Lucterio
550 2896 637 2965 gesta
651 2895 756 2949 essent
770 2904 895 2964 quoque
910 2889 941 2946 in
957 2886 1083 2949 consilio

115 2980 330 3049 permanerent
355 2974 512 3049 oppidani.
559 2974 693 3047 Quorum
717 2972 776 3032 etsi
802 2973 986 3048 paucitatem
1014 2987 1083 3033 con-

114 3058 275 3132 temnebat,
292 3065 392 3118 tamen
407 3059 605 3133 pertinaciam
618 3073 729 3132 magna
743 3073 845 3132 poena
858 3071 931 3117 esse
941 3057 1083 3117 adficien-
1115 3086 1119 3095 ·

115 3144 185 3202 dam
199 3143 362 3216 iudicabat,
377 3159 417 3202 ne
431 3144 576 3204 universa
591 3143 687 3202 Gallia
699 3159 762 3202 non
776 3142 835 3202 sibi
849 3142 932 3201 vires
948 3140 1084 3201 defuisse

116 3228 155 3288 ad
168 3227 375 3286 resistendum
387 3228 551 3301 Romanis,
573 3228 629 3287 sed
644 3227 845 3287 constantiam
859 3232 993 3301 putaret,
1009 3238 1084 3284 neve

116 3315 175 3371 hoc
189 3313 332 3386 exemplo
348 3319 468 3371 ceterae
483 3313 620 3372 civitates
634 3313 772 3372 locorum
786 3310 1016 3386 opportunitate
1028 3311 1082 3369 tre

114 3407 164 3454 tae
178 3413 213 3456 se
227 3395 417 3456 vindicarent
430 3396 461 3455 in
476 3397 659 3472 libertatem,
682 3413 751 3458 curn
766 3396 906 3456 omnibus
922 3394 1017 3454 Gallis
1032 3409 1083 3453 no

115 3489 179 3539 tum
200 3496 271 3540 esse
293 3482 385 3541 sciret
405 3480 554 3556 reliquam
568 3496 640 3541 esse
654 3497 747 3541 unam
761 3488 909 3541 aestatem
923 3495 1000 3540 suae
1014 3494 1084 3553 pro

117 3564 248 3640 vinciae,
264 3582 356 3640 quam
371 3567 397 3625 si
412 3567 565 3626 sustinere
579 3565 768 3640 potuissent,
783 3567 899 3625 nullum
912 3565 993 3624 ultra
1006 3561 1082 3638 pari·

115 3651 216 3708 aulum
229 3658 417 3712 vererentur.
432 3652 538 3727 Itaque
553 3648 586 3724 Q.
602 3650 746 3711 Calenum
760 3650 894 3725 legatum
909 3646 1085 3722 contagto

115 3733 206 3793 nibus
220 3733 356 3811 reliquit,
383 3736 435 3812 qui
454 3734 543 3801 iustis
563 3734 720 3797 tuberibus
735 3735 986 3813 subsequemur.
1014 3732 1086 3810 lpse
