2302 4192
322 236 326 243 ,
378 168 537 234 BELLUM
558 169 736 235 Arulchu.
983 162 1046 235 378

72 327 286 406 speculatores
300 326 556 402 apparitoresque
570 341 677 386 omnes
686 333 719 386 ut
732 324 789 385 sibi
798 328 923 400 praesto
931 331 1044 387 essent.

70 416 180 490 ltaque
194 411 335 473 omnibus
354 411 459 472 insciis
482 426 582 486 neque
599 410 828 486 suspicantibus
841 410 945 487 vIgilia
958 412 1046 471 tertia

71 499 158 559 iubet
172 511 278 558 omnes
293 496 432 571 legiones
447 511 486 555 ex
501 496 611 556 castris
628 496 717 557 educi
733 502 825 570 atquc
847 510 882 556 se
897 496 1044 569 consequi

71 584 112 643 ad
135 582 284 657 oppidum
304 581 474 656 Ruspinam
494 596 621 655 versus,
647 581 678 640 in
693 597 761 656 -quo
776 580 845 656 ipsc
860 579 1046 654 praesidium

70 667 179 728 habuit
203 673 234 726 et
248 666 332 742 quod
346 666 476 741 primum
490 665 529 723 ad
544 665 705 726 amicitiam
718 666 785 725 eius
803 662 944 726 accessit.
972 664 1046 722 Inde

72 752 232 827 parvulam
256 751 475 826 proclivitatem
501 749 669 826 degressus
695 750 819 810 sinistra
838 755 926 825 parte
946 747 1044 821 campi

71 844 201 912 propter
215 851 298 895 mare
312 836 449 910 legiones
472 834 564 893 ducit.
593 835 649 894 HIc
665 850 791 910 campus
807 833 934 893 mIrabili
950 833 1044 907 plani-
1102 836 1105 841 “

71 922 118 980 cie
133 927 219 996 patet
232 920 314 980 milia
328 936 477 994 passuum
493 918 672 988 duodecim;
695 935 786 995 quem
800 920 903 993 iugum
919 920 1044 991 cingens

71 1005 179 1064 amari
195 1012 293 1065 ortum
308 1019 409 1079 neque
422 1005 464 1064 ita
478 1006 646 1077 praealtum
657 1005 741 1064 velut
750 1003 858 1064 theatri
870 1002 964 1062 elficit
975 1016 1044 1076 spe·

73 1090 160 1149 ciem.
191 1090 224 1149 ln
239 1089 298 1149 hoc
313 1089 384 1164 iugo
407 1090 501 1152 colles
523 1095 595 1148 sunt
615 1089 729 1149 excclsi
751 1088 856 1165 pauci,
881 1087 912 1146 in
935 1087 1045 1163 quibus

73 1174 212 1249 singulae
239 1181 338 1234 turres
367 1174 576 1249 speculaeque
602 1174 741 1248 singulae
761 1180 939 1249 perveteres
960 1178 1046 1232 erant

72 1260 248 1333 collocatae,
265 1274 394 1334 quarum
408 1258 640 1339 apudultimam
649 1258 838 1333 praesidIum
849 1263 880 1318 et
889 1257 979 1318 statio
992 1256 1044 1316 luit

72 1343 238 1419 Scipionis.
928 1377 938 1421 3

154 1428 314 1487 XXXVIII.
350 1427 424 1489 Post
438 1429 550 1488 Caesar
576 1428 615 1488 ad
640 1428 758 1504 iugum,
789 1427 914 1504 dequo
940 1428 1040 1502 docui,

72 1513 213 1573 ascendit
232 1519 324 1588 atque
344 1513 374 1571 in
394 1528 643 1588 unumquemque
664 1515 773 1575 collem
797 1519 974 1588 turremque
996 1529 1045 1573 ca-

72 1600 161 1658 stella
175 1599 277 1657 lacere
293 1598 394 1672 coepit
408 1605 501 1674 atque
513 1613 550 1657 ea
562 1599 662 1657 minus
675 1597 829 1658 semihora
843 1597 944 1657 elficit.
960 1596 1045 1657 Post-

72 1678 165 1759 quam
187 1698 248 1741 non
270 1683 311 1742 ita
333 1684 423 1757 longe
446 1683 483 1743 ab
503 1682 607 1744 ultImo
624 1684 702 1743 colle
717 1682 854 1757 turrique
868 1681 939 1754 luit,
967 1696 1046 1758 quae

72 1767 215 1842 proxima
230 1767 285 1827 luit
299 1769 408 1827 castris
430 1768 692 1842 adversariorum,
718 1768 749 1826 in
775 1782 837 1843 qua
863 1766 954 1828 docui
975 1782 1045 1826 esse

70 1851 259 1926 praesidium
280 1852 503 1927 stationemque
523 1852 734 1926 Numidarum,
761 1851 875 1911 caesar
889 1851 1046 1928 paulisper

67 1943 275 1996 commoratus
291 1945 516 2013 perspectaque
530 1944 638 1997 natura
652 1937 711 1998 loci
726 1936 903 2012 equitatum
916 1936 1046 1996 statione

68 2020 223 2095 disposito
247 2020 418 2094 legionibus
440 2037 519 2096 opus
542 2021 686 2101 adtribuit
705 2021 925 2097 brachiumque
945 2021 1045 2081 medio

68 2106 142 2180 iugo
158 2105 197 2163 ab
210 2121 246 2165 eo
259 2105 337 2177 loco,
351 2107 390 2166 ad
404 2121 493 2181 quem
505 2114 696 2181 pervenerat,
710 2106 862 2182 usquead
874 2122 952 2180 euni,
964 2106 1046 2165 unde

68 2204 219 2264 egressus
234 2196 306 2263 crat,
321 2189 404 2250 Iubet
416 2191 503 2265 dirigi
519 2206 555 2251 ac
569 2192 688 2252 muniri.
706 2191 794 2265 Quod
807 2198 972 2268 postquam
981 2189 1045 2251 Sci·
1131 2238 1138 2250 .

69 2274 122 2350 pio
137 2273 353 2350 Labienusquc
375 2275 668 2351 anImadverterunt‚
695 2277 831 2352 equitatu
847 2276 928 2337 omni
942 2292 982 2336 ex
996 2292 1045 2336 ca-

68 2358 143 2419 stris
159 2359 271 2418 educto
287 2360 415 2434 acieque
430 2361 565 2435 equestri
580 2361 728 2422 instructa
748 2378 767 2421 a
788 2361 853 2421 suls
874 2360 1044 2421 munitioni·

66 2444 129 2504 bus
156 2442 276 2503 circiter
300 2460 413 2519 passus
438 2445 519 2504 mille
545 2447 780 2521 progredIuntur
807 2446 1044 2521 pedestremque

66 2528 191 2604 copiam
207 2527 236 2587 in
252 2530 390 2589 secunda
404 2529 470 2588 acie
485 2529 583 2590 mInus
602 2549 669 2594 cccc
687 2547 799 2608 passus
814 2531 1009 2590 constituunt.

153 2612 284 2673 XXXIX.
308 2614 421 2674 Caesar
435 2613 465 2672 iu
481 2629 575 2688 opere
589 2615 697 2674 milites
713 2613 867 2675 adhortari
880 2630 981 2688 neque
992 2615 1044 2674 ad-

67 2696 279 2757 versariorum
301 2700 399 2774 copiis
421 2697 546 2757 moveri.
575 2698 638 2758 lam
661 2715 730 2758 cum
750 2715 812 2759 non
827 2698 958 2773 amphus
973 2715 1044 2774 pas·

66 2796 124 2843 sus
138 2798 180 2840 uo
196 2782 272 2842 iuter
286 2784 419 2844 hostium
434 2783 530 2842 aciem
546 2799 682 2859 suasque
696 2784 879 2845 munitiones
896 2799 966 2843 esse
981 2783 1043 2843 ani-

66 2867 285 2927 madvertisset
298 2868 560 2942 intellexissetque
571 2869 611 2928 ad
623 2868 835 2943 impediendos
847 2868 957 2928 milites
970 2884 1043 2930 suos

66 2960 99 3011 et
113 2951 153 3010 ab
169 2968 263 3026 opere
278 2954 478 3029 depellendos
494 2952 614 3013 hostem
630 2953 758 3027 propius
773 2954 921 3012 accedere
937 2968 1044 3013 neces·

66 3050 168 3109 seque
184 3036 309 3097 haberet
324 3037 460 3112 legiones
476 3036 723 3097 amunitionibus
739 3036 900 3112 deducere,
916 3038 1045 3113 imperat

66 3128 186 3181 tunnae
201 3120 415 3196 Hispanorum,
431 3123 469 3182 ad
485 3121 656 3196 proximum
674 3123 782 3182 collem
793 3138 925 3196 propere
937 3138 1043 3182 occur·

66 3212 173 3264 rerent
192 3206 439 3282 praesidiumque
460 3207 531 3266 Inde
552 3206 749 3267 deturbarent
769 3207 931 3282 locumque
953 3222 1043 3282 cape·

66 3296 152 3363 rent,
178 3290 349 3366 eodemque
370 3291 454 3352 iubet
473 3291 549 3350 levis
571 3297 742 3350 armaturae
761 3306 878 3365 paucos
895 3292 1043 3368 consequi

66 3373 220 3435 subsidio.
251 3376 306 3450 Qui
326 3376 413 3437 missi
435 3376 572 3437 celeriter
585 3375 731 3443 Numidas
752 3375 854 3438 adorti
872 3377 1050 3453 parthani-

67 3474 126 3521 vos
143 3458 277 3535 capiunt,
303 3464 470 3526 nonnullos
492 3462 617 3545 equites
635 3464 798 3545 lugientes
819 3464 1075 3526 convthuerave·
