2272 4176
929 39 967 335 ιΙΙ,

954 344 972 355 tn.

939 380 951 389 ⁶
970 366 972 373 ι

64 521 106 590 46
144 558 147 565 ·
358 524 410 587 ult
431 525 556 587 BELLO
580 526 744 588 GALLICO

647 623 672 657 *s

66 678 164 752 Alpes
186 677 350 751 pertinent.
380 678 481 739 causa
500 679 636 739 mittendi
658 678 723 752 luit,
746 678 830 753 quod
846 678 903 738 iter
918 694 972 753 per

67 776 139 836 pes,
162 777 224 835 quo
240 778 352 837 magno
368 778 435 822 cum
450 761 587 837 periculo
608 763 791 836 magnisque
805 778 875 822 cum
898 769 972 837 port«

68 847 322 908 mercatoresire
342 852 541 918 consuerant,
564 844 701 919 patelieri
716 846 849 906 volebat.
877 845 972 921 Huicj

66 930 156 1003 misit,
173 929 199 989 si
215 945 295 1004 opus
310 944 382 989 esse
396 928 606 1001 arbitraretur,
627 930 671 987 uti
686 930 716 987 iu
732 928 780 989 his
795 930 872 989 locis
888 929 972 1004 legio:

68 1011 221 1073 hiemandi
236 1027 330 1072 causa
345 1013 529 1072 conlocaret.
553 1012 648 1071 Galba
661 1013 807 1073 secundis
823 1013 940 1087 aliquot
950 1030 972 1088 p:

77 1097 207 1157 iislactis
223 1096 419 1170 castellisque
434 1096 632 1170 conpluribus
648 1112 754 1156 eorum
769 1097 952 1171 expugnatis
966 1114 972 1154 l

68 1181 112 1240 sis
133 1181 173 1240 ad
194 1195 263 1238 eum
283 1179 421 1254 undique
441 1179 550 1254 legatis
572 1179 797 1254 obsidibusque
818 1181 897 1240 datis
919 1188 972 1255 etp

68 1266 149 1324 lacta
164 1263 320 1323 constituit
333 1263 477 1324 cohortes
488 1264 566 1324 duas
578 1265 608 1322 in
617 1263 816 1324 Nantuatibus
833 1267 972 1325 conlocar

69 1349 138 1422 ipse
153 1362 221 1406 cum
242 1347 369 1422 reliquis
385 1348 452 1407 eius
467 1347 597 1422 legionis
613 1347 790 1407 cohortibus
812 1348 843 1406 in
858 1349 928 1408 vico
941 1349 972 1407 V¹

68 1447 208 1506 grorum,
231 1431 283 1506 qui
303 1433 476 1507 appellatur
498 1430 685 1506 Octodurus,
706 1429 858 1501 hiemare;
880 1432 932 1509 qui
951 1449 972 1490 v,

68 1514 191 1592 positus
212 1514 243 1573 in
264 1516 345 1574 valle
367 1531 428 1575 non
449 1530 561 1589 magna
588 1515 708 1576 adiecta
730 1514 861 1592 planicie
881 1517 972 1578 altissi

68 1600 223 1659 montibus
244 1598 381 1677 undique
403 1600 580 1667 continetur.
619 1600 692 1662 Cum
712 1601 761 1661 hic
783 1601 813 1660 in
836 1604 914 1662 duas
935 1618 972 1677 pa

70 1682 194 1745 ssumine
216 1683 419 1761 divideretur,
440 1689 566 1748 alteram
584 1694 701 1762 partem
723 1685 789 1746 eius
810 1686 871 1746 vici
887 1687 972 1746 Gallis

71 1769 264 1830 hiemandum
285 1771 455 1845 concessit,
482 1773 607 1830 alteram
627 1785 755 1830 vacuam
776 1770 815 1829 ab
836 1768 885 1830 his
905 1770 972 1829 relic

72 1855 247 1915 cohortibus
264 1855 416 1915 adtribuit.
438 1855 515 1915 Eum
529 1856 630 1915 locrun
644 1855 725 1913 vallo
740 1855 890 1928 fossaque
903 1870 972 1913 mun

154 1939 190 1997 ll.
214 1939 287 1999 Cum
300 1940 366 1998 dies
378 1938 575 1999 hibernorum
591 1939 755 2013 conplures
771 1939 964 2011 transissent

72 2029 267 2100 mentumque
279 2039 316 2084 eo
330 2023 505 2099 conportari
517 2023 669 2095 iussisset,
685 2021 785 2082 subito
798 2038 855 2096 per
866 2024 972 2097 explor

71 2124 121 2168 res
137 2109 247 2170 certior
259 2111 357 2168 lactus
370 2116 467 2168 estex
480 2124 517 2167 ea
527 2117 614 2183 purte
623 2107 692 2188 vici,
704 2122 795 2182 quom
808 2106 901 2167 Gallis
915 2122 970 2166 con

71 2200 162 2267 serat,
179 2210 285 2253 omnes
301 2202 395 2254 noctu
410 2192 604 2266 discessisse,
618 2196 809 2266 montesque,
827 2191 879 2266 qui
894 2191 972 2266 inpet

71 2283 154 2351 rent,
177 2294 196 2336 a
215 2279 346 2336 maxima
367 2276 555 2337 multitudiue
571 2275 763 2335 Sedunorum
785 2281 815 2334 et
833 2277 972 2351 Veragro

72 2360 176 2420 teneri.
200 2361 234 2419 Id
249 2361 365 2435 aliquot
377 2360 415 2418 de
430 2359 533 2418 causis
548 2359 710 2435 acciderat,
724 2366 758 2418 ut
772 2359 873 2419 subito
884 2360 972 2419 Galli‘

75 2444 242 2503 renovandi
257 2443 449 2517 legionisque
470 2443 690 2517 opprimendae
705 2443 864 2503 consilium
880 2459 972 2518 caper

74 2527 202 2602 primum
218 2527 300 2602 quod
316 2526 466 2601 legionem
480 2541 581 2600 neque
596 2542 662 2585 eam
676 2527 885 2602 plenissimam
897 2528 972 2587 detra

73 2610 249 2670 cohortibus
266 2610 385 2669 duabus
401 2615 431 2668 et
452 2610 659 2684 compluribus
680 2611 868 2686 singillatim,
891 2613 943 2687 qui
959 2627 972 2669 c

71 2702 189 2754 meatus
212 2694 336 2768 petendi
357 2709 451 2752 causa
471 2694 558 2754 missi
579 2702 679 2770 erant,
710 2701 836 2770 propter
858 2696 972 2769 paucita

73 2778 300 2854 despiciebant;
329 2783 392 2837 tum
412 2776 501 2836 etiam
517 2778 742 2854 quodpropter
762 2778 951 2853 iniquitatem

73 2879 140 2923 oum
156 2862 214 2937 ipsi
231 2879 270 2922 ex
285 2860 438 2922 montibus
454 2861 608 2923 invallem
623 2863 819 2923 decurrerent
839 2871 869 2923 et
883 2866 972 2924 telae

73 2953 184 3021 cenent,
201 2963 239 3006 ne
255 2947 384 3022 primum
396 2946 518 3020 quidem
530 2963 626 3023 posse
640 2948 783 3022 impetum
795 2964 883 3007 suum
899 2947 972 3009 susti

74 3032 295 3091 existimabant.
330 3030 522 3107 Accedebat,
544 3031 627 3106 quod
649 3048 723 3093 suos
745 3033 783 3091 ab
799 3048 834 3092 se
855 3033 967 3094 liberos

75 3120 191 3175 tractos
221 3114 362 3174 obsidum
378 3114 500 3174 nomine
514 3114 674 3189 dolebant,
697 3124 727 3176 et
740 3117 897 3177 Romanos
914 3134 972 3178 non

74 3202 133 3258 tum
155 3199 294 3259 itinerum
316 3213 425 3273 eausa,
451 3199 618 3260 sedetiam
639 3209 807 3274 perpetuae
830 3201 969 3275 possessi

74 3282 333 3358 culminaAlpium
349 3297 502 3357 occupare
518 3281 622 3342 conari
637 3292 668 3344 et
682 3298 719 3342 ea
729 3285 798 3343 loca
812 3284 972 3360 finitimae

73 3369 191 3430 vinciae
206 3368 372 3441 adiungere
387 3366 446 3427 sibi
460 3381 643 3440 persuasum
657 3366 819 3426 habebant.

155 3454 205 3512 ΙΙΙ.
227 3452 282 3512 His
298 3450 411 3510 nuntiis
426 3451 561 3526 acceptis
578 3449 683 3525 Galba,
699 3467 767 3509 cum
782 3467 884 3525 neque
900 3467 972 3527 opus

73 3537 236 3599 bernorum
257 3534 504 3609 munitionesque
524 3536 614 3610 plene
635 3541 740 3594 essent
755 3535 918 3610 perlectae,
941 3550 972 3594 ut

73 3619 112 3678 de
128 3621 277 3681 frumento
298 3620 480 3695 reliquoque
501 3623 671 3679 commeatu
684 3619 759 3678 satis
775 3625 859 3678 esset
873 3619 972 3694 protis

75 3703 156 3777 quod
174 3703 328 3763 deditione
340 3705 421 3764 factu
435 3701 658 3776 obsidibusque
672 3701 808 3777 acceptis
823 3702 894 3760 nihil
909 3701 972 3762 del

72 3786 239 3853 timendum
249 3787 486 3863 existimaverat,
498 3784 626 3849 consilio
639 3786 777 3849 celeriter
788 3793 972 3849 convocato:
