2272 4176
397 176 514 239 LIBER
533 176 612 238 VIIL
932 170 992 239 175

50 346 173 395 »manos
195 330 238 391 ad
259 329 484 406 insequendum
505 336 629 406 paratos
651 330 790 391 viderent
809 348 910 409 neque
925 348 994 409 per·

50 424 141 479 »clare
162 422 219 476 aut
239 415 354 477 diutius
373 431 554 491 permanere
569 416 637 475 sine
650 417 788 491 periculo
802 417 912 478 eodem
926 419 995 479 loco

50 508 162 576 assent,
179 502 242 561 tale
257 499 418 561 consilium
437 500 485 560 sui
500 500 668 575 recipiendi
684 508 840 576 oeperunt.
869 501 995 577 Fasces,

59 592 310 660 consueverant,
334 601 392 661 per
411 601 521 645 manus
542 592 777 647 stramentorum
799 603 836 648 ac
849 587 982 663 virgulto

50 688 93 746 m,
110 687 248 747 quorum
264 686 381 731 summa
395 676 460 730 erat
475 671 505 729 in
521 670 629 730 castns
646 672 744 747 copia,
760 671 839 731 inter
855 687 890 731 se
904 671 994 733 tradi-

50 774 59 817 s
85 764 162 816 ante
197 755 296 815 aciem
322 756 522 815 conlocarunt
545 762 746 830 extremoque
770 763 910 833 tempore
935 756 994 817 diei

50 857 100 916 ,uro
126 840 328 917 pronuntiato
349 857 411 900 uno
433 841 803 915 tempore'incenderunt.
832 843 878 903 lta
899 840 991 901 conti-

51 942 88 986 ns
103 924 236 985 flamma
250 925 355 999 copias
372 938 478 984 omnes
493 931 621 999 repente
637 931 838 1000 aconspectu
848 926 924 986 texit
933 926 994 986 Ra-

50 1025 185 1070 morum.
202 1007 476 1084 Quodubiaceidit,
488 1009 610 1069 barbari
620 1007 889 1071 vehementissima
902 1025 994 1071 cursu

50 1096 204 1170 fugerunt.

97 1179 183 1239 XVI.
208 1178 329 1252 Caesar,
344 1177 402 1237 etsi
417 1177 590 1238 discessum
603 1177 737 1240 hostium
752 1179 995 1239 animadvertere

50 1281 72 1324 n
86 1270 215 1341 poterat
229 1261 379 1322 incendiis
395 1261 565 1338 oppositiS,
586 1269 688 1323 tamen
703 1264 734 1323 id
750 1264 910 1326 eonsilium
925 1280 995 1325 cum

50 1364 103 1427 gae
119 1364 219 1409 causa
232 1345 338 1406 initum
353 1346 578 1421 suspicaretur,
594 1348 732 1423 legiones
746 1356 916 1424 promovet,
933 1357 992 1409 tur-

50 1451 76 1495 ts
91 1433 186 1492 mittit
200 1432 240 1490 ad
251 1431 490 1506 insequendum
506 1431 575 1506 ipse
585 1431 700 1494 veritus
712 1434 849 1509 insidias,
865 1448 905 1493 ne
915 1432 994 1494 lorte

57 1518 171 1579 eodem
188 1517 257 1577 loco
279 1516 449 1575 subsistere
463 1515 561 1576 hostis
577 1525 669 1592 atque
691 1517 802 1579 elicere
817 1524 941 1579 nostros
962 1518 993 1577 in

50 1618 115 1663 cum
132 1605 297 1662 conaretur
311 1600 457 1675 iniquum,
472 1600 589 1661 tardius
605 1603 753 1676 procedit.
782 1602 909 1678 Equites
924 1618 991 1670 eurr

50 1696 127 1747 nare
149 1700 303 1746 summum
323 1685 427 1758 iugum
448 1691 477 1744 et
502 1683 655 1746 flammam
677 1686 893 1746 densissimam
907 1686 979 1746 time

50 1778 80 1831 nt
94 1786 142 1845 ac,
160 1771 189 1830 si
206 1770 258 1845 qui
271 1769 412 1844 cupidius
423 1769 618 1845 intraverant,
633 1771 686 1830 vix
699 1787 824 1832 suorum
836 1771 899 1847 ipsi
911 1772 978 1846 prio

50 1872 63 1916 s
77 1862 188 1931 partes
204 1853 478 1914 animadverterent
492 1870 657 1930 equorum,
672 1855 801 1916 insidias
814 1855 904 1916 veriti
918 1855 988 1915 libe·

50 1955 77 1998 m
101 1940 281 1999 facultatem
306 1939 353 1999 sui
374 1936 542 2013 recipiendi
562 1939 735 2002 Bellovacis
761 1939 920 2002 dederunt.
948 1940 992 1999 Ita

50 2040 86 2100 ga
105 2023 227 2083 timoris
249 2022 339 2082 simul
361 2024 594 2099 calliditatisque
615 2027 708 2099 plena
728 2024 796 2084 sine
815 2026 878 2085 ullo
900 2023 992 2084 detri-

50 2116 115 2169 ento
136 2109 221 2167 milia
241 2122 303 2166 non
324 2107 455 2181 amplius
478 2109 584 2167 decem
605 2110 765 2185 progressi
789 2107 896 2169 hostes
920 2110 991 2170 loco

50 2191 220 2254 unitissimo
236 2200 338 2252 castra
352 2198 530 2266 posuerunt.
546 2194 620 2254 Inde
632 2210 701 2254 cum
714 2208 809 2270 saepe
824 2194 855 2252 in
870 2193 990 2254 insidiis

50 2278 133 2355 uites
149 2276 334 2352 peditesque
348 2275 555 2353 disponerent
571 2295 683 2354 magna
693 2279 988 2340 detrimentaRoma-

50 2364 105 2424 sin
121 2361 371 2436 pabulationibus
388 2360 564 2423 inserebant.

96 2446 193 2507 xvtt.
211 2444 300 2518 Quod
316 2460 384 2504 cum
399 2447 535 2507 crebrius
551 2447 712 2523 accideret,
729 2463 768 2507 ex
781 2448 902 2523 captivo
914 2465 989 2523 quo-

50 2548 82 2592 m
97 2529 243 2604 conperit
254 2529 367 2589 Caesar
375 2530 529 2605 Carreum,
544 2532 778 2592 Bellovacorum
794 2532 913 2607 ducem,
929 2533 989 2593 lar-

51 2618 203 2678 simorum
224 2614 307 2673 milia
327 2630 384 2673 sex
404 2614 539 2689 peditum
559 2615 714 2689 delegisse
739 2615 922 2691 equitesque
949 2632 989 2676 ex

50 2702 94 2762 nni
110 2713 242 2761 numero
256 2698 353 2771 mille,
380 2715 458 2773 quos
480 2700 511 2758 in
531 2699 650 2759 insidiis
665 2716 702 2761 eo
718 2702 787 2760 loco
804 2701 989 2778 conlocaret,

50 2802 104 2849 lem
118 2786 151 2845 in
167 2784 271 2843 locum
284 2790 410 2858 propter
425 2784 546 2858 copiam
560 2785 700 2846 frumenti
715 2800 751 2844 ac
765 2785 873 2861 pabuli
879 2786 989 2846 Roma-

50 2870 246 2932 omissuros
268 2867 484 2942 suspicaretur.
514 2869 578 2941 Quo
601 2869 722 2942 cognito
744 2869 872 2930 consilio
895 2869 988 2945 legio-

50 2958 204 3031 splures,
222 2968 312 3028 quam
327 2953 456 3027 solebat
466 2953 575 3012 *educit
587 2954 823 3030 equitatumque,
844 2969 905 3030 qua
917 2970 989 3014 con·

50 3037 885 3114 etudinepabulatoribusmitterepracsidioconsuerat,
900 3054 989 3114 prae

50 3124 116 3187 luta
137 3123 213 3183 huic
228 3122 393 3197 interponit
408 3122 519 3181 auxilia
533 3121 609 3181 levis
625 3132 813 3193 armaturam
833 3123 903 3198 ipse
920 3139 988 3187 eum

50 3208 187 3285 panibus
205 3221 299 3281 quam
313 3214 416 3282 potest
429 3207 560 3265 maxime
575 3205 811 3283 adpropinquat

95 3292 207 3353 XVlll.
229 3291 343 3351 Hostes
365 3292 394 3349 in
410 3291 529 3350 insidiis
545 3291 685 3364 dispositi
701 3307 769 3351 cunr
784 3289 843 3351 sibl
857 3290 987 3367 delegis-

50 3382 84 3439 nt
96 3391 242 3453 campum
258 3376 376 3435 adrem
390 3376 555 3451 gerendam
569 3392 631 3436 non
649 3378 779 3454 amplius
792 3384 946 3453 patentem
957 3379 989 3441 in

50 3476 124 3524 unes
137 3468 247 3540 partes
262 3461 408 3536 passibus
422 3461 518 3538 mille,
545 3462 631 3524 silvis
645 3462 782 3542 undique
796 3469 851 3529 aut
861 3463 985 3543 impodl
