<?xml version="1.0" encoding="UTF-8"?>
<!DOCTYPE html PUBLIC "-//W3C//DTD XHTML 1.0 Transitional//EN"
    "http://www.w3.org/TR/xhtml1/DTD/xhtml1-transitional.dtd">
<html xmlns="http://www.w3.org/1999/xhtml" xml:lang="en" lang="en">
 <head>
  <title>
</title>
<meta http-equiv="Content-Type" content="text/html;charset=utf-8" />
  <meta name='ocr-system' content='tesseract 3.04.00' />
  <meta name='ocr-capabilities' content='ocr_page ocr_carea ocr_par ocr_line ocrx_word'/>
</head>
<body>
  <div class='ocr_page' id='page_1' title='image "./commentarii00caesgoog_0190.png"; bbox 0 0 2272 4176; ppageno 0'>
   <div class='ocr_carea' id='block_1_1' title="bbox 441 109 1043 186">
    <p class='ocr_par' dir='ltr' id='par_1_1' title="bbox 441 109 1043 186">
     <span class='ocr_line' id='line_1_1' title="bbox 441 109 1043 186; baseline 0.015 -9"><span class='ocrx_word' id='word_1_1' title='bbox 441 112 558 179; x_wconf 77' lang='lat' dir='ltr'>LIBER</span> <span class='ocrx_word' id='word_1_2' title='bbox 578 114 656 176; x_wconf 83' lang='lat' dir='ltr'><strong>Vlli.</strong></span> <span class='ocrx_word' id='word_1_3' title='bbox 978 109 1043 186; x_wconf 77' lang='lat' dir='ltr'><strong>m</strong></span> 
     </span>
    </p>
   </div>
   <div class='ocr_carea' id='block_1_2' title="bbox 60 267 1052 503">
    <p class='ocr_par' dir='ltr' id='par_1_2' title="bbox 60 267 1052 503">
     <span class='ocr_line' id='line_1_2' title="bbox 60 267 1040 349; baseline 0.002 -14"><span class='ocrx_word' id='word_1_4' title='bbox 60 270 103 335; x_wconf 72' lang='lat' dir='ltr'><strong>ed</strong></span> <span class='ocrx_word' id='word_1_5' title='bbox 116 268 307 334; x_wconf 82' lang='lat' dir='ltr'><strong>deditionem</strong></span> <span class='ocrx_word' id='word_1_6' title='bbox 320 268 420 348; x_wconf 89' lang='lat' dir='ltr'><strong>potuit</strong></span> <span class='ocrx_word' id='word_1_7' title='bbox 433 268 560 345; x_wconf 83' lang='lat' dir='ltr'>adduci,</span> <span class='ocrx_word' id='word_1_8' title='bbox 587 267 659 346; x_wconf 92' lang='lat' dir='ltr'><strong>quin</strong></span> <span class='ocrx_word' id='word_1_9' title='bbox 680 270 845 333; x_wconf 79' lang='lat' dir='ltr'><strong>fortissime</strong></span> <span class='ocrx_word' id='word_1_10' title='bbox 859 273 1040 349; x_wconf 88' lang='lat' dir='ltr'><strong>proeliando</strong></span> 
     </span>
     <span class='ocr_line' id='line_1_3' title="bbox 62 346 1052 433; baseline 0.004 -16"><span class='ocrx_word' id='word_1_11' title='bbox 62 356 297 433; x_wconf 89' lang='lat' dir='ltr'><strong>conpluresque</strong></span> <span class='ocrx_word' id='word_1_12' title='bbox 311 354 501 416; x_wconf 90' lang='lat' dir='ltr'><strong>vulnerando</strong></span> <span class='ocrx_word' id='word_1_13' title='bbox 523 362 649 431; x_wconf 80' lang='lat' dir='ltr'><strong>cogeret</strong></span> <span class='ocrx_word' id='word_1_14' title='bbox 663 358 760 417; x_wconf 89' lang='lat' dir='ltr'><strong>clatos</strong></span> <span class='ocrx_word' id='word_1_15' title='bbox 772 357 931 419; x_wconf 78' lang='lat' dir='ltr'><strong>iracundia</strong></span> <span class='ocrx_word' id='word_1_16' title='bbox 943 346 1052 422; x_wconf 71' lang='lat' dir='ltr'><strong>viclo-⁴</strong></span> 
     </span>
     <span class='ocr_line' id='line_1_4' title="bbox 60 440 519 503; baseline -0.022 -2"><span class='ocrx_word' id='word_1_17' title='bbox 60 456 111 503; x_wconf 84' lang='lat' dir='ltr'><strong>res</strong></span> <span class='ocrx_word' id='word_1_18' title='bbox 125 441 159 501; x_wconf 89' lang='lat' dir='ltr'><strong>in</strong></span> <span class='ocrx_word' id='word_1_19' title='bbox 174 456 211 501; x_wconf 87' lang='lat' dir='ltr'><strong>se</strong></span> <span class='ocrx_word' id='word_1_20' title='bbox 224 443 287 502; x_wconf 88' lang='lat' dir='ltr'><strong>tela</strong></span> <span class='ocrx_word' id='word_1_21' title='bbox 302 440 453 501; x_wconf 79' lang='lat' dir='ltr'><strong>conicere.</strong></span> <span class='ocrx_word' id='word_1_22' title='bbox 516 486 519 491; x_wconf 90' lang='lat'>.</span> 
     </span>
    </p>
   </div>
   <div class='ocr_carea' id='block_1_3' title="bbox 56 540 1039 1622">
    <p class='ocr_par' dir='ltr' id='par_1_3' title="bbox 56 540 1039 1622">
     <span class='ocr_line' id='line_1_5' title="bbox 142 540 1039 623; baseline 0.008 -22"><span class='ocrx_word' id='word_1_23' title='bbox 142 540 210 601; x_wconf 86' lang='lat' dir='ltr'><strong>XX.</strong></span> <span class='ocrx_word' id='word_1_24' title='bbox 232 542 298 602; x_wconf 83' lang='lat' dir='ltr'><strong>Tali</strong></span> <span class='ocrx_word' id='word_1_25' title='bbox 312 541 405 601; x_wconf 93' lang='lat' dir='ltr'><strong>modo</strong></span> <span class='ocrx_word' id='word_1_26' title='bbox 425 555 460 599; x_wconf 91' lang='lat' dir='ltr'><strong>re</strong></span> <span class='ocrx_word' id='word_1_27' title='bbox 480 546 569 615; x_wconf 81' lang='lat' dir='ltr'><strong>gesta</strong></span> <span class='ocrx_word' id='word_1_28' title='bbox 587 540 763 602; x_wconf 84' lang='lat' dir='ltr'><strong>recentibus</strong></span> <span class='ocrx_word' id='word_1_29' title='bbox 778 544 887 616; x_wconf 89' lang='lat' dir='ltr'><strong>proelii</strong></span> <span class='ocrx_word' id='word_1_30' title='bbox 901 545 1039 623; x_wconf 82' lang='lat' dir='ltr'><strong>vestigiis</strong></span> 
     </span>
     <span class='ocr_line' id='line_1_6' title="bbox 58 624 1039 704; baseline 0.004 -16"><span class='ocrx_word' id='word_1_31' title='bbox 58 628 223 704; x_wconf 80' lang='lat' dir='ltr'><strong>ingressus</strong></span> <span class='ocrx_word' id='word_1_32' title='bbox 241 626 370 700; x_wconf 80' lang='lat' dir='ltr'><strong>Caesar,</strong></span> <span class='ocrx_word' id='word_1_33' title='bbox 396 640 465 684; x_wconf 90' lang='lat' dir='ltr'><strong>cum</strong></span> <span class='ocrx_word' id='word_1_34' title='bbox 478 624 578 685; x_wconf 88' lang='lat' dir='ltr'><strong>victos</strong></span> <span class='ocrx_word' id='word_1_35' title='bbox 591 630 676 684; x_wconf 85' lang='lat' dir='ltr'><strong>tantu</strong></span> <span class='ocrx_word' id='word_1_36' title='bbox 690 626 859 687; x_wconf 80' lang='lat' dir='ltr'><strong>calamitate</strong></span> <span class='ocrx_word' id='word_1_37' title='bbox 874 629 1039 692; x_wconf 87' lang='lat' dir='ltr'><strong>existuma-</strong></span> 
     </span>
     <span class='ocr_line' id='line_1_7' title="bbox 57 710 1037 793; baseline 0.005 -20"><span class='ocrx_word' id='word_1_38' title='bbox 57 718 104 773; x_wconf 88' lang='lat' dir='ltr'><strong>ret</strong></span> <span class='ocrx_word' id='word_1_39' title='bbox 128 710 241 773; x_wconf 86' lang='lat' dir='ltr'><strong>hostes</strong></span> <span class='ocrx_word' id='word_1_40' title='bbox 267 711 373 771; x_wconf 90' lang='lat' dir='ltr'><strong>nuntio</strong></span> <span class='ocrx_word' id='word_1_41' title='bbox 399 716 527 785; x_wconf 89' lang='lat' dir='ltr'><strong>accepto</strong></span> <span class='ocrx_word' id='word_1_42' title='bbox 553 710 654 769; x_wconf 92' lang='lat' dir='ltr'><strong>locum</strong></span> <span class='ocrx_word' id='word_1_43' title='bbox 680 717 850 771; x_wconf 89' lang='lat' dir='ltr'><strong>castrorum</strong></span> <span class='ocrx_word' id='word_1_44' title='bbox 868 716 1037 793; x_wconf 70' lang='lat' dir='ltr'><strong>relicturos</strong></span> 
     </span>
     <span class='ocr_line' id='line_1_8' title="bbox 59 793 1038 875; baseline 0.005 -16"><span class='ocrx_word' id='word_1_45' title='bbox 59 812 141 875; x_wconf 83' lang='lat' dir='ltr'><strong>quae</strong></span> <span class='ocrx_word' id='word_1_46' title='bbox 164 812 230 857; x_wconf 91' lang='lat' dir='ltr'><strong>non</strong></span> <span class='ocrx_word' id='word_1_47' title='bbox 250 796 372 870; x_wconf 81' lang='lat' dir='ltr'><strong>longius</strong></span> <span class='ocrx_word' id='word_1_48' title='bbox 394 793 432 854; x_wconf 90' lang='lat' dir='ltr'><strong>ab</strong></span> <span class='ocrx_word' id='word_1_49' title='bbox 453 810 491 853; x_wconf 92' lang='lat' dir='ltr'><strong>ea</strong></span> <span class='ocrx_word' id='word_1_50' title='bbox 512 793 608 853; x_wconf 89' lang='lat' dir='ltr'><strong>caede</strong></span> <span class='ocrx_word' id='word_1_51' title='bbox 629 794 741 854; x_wconf 90' lang='lat' dir='ltr'><strong>abesse</strong></span> <span class='ocrx_word' id='word_1_52' title='bbox 762 797 831 871; x_wconf 93' lang='lat' dir='ltr'><strong>plus</strong></span> <span class='ocrx_word' id='word_1_53' title='bbox 852 798 952 860; x_wconf 94' lang='lat' dir='ltr'><strong>minus</strong></span> <span class='ocrx_word' id='word_1_54' title='bbox 969 810 1038 864; x_wconf 89' lang='lat' dir='ltr'><strong>octo</strong></span> 
     </span>
     <span class='ocr_line' id='line_1_9' title="bbox 57 877 1038 954; baseline 0.005 -12"><span class='ocrx_word' id='word_1_55' title='bbox 57 882 184 942; x_wconf 86' lang='lat' dir='ltr'><strong>milibus</strong></span> <span class='ocrx_word' id='word_1_56' title='bbox 200 880 396 954; x_wconf 82' lang='lat' dir='ltr'><strong>dicebantur,</strong></span> <span class='ocrx_word' id='word_1_57' title='bbox 411 879 532 938; x_wconf 90' lang='lat' dir='ltr'><strong>tametsi</strong></span> <span class='ocrx_word' id='word_1_58' title='bbox 548 877 672 940; x_wconf 88' lang='lat' dir='ltr'><strong>ssmnine</strong></span> <span class='ocrx_word' id='word_1_59' title='bbox 687 879 864 954; x_wconf 90' lang='lat' dir='ltr'><strong>impeditum</strong></span> <span class='ocrx_word' id='word_1_60' title='bbox 879 887 1038 947; x_wconf 88' lang='lat' dir='ltr'><strong>transitum</strong></span> 
     </span>
     <span class='ocr_line' id='line_1_10' title="bbox 59 963 1037 1040; baseline 0.006 -14"><span class='ocrx_word' id='word_1_61' title='bbox 59 965 201 1040; x_wconf 81' lang='lat' dir='ltr'><strong>videbat,</strong></span> <span class='ocrx_word' id='word_1_62' title='bbox 225 971 326 1024; x_wconf 89' lang='lat' dir='ltr'><strong>tamen</strong></span> <span class='ocrx_word' id='word_1_63' title='bbox 348 963 484 1024; x_wconf 86' lang='lat' dir='ltr'><strong>exercitu</strong></span> <span class='ocrx_word' id='word_1_64' title='bbox 501 964 640 1024; x_wconf 86' lang='lat' dir='ltr'><strong>traducto</strong></span> <span class='ocrx_word' id='word_1_65' title='bbox 656 966 858 1039; x_wconf 78' lang='lat' dir='ltr'><strong>progreditur.</strong></span> <span class='ocrx_word' id='word_1_66' title='bbox 886 969 928 1028; x_wconf 88' lang='lat' dir='ltr'><strong>At</strong></span> <span class='ocrx_word' id='word_1_67' title='bbox 937 970 1037 1032; x_wconf 90' lang='lat' dir='ltr'><strong>Bello-</strong></span> 
     </span>
     <span class='ocr_line' id='line_1_11' title="bbox 57 1048 1038 1131; baseline 0.007 -20"><span class='ocrx_word' id='word_1_68' title='bbox 57 1050 125 1111; x_wconf 87' lang='lat' dir='ltr'><strong>vaci</strong></span> <span class='ocrx_word' id='word_1_69' title='bbox 147 1050 352 1125; x_wconf 89' lang='lat' dir='ltr'><strong>reliquaeque</strong></span> <span class='ocrx_word' id='word_1_70' title='bbox 374 1048 510 1108; x_wconf 86' lang='lat' dir='ltr'><strong>civitates</strong></span> <span class='ocrx_word' id='word_1_71' title='bbox 531 1055 658 1122; x_wconf 92' lang='lat' dir='ltr'><strong>repente</strong></span> <span class='ocrx_word' id='word_1_72' title='bbox 681 1064 720 1107; x_wconf 87' lang='lat' dir='ltr'><strong>ex</strong></span> <span class='ocrx_word' id='word_1_73' title='bbox 736 1050 808 1124; x_wconf 82' lang='lat' dir='ltr'><strong>luga</strong></span> <span class='ocrx_word' id='word_1_74' title='bbox 822 1053 929 1126; x_wconf 88' lang='lat' dir='ltr'><strong>paucis</strong></span> <span class='ocrx_word' id='word_1_75' title='bbox 945 1061 1038 1131; x_wconf 88' lang='lat' dir='ltr'><strong>atque</strong></span> 
     </span>
     <span class='ocr_line' id='line_1_12' title="bbox 57 1132 1036 1207; baseline 0.004 -11"><span class='ocrx_word' id='word_1_76' title='bbox 57 1136 104 1196; x_wconf 87' lang='lat' dir='ltr'><strong>bis</strong></span> <span class='ocrx_word' id='word_1_77' title='bbox 119 1133 291 1195; x_wconf 88' lang='lat' dir='ltr'><strong>vulneratis</strong></span> <span class='ocrx_word' id='word_1_78' title='bbox 305 1134 449 1207; x_wconf 87' lang='lat' dir='ltr'><strong>receptis,</strong></span> <span class='ocrx_word' id='word_1_79' title='bbox 465 1134 517 1207; x_wconf 94' lang='lat' dir='ltr'><strong>qui</strong></span> <span class='ocrx_word' id='word_1_80' title='bbox 532 1133 677 1193; x_wconf 88' lang='lat' dir='ltr'><strong>silvarum</strong></span> <span class='ocrx_word' id='word_1_81' title='bbox 688 1132 838 1195; x_wconf 84' lang='lat' dir='ltr'><strong>beneficio</strong></span> <span class='ocrx_word' id='word_1_82' title='bbox 855 1152 960 1198; x_wconf 87' lang='lat' dir='ltr'><strong>casum</strong></span> <span class='ocrx_word' id='word_1_83' title='bbox 975 1142 1036 1200; x_wconf 89' lang='lat' dir='ltr'><strong>evi-</strong></span> 
     </span>
     <span class='ocr_line' id='line_1_13' title="bbox 58 1218 1036 1295; baseline 0.006 -15"><span class='ocrx_word' id='word_1_84' title='bbox 58 1225 208 1295; x_wconf 80' lang='lat' dir='ltr'><strong>taverunt,</strong></span> <span class='ocrx_word' id='word_1_85' title='bbox 224 1218 365 1280; x_wconf 92' lang='lat' dir='ltr'><strong>omnibus</strong></span> <span class='ocrx_word' id='word_1_86' title='bbox 381 1218 531 1292; x_wconf 87' lang='lat' dir='ltr'><strong>adversis,</strong></span> <span class='ocrx_word' id='word_1_87' title='bbox 548 1218 670 1291; x_wconf 77' lang='lat' dir='ltr'><strong>cognita</strong></span> <span class='ocrx_word' id='word_1_88' title='bbox 685 1219 862 1295; x_wconf 84' lang='lat' dir='ltr'><strong>calamitate,</strong></span> <span class='ocrx_word' id='word_1_89' title='bbox 878 1222 1036 1287; x_wconf 90' lang='lat' dir='ltr'><strong>interiecto</strong></span> 
     </span>
     <span class='ocr_line' id='line_1_14' title="bbox 58 1300 1036 1379; baseline 0.004 -13"><span class='ocrx_word' id='word_1_90' title='bbox 58 1305 190 1379; x_wconf 79' lang='lat' dir='ltr'><strong>correo,</strong></span> <span class='ocrx_word' id='word_1_91' title='bbox 212 1303 327 1363; x_wconf 87' lang='lat' dir='ltr'><strong>amisso</strong></span> <span class='ocrx_word' id='word_1_92' title='bbox 342 1300 479 1378; x_wconf 88' lang='lat' dir='ltr'><strong>equitatu</strong></span> <span class='ocrx_word' id='word_1_93' title='bbox 494 1308 525 1361; x_wconf 89' lang='lat' dir='ltr'><strong>et</strong></span> <span class='ocrx_word' id='word_1_94' title='bbox 538 1301 711 1361; x_wconf 84' lang='lat' dir='ltr'><strong>fortissimis</strong></span> <span class='ocrx_word' id='word_1_95' title='bbox 727 1304 880 1377; x_wconf 91' lang='lat' dir='ltr'><strong>peditibus</strong></span> <span class='ocrx_word' id='word_1_96' title='bbox 898 1324 967 1368; x_wconf 92' lang='lat' dir='ltr'><strong>cum</strong></span> <span class='ocrx_word' id='word_1_97' title='bbox 983 1311 1036 1370; x_wconf 93' lang='lat' dir='ltr'><strong>ad-</strong></span> 
     </span>
     <span class='ocr_line' id='line_1_15' title="bbox 56 1386 1035 1463; baseline 0.004 -12"><span class='ocrx_word' id='word_1_98' title='bbox 56 1388 350 1451; x_wconf 81' lang='lat' dir='ltr'><strong>rentareRomanos</strong></span> <span class='ocrx_word' id='word_1_99' title='bbox 366 1386 584 1460; x_wconf 82' lang='lat' dir='ltr'><strong>existimarent,</strong></span> <span class='ocrx_word' id='word_1_100' title='bbox 600 1386 729 1446; x_wconf 89' lang='lat' dir='ltr'><strong>concilio</strong></span> <span class='ocrx_word' id='word_1_101' title='bbox 742 1396 869 1463; x_wconf 89' lang='lat' dir='ltr'><strong>repente</strong></span> <span class='ocrx_word' id='word_1_102' title='bbox 885 1398 975 1454; x_wconf 89' lang='lat' dir='ltr'><strong>cantu</strong></span> <span class='ocrx_word' id='word_1_103' title='bbox 989 1402 1035 1455; x_wconf 94' lang='lat' dir='ltr'><strong>tu-</strong></span> 
     </span>
     <span class='ocr_line' id='line_1_16' title="bbox 56 1470 1034 1550; baseline 0.004 -14"><span class='ocrx_word' id='word_1_104' title='bbox 56 1476 164 1537; x_wconf 88' lang='lat' dir='ltr'><strong>barum</strong></span> <span class='ocrx_word' id='word_1_105' title='bbox 180 1478 353 1533; x_wconf 89' lang='lat' dir='ltr'><strong>convocato</strong></span> <span class='ocrx_word' id='word_1_106' title='bbox 370 1472 575 1545; x_wconf 86' lang='lat' dir='ltr'><strong>conclamant,</strong></span> <span class='ocrx_word' id='word_1_107' title='bbox 597 1470 688 1545; x_wconf 82' lang='lat' dir='ltr'><strong>legati</strong></span> <span class='ocrx_word' id='word_1_108' title='bbox 704 1471 893 1550; x_wconf 88' lang='lat' dir='ltr'><strong>obsidesque</strong></span> <span class='ocrx_word' id='word_1_109' title='bbox 907 1479 945 1538; x_wconf 90' lang='lat' dir='ltr'><strong>ad</strong></span> <span class='ocrx_word' id='word_1_110' title='bbox 963 1478 1034 1540; x_wconf 83' lang='lat' dir='ltr'><strong>Cae-</strong></span> 
     </span>
     <span class='ocr_line' id='line_1_17' title="bbox 56 1558 340 1622; baseline -0.025 0"><span class='ocrx_word' id='word_1_111' title='bbox 56 1576 161 1622; x_wconf 82' lang='lat' dir='ltr'><strong>sarem</strong></span> <span class='ocrx_word' id='word_1_112' title='bbox 175 1558 340 1617; x_wconf 87' lang='lat' dir='ltr'><strong>mittantur.</strong></span> 
     </span>
    </p>
   </div>
   <div class='ocr_carea' id='block_1_4' title="bbox 56 1670 1032 2094">
    <p class='ocr_par' dir='ltr' id='par_1_4' title="bbox 56 1670 1032 2094">
     <span class='ocr_line' id='line_1_18' title="bbox 139 1670 1028 1747; baseline 0.003 -9"><span class='ocrx_word' id='word_1_113' title='bbox 139 1676 219 1739; x_wconf 88' lang='lat' dir='ltr'>XXI.</span> <span class='ocrx_word' id='word_1_114' title='bbox 242 1675 309 1735; x_wconf 88' lang='lat' dir='ltr'><strong>Hoc</strong></span> <span class='ocrx_word' id='word_1_115' title='bbox 331 1673 473 1734; x_wconf 91' lang='lat' dir='ltr'><strong>omnibus</strong></span> <span class='ocrx_word' id='word_1_116' title='bbox 487 1670 617 1747; x_wconf 89' lang='lat' dir='ltr'><strong>probato</strong></span> <span class='ocrx_word' id='word_1_117' title='bbox 633 1674 762 1735; x_wconf 90' lang='lat' dir='ltr'><strong>consilio</strong></span> <span class='ocrx_word' id='word_1_118' title='bbox 778 1674 931 1737; x_wconf 90' lang='lat' dir='ltr'><strong>Commius</strong></span> <span class='ocrx_word' id='word_1_119' title='bbox 946 1680 1028 1741; x_wconf 87' lang='lat' dir='ltr'><strong>Atre·</strong></span> 
     </span>
     <span class='ocr_line' id='line_1_19' title="bbox 57 1757 1027 1833; baseline 0 -7"><span class='ocrx_word' id='word_1_120' title='bbox 57 1778 111 1826; x_wconf 85' lang='lat' dir='ltr'><strong>nas</strong></span> <span class='ocrx_word' id='word_1_121' title='bbox 127 1761 169 1822; x_wconf 88' lang='lat' dir='ltr'><strong>ad</strong></span> <span class='ocrx_word' id='word_1_122' title='bbox 184 1776 241 1822; x_wconf 86' lang='lat' dir='ltr'><strong>eos</strong></span> <span class='ocrx_word' id='word_1_123' title='bbox 256 1759 393 1833; x_wconf 77' lang='lat' dir='ltr'><strong>confugit</strong></span> <span class='ocrx_word' id='word_1_124' title='bbox 408 1758 586 1832; x_wconf 89' lang='lat' dir='ltr'><strong>Germanos,</strong></span> <span class='ocrx_word' id='word_1_125' title='bbox 603 1757 744 1832; x_wconf 90' lang='lat' dir='ltr'><strong>aquibus</strong></span> <span class='ocrx_word' id='word_1_126' title='bbox 756 1759 796 1817; x_wconf 89' lang='lat' dir='ltr'><strong>ad</strong></span> <span class='ocrx_word' id='word_1_127' title='bbox 808 1760 840 1818; x_wconf 94' lang='lat' dir='ltr'><strong>id</strong></span> <span class='ocrx_word' id='word_1_128' title='bbox 855 1760 967 1823; x_wconf 91' lang='lat' dir='ltr'><strong>bellum</strong></span> <span class='ocrx_word' id='word_1_129' title='bbox 981 1781 1027 1827; x_wconf 90' lang='lat' dir='ltr'><strong>au·</strong></span> 
     </span>
     <span class='ocr_line' id='line_1_20' title="bbox 56 1842 1021 1917; baseline 0.002 -9"><span class='ocrx_word' id='word_1_130' title='bbox 56 1848 127 1909; x_wconf 83' lang='lat' dir='ltr'><strong>xilla</strong></span> <span class='ocrx_word' id='word_1_131' title='bbox 146 1849 305 1906; x_wconf 90' lang='lat' dir='ltr'><strong>muluatus</strong></span> <span class='ocrx_word' id='word_1_132' title='bbox 327 1849 400 1903; x_wconf 90' lang='lat' dir='ltr'><strong>erat.</strong></span> <span class='ocrx_word' id='word_1_133' title='bbox 431 1842 529 1902; x_wconf 85' lang='lat' dir='ltr'><strong>Ceteri</strong></span> <span class='ocrx_word' id='word_1_134' title='bbox 551 1842 713 1917; x_wconf 81' lang='lat' dir='ltr'><strong>evestigio</strong></span> <span class='ocrx_word' id='word_1_135' title='bbox 736 1843 856 1903; x_wconf 91' lang='lat' dir='ltr'><strong>mittunt</strong></span> <span class='ocrx_word' id='word_1_136' title='bbox 868 1847 908 1906; x_wconf 92' lang='lat' dir='ltr'><strong>ad</strong></span> <span class='ocrx_word' id='word_1_137' title='bbox 924 1849 1021 1910; x_wconf 87' lang='lat' dir='ltr'><strong>Caesa</strong></span> 
     </span>
     <span class='ocr_line' id='line_1_21' title="bbox 57 1927 1030 2006; baseline 0.002 -14"><span class='ocrx_word' id='word_1_138' title='bbox 57 1948 118 1993; x_wconf 91' lang='lat' dir='ltr'><strong>rem</strong></span> <span class='ocrx_word' id='word_1_139' title='bbox 132 1931 254 2006; x_wconf 82' lang='lat' dir='ltr'><strong>legatos</strong></span> <span class='ocrx_word' id='word_1_140' title='bbox 270 1934 447 2005; x_wconf 88' lang='lat' dir='ltr'><strong>petuntque,</strong></span> <span class='ocrx_word' id='word_1_141' title='bbox 462 1933 496 1986; x_wconf 92' lang='lat' dir='ltr'><strong>ut</strong></span> <span class='ocrx_word' id='word_1_142' title='bbox 508 1941 544 1985; x_wconf 92' lang='lat' dir='ltr'><strong>ea</strong></span> <span class='ocrx_word' id='word_1_143' title='bbox 555 1942 656 2001; x_wconf 88' lang='lat' dir='ltr'><strong>poena</strong></span> <span class='ocrx_word' id='word_1_144' title='bbox 668 1927 707 1986; x_wconf 92' lang='lat' dir='ltr'><strong>sit</strong></span> <span class='ocrx_word' id='word_1_145' title='bbox 720 1934 878 1990; x_wconf 91' lang='lat' dir='ltr'><strong>contentus</strong></span> <span class='ocrx_word' id='word_1_146' title='bbox 890 1931 1030 2000; x_wconf 89' lang='lat' dir='ltr'><strong>hostium</strong></span> 
     </span>
     <span class='ocr_line' id='line_1_22' title="bbox 57 2012 1032 2094; baseline 0.002 -15"><span class='ocrx_word' id='word_1_147' title='bbox 57 2034 148 2094; x_wconf 91' lang='lat' dir='ltr'><strong>quam</strong></span> <span class='ocrx_word' id='word_1_148' title='bbox 163 2016 192 2075; x_wconf 91' lang='lat' dir='ltr'><strong>si</strong></span> <span class='ocrx_word' id='word_1_149' title='bbox 206 2015 275 2075; x_wconf 90' lang='lat' dir='ltr'><strong>sine</strong></span> <span class='ocrx_word' id='word_1_150' title='bbox 289 2012 483 2073; x_wconf 89' lang='lat' dir='ltr'><strong>dimicatione</strong></span> <span class='ocrx_word' id='word_1_151' title='bbox 498 2012 609 2070; x_wconf 85' lang='lat' dir='ltr'><strong>inferre</strong></span> <span class='ocrx_word' id='word_1_152' title='bbox 624 2012 748 2087; x_wconf 81' lang='lat' dir='ltr'><strong>integris</strong></span> <span class='ocrx_word' id='word_1_153' title='bbox 766 2021 888 2089; x_wconf 88' lang='lat' dir='ltr'><strong>posset,</strong></span> <span class='ocrx_word' id='word_1_154' title='bbox 903 2033 960 2091; x_wconf 92' lang='lat' dir='ltr'><strong>pro</strong></span> <span class='ocrx_word' id='word_1_155' title='bbox 976 2036 1032 2081; x_wconf 89' lang='lat' dir='ltr'><strong>sua</strong></span> 
     </span>
    </p>
   </div>
   <div class='ocr_carea' id='block_1_5' title="bbox 52 2096 1032 2768">
    <p class='ocr_par' dir='ltr' id='par_1_5' title="bbox 52 2096 1032 2768">
     <span class='ocr_line' id='line_1_23' title="bbox 56 2096 1032 2173; baseline 0.002 -11"><span class='ocrx_word' id='word_1_156' title='bbox 56 2100 216 2162; x_wconf 87' lang='lat' dir='ltr'><strong>clementia</strong></span> <span class='ocrx_word' id='word_1_157' title='bbox 237 2105 329 2173; x_wconf 87' lang='lat' dir='ltr'><strong>atque</strong></span> <span class='ocrx_word' id='word_1_158' title='bbox 350 2096 535 2155; x_wconf 85' lang='lat' dir='ltr'><strong>humanitate</strong></span> <span class='ocrx_word' id='word_1_159' title='bbox 554 2113 719 2170; x_wconf 92' lang='lat' dir='ltr'><strong>numquam</strong></span> <span class='ocrx_word' id='word_1_160' title='bbox 735 2099 873 2171; x_wconf 85' lang='lat' dir='ltr'><strong>proiecto</strong></span> <span class='ocrx_word' id='word_1_161' title='bbox 890 2109 974 2163; x_wconf 88' lang='lat' dir='ltr'><strong>esset</strong></span> <span class='ocrx_word' id='word_1_162' title='bbox 988 2104 1032 2163; x_wconf 91' lang='lat' dir='ltr'><strong>in-</strong></span> 
     </span>
     <span class='ocr_line' id='line_1_24' title="bbox 54 2181 1031 2256; baseline 0 -9"><span class='ocrx_word' id='word_1_163' title='bbox 54 2189 181 2247; x_wconf 89' lang='lat' dir='ltr'><strong>laturus.</strong></span> <span class='ocrx_word' id='word_1_164' title='bbox 210 2181 361 2243; x_wconf 79' lang='lat' dir='ltr'><strong>Adflictas</strong></span> <span class='ocrx_word' id='word_1_165' title='bbox 388 2196 465 2256; x_wconf 90' lang='lat' dir='ltr'><strong>opes</strong></span> <span class='ocrx_word' id='word_1_166' title='bbox 492 2181 627 2255; x_wconf 89' lang='lat' dir='ltr'><strong>equestri</strong></span> <span class='ocrx_word' id='word_1_167' title='bbox 654 2183 772 2255; x_wconf 89' lang='lat' dir='ltr'><strong>proelio</strong></span> <span class='ocrx_word' id='word_1_168' title='bbox 798 2181 1031 2249; x_wconf 85' lang='lat' dir='ltr'><strong>Bellovacorum</strong></span> 
     </span>
     <span class='ocr_line' id='line_1_25' title="bbox 54 2266 1029 2343; baseline 0.003 -12"><span class='ocrx_word' id='word_1_169' title='bbox 54 2287 141 2341; x_wconf 85' lang='lat' dir='ltr'><strong>osse;</strong></span> <span class='ocrx_word' id='word_1_170' title='bbox 158 2270 349 2329; x_wconf 91' lang='lat' dir='ltr'><strong>delectorum</strong></span> <span class='ocrx_word' id='word_1_171' title='bbox 365 2267 500 2340; x_wconf 91' lang='lat' dir='ltr'><strong>peditum</strong></span> <span class='ocrx_word' id='word_1_172' title='bbox 515 2268 609 2325; x_wconf 90' lang='lat' dir='ltr'><strong>multa</strong></span> <span class='ocrx_word' id='word_1_173' title='bbox 622 2266 704 2323; x_wconf 91' lang='lat' dir='ltr'><strong>milia</strong></span> <span class='ocrx_word' id='word_1_174' title='bbox 717 2266 868 2343; x_wconf 90' lang='lat' dir='ltr'><strong>interisse,</strong></span> <span class='ocrx_word' id='word_1_175' title='bbox 884 2271 936 2331; x_wconf 88' lang='lat' dir='ltr'><strong>vix</strong></span> <span class='ocrx_word' id='word_1_176' title='bbox 949 2275 1029 2335; x_wconf 88' lang='lat' dir='ltr'><strong>reiu-</strong></span> 
     </span>
     <span class='ocr_line' id='line_1_26' title="bbox 53 2351 1031 2432; baseline 0.003 -16"><span class='ocrx_word' id='word_1_177' title='bbox 53 2358 135 2432; x_wconf 74' lang='lat' dir='ltr'><strong>gisse</strong></span> <span class='ocrx_word' id='word_1_178' title='bbox 149 2353 276 2414; x_wconf 91' lang='lat' dir='ltr'><strong>nuntios</strong></span> <span class='ocrx_word' id='word_1_179' title='bbox 293 2351 406 2410; x_wconf 91' lang='lat' dir='ltr'><strong>caedis.</strong></span> <span class='ocrx_word' id='word_1_180' title='bbox 428 2352 537 2409; x_wconf 91' lang='lat' dir='ltr'><strong>Tamen</strong></span> <span class='ocrx_word' id='word_1_181' title='bbox 553 2366 704 2424; x_wconf 81' lang='lat' dir='ltr'><strong>magnum,</strong></span> <span class='ocrx_word' id='word_1_182' title='bbox 720 2351 797 2409; x_wconf 91' lang='lat' dir='ltr'><strong>utin</strong></span> <span class='ocrx_word' id='word_1_183' title='bbox 812 2359 895 2413; x_wconf 91' lang='lat' dir='ltr'><strong>tanta</strong></span> <span class='ocrx_word' id='word_1_184' title='bbox 911 2359 1031 2418; x_wconf 88' lang='lat' dir='ltr'><strong>calami·</strong></span> 
     </span>
     <span class='ocr_line' id='line_1_27' title="bbox 53 2434 1030 2519; baseline 0.003 -17"><span class='ocrx_word' id='word_1_185' title='bbox 53 2448 127 2515; x_wconf 88' lang='lat' dir='ltr'><strong>tate,</strong></span> <span class='ocrx_word' id='word_1_186' title='bbox 149 2438 336 2499; x_wconf 87' lang='lat' dir='ltr'><strong>Bellovacos</strong></span> <span class='ocrx_word' id='word_1_187' title='bbox 353 2450 389 2496; x_wconf 90' lang='lat' dir='ltr'><strong>eo</strong></span> <span class='ocrx_word' id='word_1_188' title='bbox 404 2436 522 2509; x_wconf 89' lang='lat' dir='ltr'><strong>proelio</strong></span> <span class='ocrx_word' id='word_1_189' title='bbox 539 2434 733 2495; x_wconf 88' lang='lat' dir='ltr'><strong>commodum</strong></span> <span class='ocrx_word' id='word_1_190' title='bbox 749 2451 820 2495; x_wconf 87' lang='lat' dir='ltr'><strong>csse</strong></span> <span class='ocrx_word' id='word_1_191' title='bbox 836 2450 1030 2519; x_wconf 69' lang='lat' dir='ltr'><strong>consecutos</strong></span> 
     </span>
     <span class='ocr_line' id='line_1_28' title="bbox 53 2519 1031 2603; baseline 0.003 -16"><span class='ocrx_word' id='word_1_192' title='bbox 53 2524 137 2603; x_wconf 91' lang='lat' dir='ltr'><strong>quod</strong></span> <span class='ocrx_word' id='word_1_193' title='bbox 153 2524 297 2594; x_wconf 87' lang='lat' dir='ltr'><strong>Correus,</strong></span> <span class='ocrx_word' id='word_1_194' title='bbox 312 2527 418 2580; x_wconf 87' lang='lat' dir='ltr'><strong>auctor</strong></span> <span class='ocrx_word' id='word_1_195' title='bbox 431 2519 518 2594; x_wconf 89' lang='lat' dir='ltr'><strong>belli,</strong></span> <span class='ocrx_word' id='word_1_196' title='bbox 535 2520 702 2580; x_wconf 89' lang='lat' dir='ltr'><strong>concitator</strong></span> <span class='ocrx_word' id='word_1_197' title='bbox 716 2521 932 2600; x_wconf 88' lang='lat' dir='ltr'><strong>multitudinis,</strong></span> <span class='ocrx_word' id='word_1_198' title='bbox 947 2537 1031 2591; x_wconf 90' lang='lat' dir='ltr'><strong>esset</strong></span> 
     </span>
     <span class='ocr_line' id='line_1_29' title="bbox 52 2605 1030 2686; baseline 0.004 -16"><span class='ocrx_word' id='word_1_199' title='bbox 52 2610 242 2672; x_wconf 86' lang='lat' dir='ltr'><strong>interiectus.</strong></span> <span class='ocrx_word' id='word_1_200' title='bbox 270 2606 442 2680; x_wconf 90' lang='lat' dir='ltr'><strong>Numquam</strong></span> <span class='ocrx_word' id='word_1_201' title='bbox 467 2605 547 2663; x_wconf 90' lang='lat' dir='ltr'><strong>enim</strong></span> <span class='ocrx_word' id='word_1_202' title='bbox 571 2611 710 2664; x_wconf 90' lang='lat' dir='ltr'><strong>senatum</strong></span> <span class='ocrx_word' id='word_1_203' title='bbox 734 2610 850 2686; x_wconf 81' lang='lat' dir='ltr'><strong>tantum</strong></span> <span class='ocrx_word' id='word_1_204' title='bbox 864 2608 895 2668; x_wconf 88' lang='lat' dir='ltr'><strong>in</strong></span> <span class='ocrx_word' id='word_1_205' title='bbox 910 2610 1030 2674; x_wconf 87' lang='lat' dir='ltr'><strong>civitate</strong></span> 
     </span>
     <span class='ocr_line' id='line_1_30' title="bbox 52 2690 849 2768; baseline -0.01 -11"><span class='ocrx_word' id='word_1_206' title='bbox 52 2694 100 2757; x_wconf 90' lang='lat' dir='ltr'><strong>illo</strong></span> <span class='ocrx_word' id='word_1_207' title='bbox 114 2694 201 2768; x_wconf 86' lang='lat' dir='ltr'><strong>vivo,</strong></span> <span class='ocrx_word' id='word_1_208' title='bbox 219 2697 365 2768; x_wconf 88' lang='lat' dir='ltr'><strong>quantum</strong></span> <span class='ocrx_word' id='word_1_209' title='bbox 380 2690 549 2764; x_wconf 88' lang='lat' dir='ltr'><strong>imperitam</strong></span> <span class='ocrx_word' id='word_1_210' title='bbox 563 2690 685 2764; x_wconf 89' lang='lat' dir='ltr'><strong>plebem</strong></span> <span class='ocrx_word' id='word_1_211' title='bbox 699 2690 849 2765; x_wconf 91' lang='lat' dir='ltr'><strong>potuisse.</strong></span> 
     </span>
    </p>
   </div>
   <div class='ocr_carea' id='block_1_6' title="bbox 51 2808 1027 3399">
    <p class='ocr_par' dir='ltr' id='par_1_6' title="bbox 51 2808 1027 3399">
     <span class='ocr_line' id='line_1_31' title="bbox 131 2808 1027 2883; baseline -0.003 -11"><span class='ocrx_word' id='word_1_212' title='bbox 131 2811 228 2873; x_wconf 90' lang='lat' dir='ltr'>XXII.</span> <span class='ocrx_word' id='word_1_213' title='bbox 250 2810 335 2870; x_wconf 89' lang='lat' dir='ltr'><strong>Haec</strong></span> <span class='ocrx_word' id='word_1_214' title='bbox 355 2808 512 2869; x_wconf 87' lang='lat' dir='ltr'><strong>orantibus</strong></span> <span class='ocrx_word' id='word_1_215' title='bbox 533 2809 640 2883; x_wconf 82' lang='lat' dir='ltr'><strong>legatis</strong></span> <span class='ocrx_word' id='word_1_216' title='bbox 667 2816 884 2871; x_wconf 90' lang='lat' dir='ltr'><strong>commemorat</strong></span> <span class='ocrx_word' id='word_1_217' title='bbox 898 2812 1027 2873; x_wconf 68' lang='lat' dir='ltr'><strong>Caesam</strong></span> 
     </span>
     <span class='ocr_line' id='line_1_32' title="bbox 51 2893 1027 2975; baseline 0 -15"><span class='ocrx_word' id='word_1_218' title='bbox 51 2898 170 2960; x_wconf 80' lang='lat' dir='ltr'><strong>Eodem</strong></span> <span class='ocrx_word' id='word_1_219' title='bbox 188 2903 328 2970; x_wconf 90' lang='lat' dir='ltr'><strong>tempore</strong></span> <span class='ocrx_word' id='word_1_220' title='bbox 349 2894 508 2969; x_wconf 91' lang='lat' dir='ltr'><strong>superiore</strong></span> <span class='ocrx_word' id='word_1_221' title='bbox 535 2909 614 2954; x_wconf 88' lang='lat' dir='ltr'><strong>anno</strong></span> <span class='ocrx_word' id='word_1_222' title='bbox 639 2893 821 2955; x_wconf 90' lang='lat' dir='ltr'><strong>Bellovacos</strong></span> <span class='ocrx_word' id='word_1_223' title='bbox 847 2903 1027 2975; x_wconf 89' lang='lat' dir='ltr'><strong>ceterasque</strong></span> 
     </span>
     <span class='ocr_line' id='line_1_33' title="bbox 54 2979 1026 3054; baseline 0.001 -10"><span class='ocrx_word' id='word_1_224' title='bbox 54 2984 169 3045; x_wconf 85' lang='lat' dir='ltr'><strong>Galliae</strong></span> <span class='ocrx_word' id='word_1_225' title='bbox 191 2981 330 3042; x_wconf 89' lang='lat' dir='ltr'><strong>civitates</strong></span> <span class='ocrx_word' id='word_1_226' title='bbox 352 2980 531 3053; x_wconf 88' lang='lat' dir='ltr'><strong>suscepisse</strong></span> <span class='ocrx_word' id='word_1_227' title='bbox 552 2979 680 3039; x_wconf 89' lang='lat' dir='ltr'><strong>bellum:</strong></span> <span class='ocrx_word' id='word_1_228' title='bbox 709 2980 954 3054; x_wconf 88' lang='lat' dir='ltr'><strong>pertinacissime</strong></span> <span class='ocrx_word' id='word_1_229' title='bbox 968 2983 1026 3046; x_wconf 91' lang='lat' dir='ltr'><strong>bos</strong></span> 
     </span>
     <span class='ocr_line' id='line_1_34' title="bbox 53 3064 1026 3139; baseline 0.001 -10"><span class='ocrx_word' id='word_1_230' title='bbox 53 3083 90 3129; x_wconf 86' lang='lat' dir='ltr'><strong>ex</strong></span> <span class='ocrx_word' id='word_1_231' title='bbox 104 3065 249 3128; x_wconf 92' lang='lat' dir='ltr'><strong>omnibus</strong></span> <span class='ocrx_word' id='word_1_232' title='bbox 265 3064 295 3123; x_wconf 95' lang='lat' dir='ltr'><strong>in</strong></span> <span class='ocrx_word' id='word_1_233' title='bbox 311 3064 461 3124; x_wconf 90' lang='lat' dir='ltr'><strong>sententia</strong></span> <span class='ocrx_word' id='word_1_234' title='bbox 474 3065 683 3139; x_wconf 89' lang='lat' dir='ltr'><strong>permansisse</strong></span> <span class='ocrx_word' id='word_1_235' title='bbox 697 3080 799 3139; x_wconf 90' lang='lat' dir='ltr'><strong>neque</strong></span> <span class='ocrx_word' id='word_1_236' title='bbox 814 3065 853 3124; x_wconf 92' lang='lat' dir='ltr'><strong>ad</strong></span> <span class='ocrx_word' id='word_1_237' title='bbox 868 3067 1026 3131; x_wconf 85' lang='lat' dir='ltr'><strong>sanitatem</strong></span> 
     </span>
     <span class='ocr_line' id='line_1_35' title="bbox 52 3148 1025 3229; baseline 0.002 -16"><span class='ocrx_word' id='word_1_238' title='bbox 52 3151 241 3229; x_wconf 90' lang='lat' dir='ltr'><strong>reliquorum</strong></span> <span class='ocrx_word' id='word_1_239' title='bbox 263 3149 416 3209; x_wconf 91' lang='lat' dir='ltr'><strong>deditione</strong></span> <span class='ocrx_word' id='word_1_240' title='bbox 438 3165 509 3209; x_wconf 89' lang='lat' dir='ltr'><strong>esse</strong></span> <span class='ocrx_word' id='word_1_241' title='bbox 524 3149 701 3223; x_wconf 88' lang='lat' dir='ltr'><strong>perductos.</strong></span> <span class='ocrx_word' id='word_1_242' title='bbox 732 3148 817 3209; x_wconf 87' lang='lat' dir='ltr'><strong>Scire</strong></span> <span class='ocrx_word' id='word_1_243' title='bbox 833 3157 924 3226; x_wconf 89' lang='lat' dir='ltr'><strong>atquc</strong></span> <span class='ocrx_word' id='word_1_244' title='bbox 939 3153 1025 3215; x_wconf 91' lang='lat' dir='ltr'><strong>intel·</strong></span> 
     </span>
     <span class='ocr_line' id='line_1_36' title="bbox 53 3233 1024 3313; baseline 0.001 -15"><span class='ocrx_word' id='word_1_245' title='bbox 53 3239 154 3313; x_wconf 80' lang='lat' dir='ltr'><strong>legere</strong></span> <span class='ocrx_word' id='word_1_246' title='bbox 169 3251 205 3297; x_wconf 91' lang='lat' dir='ltr'><strong>se</strong></span> <span class='ocrx_word' id='word_1_247' title='bbox 221 3250 346 3295; x_wconf 86' lang='lat' dir='ltr'><strong>causam</strong></span> <span class='ocrx_word' id='word_1_248' title='bbox 360 3236 478 3309; x_wconf 88' lang='lat' dir='ltr'><strong>pcccati</strong></span> <span class='ocrx_word' id='word_1_249' title='bbox 494 3234 634 3293; x_wconf 84' lang='lat' dir='ltr'><strong>facillime</strong></span> <span class='ocrx_word' id='word_1_250' title='bbox 647 3234 774 3295; x_wconf 89' lang='lat' dir='ltr'><strong>mortuis</strong></span> <span class='ocrx_word' id='word_1_251' title='bbox 794 3233 938 3310; x_wconf 82' lang='lat' dir='ltr'><strong>delegari.</strong></span> <span class='ocrx_word' id='word_1_252' title='bbox 966 3238 1024 3299; x_wconf 76' lang='lat' dir='ltr'><strong>Na</strong></span> 
     </span>
     <span class='ocr_line' id='line_1_37' title="bbox 53 3317 1023 3399; baseline 0.003 -16"><span class='ocrx_word' id='word_1_253' title='bbox 53 3322 163 3383; x_wconf 88' lang='lat' dir='ltr'><strong>minem</strong></span> <span class='ocrx_word' id='word_1_254' title='bbox 175 3336 253 3381; x_wconf 90' lang='lat' dir='ltr'><strong>vero</strong></span> <span class='ocrx_word' id='word_1_255' title='bbox 268 3326 385 3381; x_wconf 88' lang='lat' dir='ltr'><strong>tantum</strong></span> <span class='ocrx_word' id='word_1_256' title='bbox 399 3320 531 3394; x_wconf 89' lang='lat' dir='ltr'><strong>pollere,</strong></span> <span class='ocrx_word' id='word_1_257' title='bbox 553 3325 586 3378; x_wconf 93' lang='lat' dir='ltr'><strong>ut</strong></span> <span class='ocrx_word' id='word_1_258' title='bbox 600 3318 702 3378; x_wconf 93' lang='lat' dir='ltr'><strong>invitis</strong></span> <span class='ocrx_word' id='word_1_259' title='bbox 718 3317 922 3399; x_wconf 88' lang='lat' dir='ltr'><strong>principibus,</strong></span> <span class='ocrx_word' id='word_1_260' title='bbox 947 3325 1023 3386; x_wconf 88' lang='lat' dir='ltr'><strong>resi-</strong></span> 
     </span>
    </p>
   </div>
   <div class='ocr_carea' id='block_1_7' title="bbox 54 3403 1114 3480">
    <p class='ocr_par' dir='ltr' id='par_1_7' title="bbox 54 3403 1114 3480">
     <span class='ocr_line' id='line_1_38' title="bbox 54 3403 1114 3480; baseline -0.012 -11"><span class='ocrx_word' id='word_1_261' title='bbox 54 3412 152 3469; x_wconf 76' lang='lat' dir='ltr'><strong>stente</strong></span> <span class='ocrx_word' id='word_1_262' title='bbox 165 3412 285 3480; x_wconf 87' lang='lat' dir='ltr'><strong>senatu,</strong></span> <span class='ocrx_word' id='word_1_263' title='bbox 302 3405 441 3465; x_wconf 91' lang='lat' dir='ltr'><strong>omnibus</strong></span> <span class='ocrx_word' id='word_1_264' title='bbox 456 3403 545 3465; x_wconf 91' lang='lat' dir='ltr'><strong>bonis</strong></span> <span class='ocrx_word' id='word_1_265' title='bbox 559 3404 800 3479; x_wconf 78' lang='lat' dir='ltr'><strong>repugnantibus</strong></span> <span class='ocrx_word' id='word_1_266' title='bbox 807 3404 1022 3469; x_wconf 66' lang='lat' dir='ltr'><strong>infirmantum</strong></span> <span class='ocrx_word' id='word_1_267' title='bbox 1099 3411 1114 3427; x_wconf 91' lang='grc'><em>“</em></span> 
     </span>
    </p>
   </div>
   <div class='ocr_carea' id='block_1_8' title="bbox 96 3482 828 3552">
    <p class='ocr_par' dir='ltr' id='par_1_8' title="bbox 96 3482 828 3552">
     <span class='ocr_line' id='line_1_39' title="bbox 96 3482 828 3552; baseline -0.005 -1"><span class='ocrx_word' id='word_1_268' title='bbox 96 3508 121 3551; x_wconf 83' lang='lat' dir='ltr'><strong>e.</strong></span> <span class='ocrx_word' id='word_1_269' title='bbox 135 3506 235 3552; x_wconf 77' lang='lat' dir='ltr'><strong>ruerus</strong></span> <span class='ocrx_word' id='word_1_270' title='bbox 251 3504 377 3548; x_wconf 69' lang='lat' dir='ltr'><strong>cursen</strong></span> <span class='ocrx_word' id='word_1_271' title='bbox 787 3482 828 3532; x_wconf 73' lang='lat'><strong>¹²</strong></span> 
     </span>
    </p>
   </div>
   <div class='ocr_carea' id='block_1_9' title="bbox 0 0 1140 4176">
    <p class='ocr_par' dir='ltr' id='par_1_9' title="bbox 0 0 1140 4176">
     <span class='ocr_line' id='line_1_40' title="bbox 0 0 1140 4176; baseline 0 2"><span class='ocrx_word' id='word_1_272' title='bbox 0 0 1140 4176; x_wconf 95' lang='lat' dir='ltr'><strong> </strong></span> 
     </span>
    </p>
   </div>
  </div>
 </body>
</html>
