2272 4176
957 310 960 317 ·
1001 298 1045 340 ”a

64 489 126 554 104
355 490 407 551 DE
427 489 551 552 BELLO
574 488 737 551 GALLICO

63 646 130 707 nire
151 651 181 706 et
202 660 272 705 eum
286 644 474 706 ¹Carnutibus
495 646 702 722 finitimisque
716 643 889 706 civitatibus
905 644 1031 706 consilia

64 747 163 793 comm
172 730 303 806 micare,
329 731 499 791 aTreveris
516 733 682 792 Germanos
699 728 813 790 crebris
830 730 1029 804 legationibus

65 815 229 891 sollicitari,
244 815 390 876 maturius
405 815 463 874 sibi
477 816 516 874 de
530 816 610 875 bello
626 815 821 891 cogitandum
836 816 965 912 putavit.

147 901 331 975 libitoque
351 899 486 960 nondum
506 899 605 959 hieme
626 902 766 960 conlecta
781 899 931 974 proximis
948 908 1025 975 quat·

64 993 133 1046 tuor
154 985 268 1045 coactis
276 984 460 1058 legionibus
483 983 549 1043 de
541 985 698 1059 inproviso
714 985 745 1043 in
760 984 838 1044 lines
853 984 1030 1045 Nerviorum

65 1070 221 1132 contendit
234 1076 279 1143 et,
305 1069 485 1164 priusquam
499 1068 541 1127 illi
556 1077 608 1129 aut
623 1069 788 1130 convenire
801 1075 854 1129 aut
868 1070 1030 1144 profugere

64 1162 207 1231 possent,
231 1169 341 1227 magno
362 1152 485 1228 pecoris
505 1159 597 1229 atque
617 1154 772 1215 hominum
793 1169 921 1214 numero
944 1160 1029 1228 capto

64 1247 156 1315 atque
177 1254 214 1297 ea
234 1238 350 1313 praeda
370 1237 513 1297 militibus
536 1254 686 1299 concessa
698 1238 891 1313 vastatisque
906 1239 989 1312 agris
1003 1240 1029 1298 in

65 1324 249 1384 deditionem
262 1322 368 1382 venire
382 1329 474 1398 atque
482 1323 608 1383 obsides
616 1324 675 1383 sibi
687 1323 760 1383 dare
772 1323 881 1397 coegit.
898 1323 944 1384 Eo
956 1325 1029 1383 cele·

65 1409 137 1468 riter
152 1408 290 1467 conlecto
305 1407 428 1482 negotio
444 1424 551 1468 rursus
566 1408 597 1466 in
611 1408 738 1467 hiberna
752 1408 890 1482 legiones
902 1408 1030 1467 reduxit.

66 1491 200 1553 Concilio
217 1491 330 1550 Galliae
345 1492 443 1566 primo
457 1508 545 1568 vere,
567 1498 601 1553 ut
614 1493 798 1565 instituerat,
819 1488 950 1567 indicto,
966 1508 1031 1552 cum

64 1577 173 1651 reliqui
189 1583 309 1651 praeter
324 1576 472 1649 Senones
489 1577 634 1637 Carnutes
641 1578 853 1650 Treverosque
867 1577 1032 1651 venissent,

65 1661 180 1722 initium
196 1660 265 1721 belli
280 1677 316 1719 ac
332 1662 512 1721 delectionis
527 1663 585 1721 hoc
600 1677 671 1721 esse
686 1661 864 1735 arbitratus,
885 1669 921 1722 ut
936 1662 1035 1722 omnia

65 1752 253 1822 postponere
283 1744 453 1820 videretur,
489 1746 648 1806 concilium
676 1746 823 1805 Lutetiam
848 1744 1035 1806 Parisiorum

65 1832 217 1890 transfert.
248 1829 389 1892 confines
412 1837 497 1890 erant
516 1830 548 1889 hi
563 1829 736 1891 Senonibus
752 1830 968 1906 civitatemque
983 1847 1034 1906 pa-

67 1922 144 1975 trum
158 1915 304 1975 memoria
319 1916 554 1990 coniunxerant,
576 1915 633 1974 sed
647 1915 685 1974 ab
699 1915 758 1975 hoc
775 1914 904 1975 consilio
919 1915 1036 1975 aluisse

67 2001 325 2060 existimabantur.
354 2000 418 2059 Hae
432 2015 467 2059 re
480 2017 538 2076 pro
553 2007 702 2075 suggestu
716 1999 912 2074 pronuntiata
927 2000 1036 2060 eodem

67 2085 115 2145 die
136 2100 205 2145 cum
225 2085 396 2159 legionibus
417 2085 447 2145 in
469 2084 609 2146 Senones
629 2084 834 2159 proficiscitur
854 2085 1037 2161 magnisque

67 2169 223 2230 itineribus
239 2185 275 2230 eo
292 2170 438 2244 pervenit.

151 2257 200 2316 lV.
235 2255 361 2328 Cognito
383 2255 449 2314 eius
470 2255 602 2313 adventu
616 2255 715 2326 Acco,
743 2252 794 2327 qut
808 2252 955 2329 princeps
972 2254 1035 2314 eius

67 2340 186 2399 consilii
206 2340 318 2413 luerat,
345 2339 428 2398 iubet
448 2338 477 2396 in
499 2338 618 2413 oppida·
626 2337 845 2397 multitudinem
862 2338 1037 2401 convenire.

67 2423 267 2496 Conantibus,
283 2422 462 2498 priusquam
477 2422 508 2481 id
522 2422 602 2481 ellici
618 2428 738 2496 posset,
754 2422 865 2482 adesse
882 2424 1037 2483 Romanos

66 2509 227 2566 nuntiatur.
256 2507 438 2566 Necessario
461 2507 610 2565 sententia
625 2507 775 2566 desistunt
788 2508 971 2583 legatosque
987 2508 1036 2567 de·

67 2591 213 2666 precandi
224 2606 319 2650 causa
330 2592 369 2650 ad
379 2591 539 2650 Caesarem
550 2590 808 2650 mittunt2adeunt
819 2592 1037 2666 perHaeduos,

68 2692 197 2751 quorum
217 2676 382 2749 antiquitus
405 2676 518 2734 eratin
541 2674 602 2734 lide
624 2675 739 2734 civitas.
769 2676 911 2735 Libenter
926 2677 1039 2736 Caesar

67 2761 239 2835 petentibus
254 2760 389 2820 Haeduis
412 2760 464 2819 dat
478 2760 597 2819 veniam
612 2760 903 2835 excusationemque
919 2761 1038 2836 accipit,

68 2846 151 2921 quod
177 2844 326 2905 aestivum
349 2850 470 2919 tempus
491 2845 631 2905 instantis
654 2845 738 2919 belli,
764 2861 825 2904 non
848 2846 1038 2919 quaestionis

67 2946 138 2990 esse
153 2930 322 2989 arbitratur.
340 2928 505 2990 Obsidibus
521 2929 675 3004 imperatis
693 2936 812 2989 eentum
827 2929 884 2989 hos
900 2930 1038 2990 Haeduis

67 3014 288 3075 custodiendos
303 3013 403 3073 tradit.
418 3013 535 3074 Eodem
551 3014 698 3074 Carnutes
714 3016 831 3088 legatos
849 3015 1039 3089 obsidesque

65 3100 185 3159 mittunt
198 3098 246 3157 usi
262 3098 511 3172 deprecatoribus
526 3100 639 3173 RemiS,
656 3115 784 3174 quorum
803 3106 888 3158 crant
902 3101 932 3158 ln
949 3101 1037 3157 clien-

67 3186 140 3243 lela=
168 3182 274 3241 eadem
296 3184 396 3242 lerunt
414 3199 576 3258 responsa.
605 3183 724 3258 Peragit
746 3183 906 3244 concilium
928 3184 1040 3243 Caesar

67 3269 249 3344 equitesque
265 3267 393 3342 imperat
409 3269 510 3329 civitat
511 3269 589 3329 ibus.

149 3354 187 3411 V.
209 3352 274 3411 Hac
289 3353 498 3428 parteGalliae
513 3359 624 3428 pacata
638 3359 719 3411 totus
735 3359 764 3412 et
778 3359 878 3448 mente
893 3359 923 3411 et
938 3352 1038 3411 animo

68 3437 96 3496 ln
112 3437 226 3497 bellum
240 3438 441 3497 Treverorum
456 3444 486 3496 et
500 3436 716 3509 Ambiorigis
709 3437 828 3496 insistit.
809 3437 1039 3497 tCavarinum

67 3538 135 3580 cum
157 3522 295 3597 equitatu
318 3521 474 3582 Senonum
496 3538 601 3583 secum
618 3520 773 3594 proficisci
791 3522 889 3594 iubet,
915 3537 954 3580 ne
971 3522 1038 3596 quis

66 3615 119 3665 aut
134 3620 173 3663 ex
188 3606 279 3665 huius
295 3606 453 3666 iracundia
467 3614 520 3667 aut
533 3623 573 3666 ex
588 3621 641 3676 eo,
669 3606 751 3678 quod
773 3614 941 3679 meruerat,
968 3606 1037 3666 odio

70 3688 195 3752 civitatis
221 3698 322 3752 motus
349 3693 468 3752 existat.
498 3691 552 3750 His
575 3689 669 3750 rebus
691 3691 860 3761 constitutis
884 3691 968 3765 quod
983 3706 1038 3764 pro

66 3776 226 3851 explorato
248 3772 382 3836 habebat
395 3774 603 3849 Ambiorigem
617 3774 734 3851 proelio
750 3791 812 3837 non
827 3790 899 3834 esse
914 3790 1034 3837 concer-
