2272 4176
120 114 181 177 252
436 115 485 175 DE
506 113 630 176 BELLO
653 116 766 177 CIVILI

121 273 334 344 Hispaniarum
342 270 523 341 deditionem.
538 271 637 342 Africi
647 272 714 328 belli
721 271 910 344 praeiudicia
916 269 1085 346 septam!

122 357 263 429 Equidem
273 371 319 413 me
331 355 467 415 Caesaris
478 358 596 415 mititem
607 356 668 414 dici
678 359 768 427 aulai,
788 372 838 415 aos
848 373 894 417 me
903 359 1085 430 imperaturus

119 442 233 499 nomiae
255 442 462 513 appellavistis.
485 442 573 499 Cuius
594 443 621 499 si
636 454 684 498 aas
699 443 844 514 paenitet,
867 449 994 501 ossuum
1016 442 1084 501 uoltu

120 526 288 596 beneficium
299 528 425 595 remitto,
443 526 516 583 mibi
524 541 619 583 meum
628 541 732 583 nomeu
742 528 900 597 restituite,
918 542 955 584 ae
965 526 1009 584 aa
1018 542 1083 585 con·

120 612 266 670 tumeliam
277 610 413 668 bonorem
425 610 539 669 dedisse
549 610 716 668 videamini.

204 694 333 752 XXXlll.
358 693 423 765 Qua
443 694 578 751 oratione
599 693 729 767 permoti
749 693 859 752 milites
876 693 987 753 erebro
1002 694 1083 753 etiam

121 777 368 852 interpellabant,
393 783 427 835 ut
446 793 558 850 magno
580 778 769 837 cumdolore
784 775 974 837 infidelitatis
990 779 1081 853 suspi-

121 862 240 921 cionem
261 862 412 921 sustinere
433 861 623 935 viderentur,
650 861 860 921 discedentem
873 877 950 935 uero
965 877 1006 921 ex
1020 878 1080 923 con·
1135 927 1136 936 ,

121 948 201 1005 tione
215 947 352 1005 universi
367 945 577 1019 cohortantur,
592 961 704 1020 magno
719 946 759 1005 sit
772 946 890 1020 animo,
911 946 1023 1007 necubi
1036 948 1081 1007 du-

119 1031 193 1090 bitet
207 1030 355 1105 proelium
371 1031 556 1090 committere
571 1039 601 1090 et
615 1046 703 1090 suam
716 1031 809 1090 iidem
819 1031 1025 1106 virtutemque
1037 1047 1081 1090 ex·

122 1115 222 1189 periri.
245 1115 310 1187 Quo
326 1116 405 1174 iacto
421 1121 605 1176 commutata
618 1116 752 1175 omnium
766 1122 796 1174 et
808 1116 968 1175 voluntate
982 1122 1013 1175 et
1025 1115 1080 1191 opi·

119 1200 209 1258 nione
225 1215 380 1258 consensu
394 1216 511 1260 summo
527 1200 683 1260 constituit
695 1199 799 1273 Curio,
816 1215 886 1259 cum
903 1202 1035 1274 primum
1050 1200 1082 1261 sit

121 1285 192 1344 data
202 1291 348 1358 potestas,
357 1284 474 1359 proelio
488 1300 553 1343 rem
561 1285 756 1358 committere,
765 1290 957 1360 posteroque
964 1286 1014 1344 die
1021 1302 1081 1360 pro·

120 1369 229 1428 ductos
245 1369 353 1427 eodem
368 1371 452 1442 loco,
477 1386 538 1443 quo
554 1369 764 1444 superioribus
779 1369 888 1429 diebus
904 1370 1081 1435 constiterat

121 1454 150 1511 in
166 1453 231 1512 acie
253 1454 390 1513 collocat.
420 1452 464 1512 Ne
479 1455 580 1514 Varus
599 1454 722 1528 quidem
735 1453 836 1514 Attius
851 1454 971 1514 dubitat
986 1455 1081 1530 copias

125 1538 304 1612 producere,
320 1538 385 1597 sive
401 1538 581 1597 sollicitandi
596 1538 706 1597 milites
722 1538 787 1596 sive
802 1553 903 1614 aequo
920 1540 991 1599 loco
1007 1539 1079 1599 dimi-

122 1623 208 1682 candi
224 1623 312 1682 detur
327 1622 458 1695 occasio,
475 1638 514 1681 ne
528 1623 700 1682 facultatem
712 1624 941 1696 praetermittat.

206 1706 338 1767 XXXIV.
360 1706 431 1766 Erat
450 1707 538 1766 vallis
558 1707 636 1766 inter
657 1707 734 1767 duas
755 1707 853 1780 acies,
879 1714 913 1767 ut
928 1707 1079 1783 saprade

121 1799 320 1852 monstratum
346 1798 407 1866 est,
435 1807 497 1851 non
525 1793 715 1865 iumagus,
742 1797 772 1850 at
796 1791 913 1851 difficili
935 1799 971 1857 ,et
995 1792 1080 1853 arduo

121 1892 261 1937 ascensu.
290 1878 376 1936 Hanc
397 1885 540 1950 uterque,
566 1875 592 1935 si
607 1875 854 1935 adversariorum
868 1877 980 1951 copiae
993 1884 1080 1937 naus
1120 1870 1124 1949 j

121 1961 164 2020 ire
179 1969 376 2034 conarentur,
400 1961 596 2035 expectabat,
619 1977 679 2035 quo
696 1960 842 2034 aequiore
857 1962 927 2022 loco
943 1963 1082 2036 proelium
1121 1961 1124 1969 '

123 2046 328 2104 committeret.
360 2043 452 2104 Sirnul
474 2045 512 2103 ab
534 2045 658 2106 sinistro
681 2061 776 2104 cornu
795 2044 827 2102 P.
843 2045 915 2105 Attii
939 2048 1083 2122 equitatus

121 2130 217 2188 omnis
239 2138 269 2188 et
282 2146 343 2188 una
364 2131 439 2188 levis
460 2136 629 2189 armaturae
643 2129 790 2188 interiecti
805 2133 999 2207 complures,
1024 2146 1082 2191 cnm

120 2231 153 2273 se
170 2215 199 2272 in
214 2215 324 2272 vallem
339 2214 537 2287 demitterent,
553 2214 763 2274 cernebantur.
778 2214 830 2272 Ad
839 2230 895 2274 cos
903 2215 996 2276 Curio
1008 2215 1083 2291 equi-

124 2305 215 2358 tatum
231 2305 261 2358 et
276 2297 599 2357 duasMarrucinorum
615 2298 748 2358 cohortis
763 2298 867 2368 mittit3
885 2316 1017 2374 quorum
1031 2299 1083 2376 pri

121 2400 201 2442 mum
215 2384 359 2457 impetum
372 2383 490 2458 equites
505 2383 638 2443 hostium
649 2400 710 2443 non
722 2385 863 2456 tulerunt,
880 2385 938 2443 sed
949 2385 1084 2445 admissis

121 2469 207 2542 equis
223 2469 263 2527 ad
277 2484 351 2528 suos
366 2469 557 2541 retugerunt=
581 2468 677 2527 relicti
698 2468 736 2527 ab
756 2466 804 2526 his
821 2467 873 2542 qui
888 2486 952 2528 una
966 2486 1084 2544 procur-

120 2562 220 2613 rerant
241 2554 315 2612 levis
338 2559 507 2612 armaturae
529 2551 843 2612 circumveniebantur
865 2560 959 2628 atque
979 2554 1084 2615 interfi-
1128 2614 1131 2619 .

121 2637 276 2697 ciebantur
289 2638 327 2696 ab
343 2637 466 2696 nostris.
494 2637 562 2696 Huc
583 2644 647 2697 tota
659 2637 733 2696 Vari
750 2652 902 2696 conversa
916 2639 1002 2698 acies
1016 2656 1085 2701 suos
1130 2634 1133 2639 '

121 2722 225 2795 lugere
241 2728 270 2780 et
286 2721 404 2781 concidi
418 2721 550 2781 videbat.
580 2723 664 2781 Tunc
678 2721 819 2794 Rebilus,
845 2723 967 2796 legatus
983 2724 1085 2784 Caesa-

120 2806 171 2878 ris,
188 2821 278 2880 quem
294 2806 382 2865 Curio
399 2821 503 2864 secum
518 2822 556 2864 ex
572 2805 674 2865 Sicilia
688 2807 831 2878 duxerat,
849 2808 934 2879 quod
949 2824 1087 2883 magnum

118 2890 230 2949 habere
242 2907 330 2950 usum
342 2892 371 2949 in
382 2907 416 2949 re
428 2890 546 2949 militari
558 2891 683 2964 sciebat,
694 2892 896 2965 Panormitam,
912 2891 1019 2967 inquit,
1034 2895 1086 2955 lto·
1098 2952 1101 2961 ,

117 2977 286 3047 stemmatis,
306 2977 410 3036 Curio:
427 2975 501 3049 quid
517 2977 633 3034 dubitas
643 2978 687 3035 ati
702 2977 841 3050 temporis
851 2973 1087 3051 opportwcitute?

118 3058 171 3119 llle
185 3076 279 3120 unum
294 3062 448 3132 elocutus,
464 3067 497 3118 ut
512 3060 658 3119 memoria
672 3066 809 3118 tenerent
823 3060 933 3120 milites
950 3078 997 3136 ea,
1013 3075 1088 3139 quae

120 3144 218 3217 pridie
234 3144 483 3218 confirmassent,
510 3144 599 3217 sequi
615 3159 686 3204 sese
701 3145 784 3203 iubet
794 3151 825 3204 et
836 3146 1009 3219 praecurrit
1021 3154 1088 3206 aute

120 3242 235 3288 omnes.
264 3230 416 3305 Adeoque
431 3234 496 3288 erat
509 3228 655 3305 impedita
668 3229 772 3304 vallis,
793 3236 828 3289 ut
840 3229 871 3289 in
883 3246 1019 3293 ascensu
1033 3228 1086 3291 nisi

120 3311 368 3373 sublevatiasuis
377 3313 465 3389 primi
478 3314 835 3374 nonlucilccniterentur.
852 3314 1088 3392 Sedpracoccu-

122 3403 211 3474 patus
224 3397 343 3458 animus
359 3399 549 3458 Attianorum
562 3399 686 3458 militum
701 3398 806 3458 timore
821 3405 851 3458 et
861 3400 936 3474 luga
949 3409 981 3464 et
994 3402 1087 3463 caedo
