2272 4176
446 106 562 171 LIBER
582 108 648 171 vn.
978 108 1043 177 185

62 272 118 341 est,
132 270 167 325 ut
184 261 237 324 alii
250 263 462 341 eruptionibus
476 265 665 341 resisterem,
680 265 730 326 alii
743 273 843 331 turres
856 266 1041 333 reducerent

63 365 275 427 aggeremque
291 350 559 425 interscinderent,
581 352 680 413 omnis
695 368 770 414 vero
787 368 826 415 ex
841 353 949 417 castris
963 356 1039 417 mul·

64 434 156 498 titudo
173 434 215 493 ad
233 436 483 511 restinguendum
499 444 705 498 concurreret.

142 519 240 581 XXV.
266 521 341 581 Cum
361 520 391 580 in
406 522 547 582 omnibus
561 522 639 583 locis
655 530 838 599 consumpta
852 524 910 585 iarn
924 526 1041 603 reliqua

62 612 147 685 parte
169 605 272 666 noctis
296 616 482 682 pugnaretur
497 623 681 683 semperque
696 608 836 670 hostibus
852 626 927 685 spes
946 610 1040 673 victo·

61 691 123 752 riae
136 690 409 767 redintegraretur,
424 708 462 753 eo
476 692 582 767 magis,
599 693 683 769 quod
698 693 826 754 deustos
842 696 965 770 pluteos
981 704 1039 757 tur-

61 777 137 837 rium
158 775 309 835 videbant
330 792 387 837 nec
407 778 497 837 facile
518 778 603 836 adire
624 785 749 853 apertos
772 780 811 839 ad
832 780 1039 842 auxiliandum

61 859 362 935 animadvertebant,
388 878 572 938 semperque
592 862 651 938 ipsi
665 872 806 924 recentes
822 864 955 924 defessis
972 882 1041 925 suc-

62 947 209 1008 cederent
231 961 416 1021 omnemque
431 948 546 1007 Galliae
567 949 695 1007 salutem
711 948 740 1007 in
755 949 806 1009 illo
822 949 952 1024 vestigio
968 958 1039 1009 tem·

63 1031 146 1108 poris
162 1031 298 1108 positam
314 1033 540 1105 arbitrarentur,
558 1032 668 1093 accidit
682 1031 924 1108 inspectantibus
940 1034 1039 1109 nobis,

63 1116 146 1192 quod
163 1116 291 1191 dignum
313 1118 461 1179 memoria
474 1118 573 1178 visum
588 1119 843 1192 praetereundum
858 1134 919 1179 non
935 1120 1037 1181 existi-

63 1200 224 1262 mavimus.
253 1200 384 1275 Quidam
400 1209 469 1262 ante
484 1210 604 1277 portam
620 1202 725 1277 oppidi
742 1204 845 1264 Gallus
862 1220 917 1279 per
931 1221 1038 1265 uranus

62 1286 125 1347 sevi
148 1301 187 1346 ac
210 1285 288 1361 picis
311 1287 438 1347 traditas
459 1287 566 1362 glebas
588 1288 618 1346 in
640 1288 741 1362 ignem
762 1304 780 1348 e
800 1290 926 1363 regione
947 1289 1039 1350 turris

62 1370 248 1446 proiciebatz
265 1371 431 1447 scorpione
446 1371 484 1431 ab
500 1373 593 1431 latere
608 1372 716 1431 dextro
728 1374 872 1434 traiectus
884 1374 1038 1434 exanima·

60 1464 173 1530 tusque
187 1455 334 1516 concidit.
349 1456 438 1517 Hunc
452 1472 492 1516 ex
505 1457 665 1531 proxumis
681 1474 761 1517 unus
776 1458 925 1518 iacentem
940 1468 1038 1520 trans·

61 1556 190 1616 gressus
213 1540 324 1601 eodem
346 1541 397 1602 illo
418 1558 544 1602 munere
565 1541 763 1615 iungebalum
789 1542 897 1603 eadem
921 1544 1038 1604 ratione

61 1626 120 1685 ictu
136 1625 316 1701 scorpionis
327 1626 500 1687 exanimato
516 1626 601 1685 alteri
619 1627 772 1687 successit
785 1627 891 1687 tertius
906 1635 936 1687 et
950 1628 1038 1689 tertio

62 1717 205 1785 quartus,
228 1725 286 1769 neo
301 1710 387 1785 prius
402 1711 452 1770 ille
468 1718 516 1771 est
530 1727 548 1770 a
562 1710 844 1785 propugnatoribus
858 1728 976 1772 vacuus
991 1728 1036 1772 re-

60 1794 148 1854 lictus
164 1794 270 1868 locus,
297 1811 387 1869 quam
402 1796 547 1854 restincto
564 1810 677 1869 aggere
692 1802 784 1871 alque
800 1795 882 1856 omni
897 1812 937 1856 ex
951 1804 1037 1872 parte

61 1877 222 1939 summotis
238 1878 379 1939 hostibus
394 1878 464 1940 finis
480 1884 527 1939 esi
542 1880 699 1954 pugnandi
715 1881 823 1941 lactus.

141 1962 251 2025 XXVI.
276 1962 382 2023 Omnia
403 1964 520 2039 experti
540 1964 634 2037 Galli,
651 1964 734 2038 quod
749 1980 800 2025 res
816 1965 899 2024 nulla
913 1980 1036 2028 succes-

62 2056 157 2122 serat,
184 2055 311 2123 postero
335 2048 383 2107 die
405 2049 564 2109 consilium
587 2057 734 2123 oeperunt
749 2064 787 2109 ex
803 2048 917 2124 oppido
934 2052 1035 2125 protu-

59 2149 130 2209 gere
146 2132 287 2193 hortante
303 2140 332 2192 et
347 2133 736 2209 iubenteVercingetorige.
753 2134 786 2193 ld
803 2134 924 2195 silentio
937 2136 1034 2197 noctis

59 2218 160 2279 conati
181 2235 244 2280 non
265 2232 377 2291 magna
391 2218 506 2279 iactura
521 2233 647 2278 suorum
662 2234 733 2279 sese
747 2220 913 2279 ellecturos
930 2238 1035 2296 spera-

59 2303 140 2376 bant,
155 2310 323 2379 propterea
339 2304 422 2377 quod
436 2319 535 2378 neque
550 2303 642 2377 longe
657 2304 695 2362 ab
711 2303 826 2378 oppido
843 2312 944 2365 costra
958 2307 1034 2366 Ver-

59 2388 257 2463 cingetorigis
265 2388 399 2461 aberant,
412 2395 442 2447 et
454 2389 550 2464 paluS,
566 2404 646 2463 quae
658 2394 808 2463 perpetua
818 2387 1034 2463 intercedebat,

57 2474 217 2533 Romanos
239 2472 278 2531 ad
301 2472 524 2547 insequendum
537 2472 687 2532 tardabat.
717 2472 844 2547 lamque
858 2473 917 2533 hoc
933 2475 1035 2535 lttcere

57 2565 150 2618 noctu
165 2556 375 2632 apparabant,
399 2573 469 2617 cum
484 2557 732 2617 matresfamiliae
746 2564 875 2631 repente
890 2559 919 2617 in
936 2558 1033 2633 publi-

56 2658 123 2702 cum
141 2648 362 2717 procurrerunt
383 2640 555 2716 flentesque
569 2642 724 2716 proiectae
741 2641 781 2702 ad
796 2641 893 2717 pedes
908 2660 1034 2705 suorum

57 2727 200 2788 omnibus
217 2727 361 2801 precibus
377 2728 543 2801 petierunt,
570 2742 608 2786 ne
623 2741 658 2786 se
679 2734 710 2787 et
725 2743 904 2787 communes
919 2728 1034 2790 liberos

55 2810 198 2872 hostibus
214 2812 253 2871 ad
269 2811 451 2886 supplicium
468 2811 623 2885 dederent,
641 2827 720 2887 qnos
736 2812 776 2871 ad
792 2812 971 2886 capiendam
987 2814 1001 2872 l
1021 2846 1033 2856 ·

54 2912 123 2970 gam
146 2904 276 2956 naturae
296 2903 327 2955 et
346 2896 454 2955 uirium
475 2896 634 2957 infirmitas
654 2896 815 2971 inpediret.
845 2896 904 2956 Ubi
925 2913 980 2957 eos
1002 2899 1032 2959 in

22 3010 25 3019 ·
55 2981 207 3041 sententia
214 2987 354 3055 perstare
362 2981 511 3054 viderunt,
526 2980 609 3055 quod
620 2982 801 3057 plerumque
812 2981 843 3039 in
851 2996 1031 3058 summope-

54 3064 149 3127 riculo
165 3065 256 3125 umor
270 3065 513 3126 misericordiam
528 3081 590 3124 non
604 3064 721 3140 recipit,
738 3067 931 3126 conclamare
945 3073 976 3127 ot
989 3068 1029 3129 sl·

52 3149 202 3225 gnificare
217 3154 257 3213 de
270 3152 344 3225 tuga
357 3151 503 3211 Romanis
520 3159 696 3225 coeperunt.
712 3150 778 3225 Quo
794 3150 902 3211 timore
917 3159 1028 3227 perter-

51 3233 193 3309 ritiGalli
212 3255 251 3297 ne
273 3236 311 3295 ab
327 3235 1026 3315 equitatuRomanorumviaepraeoccuparen-

50 3324 108 3392 tur,
123 3323 254 3383 consilio
272 3321 460 3381 destiterunt.

132 3406 256 3471 xxvtt.
279 3404 408 3468 Postero
431 3405 616 3469 diocaeses
636 3413 781 3489 promota
800 3406 881 3475 turri
892 3407 1035 3475 duecte-
