2272 4176
10 39 115 135 W
346 154 503 221 BELLUM
523 155 701 219 malcas.
950 153 1013 217 369

117 312 210 375 XXX.
241 310 345 389 Scipio
363 311 481 374 interim
503 311 568 370 fere
589 310 700 372 cotidie
721 327 782 372 non
805 313 896 387 longe
912 329 930 373 a
944 312 1010 374 suis

30 398 160 474 eastris,
185 397 332 474 passibus
354 413 419 469 ccc,
444 396 596 455 instruere
616 396 713 456 aciem
731 412 768 456 ac
788 397 904 457 maiore
924 406 1010 473 parte

31 484 94 547 diei
113 488 300 557 consumpta
319 496 427 542 rursus
449 481 480 539 in
496 487 596 539 castra
611 496 646 540 se
660 479 807 556 recipere.
838 482 926 555 Quod
942 499 1007 546 cum

31 569 160 645 saepius
174 567 264 628 lieret
277 581 377 640 neque
392 581 430 624 ex
448 564 588 623 Caesaris
604 566 713 624 eastris
730 566 893 641 quisquam
907 568 1009 642 prodi-

30 660 77 715 ret
91 667 196 729 neque
210 650 339 727 propius
352 652 418 711 eius
430 649 537 723 copias
548 649 717 724 accederet,
734 652 881 725 despecta
893 651 1008 726 patien-

29 741 73 800 tia
88 736 232 799 caesaris
247 737 462 810 exercitusque
478 732 553 807 eius,
569 734 720 794 universis
737 736 835 810 copiis
851 736 1009 811 productis

31 821 268 899 elephantisque
283 820 398 880 turritis
412 819 535 893 triginta
548 826 618 878 ante
633 821 729 879 aciem
744 821 900 880 instructis
917 837 1007 895 quam

30 908 181 969 latissime
196 905 294 981 potuit
308 910 450 979 porrecta
464 903 600 978 equitum
611 903 810 979 peditumque
821 906 1009 965 multitudine

30 1008 92 1054 uno
106 998 249 1066 tempore
264 1004 450 1065 progressus
466 987 548 1047 haud
563 988 605 1046 ita
617 989 709 1062 longe
720 989 887 1049 acaesaris
900 990 1008 1050 castris

31 1076 168 1139 constitit
181 1076 212 1135 in
228 1090 347 1149 campo.

115 1160 223 1221 XXXI.
254 1158 369 1231 Quibus
394 1158 487 1216 rebus
515 1156 643 1231 cognitis
665 1157 778 1217 Caesar
791 1158 875 1219 iubet
888 1158 1007 1233 milltes,

32 1247 84 1322 qui
98 1252 189 1306 extra
202 1243 384 1302 munitiones
406 1248 626 1317 processerant
647 1242 760 1317 quique
775 1243 941 1317 pabulandi
957 1253 1009 1303 aul

32 1330 167 1406 lignandi
184 1333 236 1388 aut
251 1328 339 1388 etiam
353 1326 508 1387 muniendi
522 1325 618 1400 gratia
628 1327 740 1385 vallum
752 1327 903 1401 petierant
916 1344 1007 1403 quae-

34 1430 93 1491 que
107 1414 150 1474 ad
168 1427 236 1472 eam
250 1427 315 1472 rem
330 1427 409 1488 opus
425 1419 524 1483 erant,
541 1426 647 1470 omnes
663 1406 741 1470 int'ra
755 1412 937 1472 munitiones
953 1412 1007 1472 mi-

31 1499 160 1560 nutatim
181 1497 382 1573 modesteque
401 1496 467 1556 sine
483 1497 608 1555 tumultu
623 1502 674 1554 aut
688 1503 805 1555 terrore
820 1512 854 1555 se
869 1497 1007 1572 recipere

32 1592 124 1660 atque
139 1583 170 1642 in
185 1597 280 1657 opere
295 1583 472 1643 consistere.
501 1579 663 1654 Equitibus
685 1586 799 1653 autem,
827 1582 879 1655 qui
900 1582 930 1640 in
945 1588 1006 1641 sta-

33 1670 115 1730 tione
130 1668 259 1741 tuerant
275 1667 440 1742 praecipit,
457 1672 600 1739 utusque
612 1681 649 1724 eo
664 1665 766 1724 locum
782 1665 960 1739 obtinerent,
976 1666 1006 1725 in

35 1770 96 1830 quo
112 1753 206 1828 paulo
222 1757 292 1811 ante
307 1750 530 1822 constitissent,
557 1749 657 1809 donec
672 1750 710 1808 ab
725 1749 815 1810 hoste
829 1752 921 1810 telum
935 1750 1003 1810 mis·

33 1855 102 1900 sum
116 1837 156 1896 ad
170 1851 205 1895 se
215 1837 404 1912 perveniret;
421 1834 542 1909 quodsi
554 1835 682 1909 propius
694 1836 898 1908 accederetur,
916 1850 1005 1909 quam

34 1921 251 1984 honestissime
266 1935 301 1980 se
314 1921 392 1980 intra
406 1920 588 1980 munitiones
603 1920 783 1993 reciperent.
805 1920 865 1979 Alii
882 1936 1005 1995 quoque

34 2006 182 2083 equitatui
196 2004 294 2079 edicit,
310 2007 352 2066 uti
367 2021 423 2065 suo
441 2004 573 2079 quisque
588 2006 656 2064 loco
672 2010 796 2079 paratus
812 2012 1005 2080 armatusque

36 2097 159 2167 praesto
177 2095 268 2148 esset.
296 2091 338 2149 At
352 2090 428 2149 haec
443 2106 503 2149 non
519 2089 588 2163 lpse
603 2105 658 2164 per
679 2104 713 2148 se
735 2105 852 2162 coram,
879 2104 947 2149 eum
968 2091 1005 2150 de

35 2178 114 2237 vallo
130 2176 414 2249 prospecularetur,
439 2175 496 2234 sed
517 2170 646 2233 mirabili
668 2174 783 2249 peritus
805 2175 1005 2234 scientiabel-

35 2261 117 2321 landi
133 2260 164 2318 in
180 2258 331 2334 praetorio
348 2259 460 2318 sedens
477 2274 531 2333 per
546 2259 757 2332 speculatores
772 2264 802 2317 et
818 2260 939 2319 nuntios
954 2261 1005 2317 im·

35 2345 172 2421 perabat,
188 2358 267 2419 quae
281 2343 348 2403 lieri
361 2343 492 2402 volebat.
514 2343 783 2403 Animadvertebat
797 2345 885 2417 enim,
903 2360 1008 2418 quam-

37 2445 128 2507 quam
142 2429 262 2502 magnis
277 2433 382 2488 essent
397 2428 492 2501 copiis
509 2427 676 2487 adversarii
691 2428 774 2501 ireti,
797 2434 897 2487 tamen
913 2443 1008 2503 saepe

34 2523 102 2574 ase
116 2513 244 2588 iugatis
271 2513 368 2589 pulsis
385 2512 616 2587 perterritisque
631 2518 661 2570 et
677 2527 857 2571 concessam
873 2513 963 2572 vitam
979 2521 1009 2572 et

36 2600 139 2674 ignota
153 2603 298 2672 peccata;
316 2597 426 2671 quibus
448 2597 540 2656 rebus
556 2612 720 2670 numquam
735 2604 818 2655 tanta
832 2604 1009 2671 suppeteret

35 2698 72 2742 ex
86 2684 228 2758 ipsorum
240 2681 347 2741 inertia
359 2681 608 2754 conscientiaque
621 2681 711 2739 animi
726 2681 872 2740 victoriae
888 2681 1008 2753 fiducia,

35 2776 65 2829 ut
86 2773 190 2828 castra
210 2781 268 2825 sua
287 2766 398 2826 adoriri
421 2764 575 2825 auderent.
604 2763 765 2824 Praeterea
784 2765 882 2839 ipsius
898 2780 1008 2824 nornen

35 2852 263 2925 auctoritasque
283 2865 393 2925 magna
414 2866 452 2908 ex
467 2855 553 2924 parte
568 2864 674 2908 eorum
691 2850 842 2908 exercitus
857 2849 1010 2909 minuebat

33 2936 204 2998 audaciam.
220 2936 294 2994 Tum
308 2935 449 3009 egregiae
460 2933 643 2992 munitiones
656 2941 824 3003 castrorum
836 2940 927 3007 atque
939 2934 1009 2993 valli

33 3023 253 3095 fossarumque
268 3020 393 3078 altitudo
409 3026 439 3077 et
454 3025 540 3076 extra
553 3019 665 3076 vallum
677 3018 736 3078 stili
749 3019 832 3076 caeci
844 3018 1008 3076 mirabilem

34 3106 63 3167 in
77 3106 205 3168 modum
227 3104 335 3163 consiti
358 3104 407 3161 vel
423 3104 490 3162 sine
505 3102 719 3162 defensoribus
736 3100 848 3160 aditum
865 3102 1008 3161 aduersa

32 3192 85 3252 riis
101 3187 322 3266 prohibebant:
352 3189 565 3262 scorpionum,
591 3185 810 3259 catapultarum
826 3194 1008 3244 ceterorum·

12 3332 19 3347 ,
33 3293 94 3353 que
105 3277 246 3346 telorum,
260 3287 339 3347 quae
351 3273 389 3332 ad
403 3271 628 3330 defendendum
640 3271 740 3329 solent
750 3270 860 3344 parari,
870 3285 1008 3344 magnam

33 3362 155 3439 copiam
168 3356 311 3417 habebat.
340 3358 442 3432 Atque
457 3356 533 3415 haec
549 3361 675 3430 propter
690 3352 842 3413 exercitus
858 3355 905 3415 sui
920 3372 1008 3431 prae-

32 3446 130 3508 sentis
145 3441 332 3520 paucitatem
352 3450 383 3502 et
403 3442 571 3502 tirocinium
593 3444 848 3517 praeparaverat,
873 3457 935 3502 non
955 3441 1007 3503 bo·

75 3548 101 3592 c.
117 3542 218 3590 ruuus
234 3541 361 3584 ceasia.
782 3542 823 3601 qq
