2272 4176
91 40 157 53 ιι--Γι
190 44 196 53 .,

38 39 127 129 κῃ..

46 106 50 113 Ι
98 88 103 93 .

51 126 59 133 ι.

90 212 99 219 ι-

476 209 591 271 LIBER
612 211 664 270 IV.
1022 208 1062 271 75

80 362 156 440 riui,
180 378 262 440 quos
279 360 395 423 caesar
408 362 439 423 in
452 361 639 425 Britanniam
654 365 855 440 proficiscens
870 371 998 442 pacatos
1013 382 1062 426 re-

81 450 232 525 liquerat,
258 462 318 523 spe
332 448 466 522 praedae
481 448 604 508 adducti
619 450 718 524 prImo
733 466 795 510 non
810 451 851 510 ita
864 467 975 525 magno
991 467 1063 515 suo-

82 550 148 595 rum
162 548 297 594 numero
314 531 579 592 circumsteterunt
594 550 639 607 ao,
667 535 693 593 si
710 550 781 594 sese
795 533 923 594 interlici
939 538 1062 611 nollent,

82 635 169 679 arma
183 631 304 694 ponere
318 616 482 676 iusserunt.
514 614 587 677 Cum
608 617 650 676 illi
673 618 747 678 orbe
769 619 849 678 lacto
872 635 943 678 sese
958 620 1061 679 delen-

83 704 201 776 derent,
218 699 360 762 celeriter
376 700 416 758 ad
431 702 594 760 clamorem
608 699 765 763 hominum
781 703 899 763 circiter
913 704 995 762 milia
1006 719 1061 763 sex

84 792 307 848 convenerunt.
338 784 404 857 Qua
425 798 460 842 re
480 785 618 861 nuntiata
633 785 747 847 Caesar
763 803 883 846 omnem
898 804 937 846 ex
953 788 1062 847 castris

84 872 254 948 equitatum
269 869 335 930 suis
352 868 464 928 auxilio
480 868 568 929 misit.
594 870 716 929 Interim
731 872 827 931 nostri
842 872 951 931 milites
966 872 1060 945 impe-

86 963 145 1017 turn
170 955 308 1017 hostium
330 952 543 1013 sustinuerunt
559 959 651 1026 atque
673 955 801 1029 amplius
816 955 900 1014 horis
918 963 1061 1030 quattuor

85 1041 252 1100 lortissime
265 1043 481 1113 pugnaverunt
492 1045 522 1097 et
532 1037 640 1111 paucis
652 1040 828 1099 vulneribus
841 1040 976 1114 acceptis
989 1054 1060 1098 con·
1120 1102 1124 1107 ,

38 1134 49 1199 ;
85 1126 189 1199 plures
215 1139 257 1183 ex
281 1121 330 1181 his
357 1121 542 1181 occiderunt.
571 1120 684 1181 Postea
701 1138 776 1183 vero
800 1139 891 1197 quam
907 1123 1060 1197 equitatus
1096 1119 1100 1127 '

85 1215 189 1269 noster
204 1208 238 1266 in
254 1213 456 1281 conspectum
470 1205 567 1278 venit,
593 1205 699 1265 hostes
721 1207 846 1267 abiectis
869 1208 961 1267 armis
975 1212 1060 1281 terga

38 1336 40 1341 -
85 1299 240 1353 verterunt
253 1304 447 1364 magnusque
461 1304 567 1349 eorum
582 1306 726 1350 numerus
741 1300 789 1351 est
803 1292 934 1352 occisus.

38 1372 41 1383 “
163 1375 330 1437 XXXVIII.
354 1372 467 1433 Caesar
488 1380 613 1448 postero
636 1375 685 1432 die
699 1376 731 1433 T.
747 1375 913 1435 Labienum
927 1377 1056 1449 legatum

38 1510 40 1517 .
84 1477 150 1521 curn
164 1460 203 1520 iis
219 1458 403 1533 legionibus,
421 1473 497 1530 quas
513 1472 552 1516 ex
565 1456 721 1517 Britannia
734 1460 907 1533 reduxerat,
924 1459 953 1517 in
968 1458 1055 1518 Mori·

84 1561 155 1619 nos,
184 1542 452 1618 quirebellionem
473 1541 623 1614 fecerant,
649 1542 738 1602 misit.
780 1543 835 1616 Qui
851 1559 919 1603 cum
934 1550 1059 1619 propter

38 1622 40 1629 '
83 1629 239 1690 siccitates
254 1626 410 1703 paludum,
427 1641 487 1698 quo
503 1640 538 1684 se
551 1625 731 1701 reciperent,
748 1641 809 1685 non
824 1626 980 1701 haberent,
998 1643 1057 1700 quo

38 1780 40 1785 ,
84 1712 246 1788 superiore
263 1726 344 1770 anno
359 1708 499 1783 perfugio
514 1708 635 1768 lucrant
648 1709 707 1783 usi,
725 1727 832 1770 onmes
848 1713 913 1769 lere
927 1712 958 1769 in
972 1719 1056 1785 pote-

83 1804 192 1857 statem
212 1794 340 1854 Labieni
362 1799 576 1867 pervenerunt.
614 1793 655 1852 At
676 1792 709 1866 Q.
725 1794 856 1854 Titurius
880 1801 909 1852 et
922 1794 955 1852 L.
973 1793 1055 1855 Cotta

83 1881 182 1954 legati,
199 1879 254 1953 qui
268 1877 300 1937 in
314 1875 526 1950 Menapiorum
539 1875 619 1934 ilnes
635 1877 773 1950 legiones
789 1877 946 1951 duxerant,
963 1879 1054 1937 omni-

84 1963 138 2024 bus
154 1978 263 2023 eorum
279 1962 361 2035 agris
377 1961 512 2032 vastatis,
528 1959 685 2019 frumentis
698 1962 837 2034 succisis
854 1961 1001 2020 aedificiis
1012 1963 1052 2020 in-

86 2048 194 2122 censis,
213 2046 296 2121 quod
308 2044 443 2117 Menapii
460 2058 494 2101 se
510 2058 615 2102 omnes
632 2044 661 2101 in
678 2044 878 2106 densissimas
894 2045 988 2105 silvas
1005 2047 1052 2104 ab·

83 2132 240 2205 diderant,
266 2144 302 2189 se
324 2128 364 2187 ad
380 2128 541 2186 Caesarem
562 2136 753 2200 receperunt.
784 2129 895 2187 Caesar
910 2129 939 2186 ln
954 2130 1054 2202 Belgis

83 2216 217 2275 omnium
231 2213 387 2287 legionum
400 2211 527 2269 hiberna
542 2211 704 2269 constituit.
719 2212 764 2271 Eo
781 2215 859 2272 duae
877 2214 999 2273 omnino
1016 2213 1054 2271 ci-

83 2300 192 2358 vitates
208 2313 247 2357 ex
261 2295 421 2356 Britannia
436 2294 562 2354 obsides
577 2294 732 2369 miserunt,
760 2298 896 2371 reliquae
912 2298 1061 2371 neglexe.

81 2390 159 2442 murt.
190 2382 245 2441 His
259 2381 355 2440 rebus
371 2378 466 2453 gestis
482 2392 521 2435 ex
542 2377 648 2437 litteris
665 2379 805 2440 Caesaris
821 2381 937 2444 dlerum
950 2379 1055 2454 viginti

80 2466 262 2542 supplicatio
278 2480 297 2524 a
311 2470 423 2524 senatu
437 2463 560 2521 decreta
574 2468 629 2519 est.
691 2535 697 2545 .

450 2741 613 2802 eliasu
646 2742 681 2802 v.

340 2877 789 2961 Anoomanrum.
848 2863 862 2905 '-

105 2999 195 3049 Caesar
211 3010 332 3062 magnam
351 2993 457 3044 classem
476 2996 559 3058 parari
576 2997 602 3045 in
621 2994 701 3044 Gallia
719 2995 802 3051 iubct3
826 2995 881 3058 ipse
898 2993 1010 3042 Pirustas
1029 2995 1057 3043 iu

134 3067 230 3133 Illyrico
249 3068 349 3115 coercet
366 3079 386 3112 c.
400 3064 423 3114 l.
452 3064 512 3112 Inde
530 3064 555 3112 iu
575 3063 680 3114 Galliam
698 3077 814 3112 reversus
833 3063 977 3125 compositis
996 3063 1054 3112 Tre·

135 3151 250 3186 verorum
267 3134 349 3183 turbis
370 3140 393 3181 et
409 3131 563 3198 Dumnorige
581 3135 686 3182 coercito
707 3148 728 3182 o.
748 3127 837 3180 2-7.
866 3131 955 3178 iterum
973 3133 1054 3181 traicit

133 3207 159 3254 iu
174 3205 329 3254 Britanniam
348 3218 369 3250 c.
386 3197 499 3262 8·-II.,
526 3217 590 3264 quae
609 3196 942 3267 descrIbituro.12-14.,
969 3201 1054 3263 ibique

57 3280 61 3287 ’
134 3273 197 3323 bella
216 3288 273 3322 cunr
292 3269 417 3320 insulanis
435 3271 499 3333 gerit
517 3270 624 3320 leliciter
647 3287 668 3319 c.
692 3267 820 3319 15-22.
859 3266 919 3316 Post
945 3270 1053 3318 retlitum
1131 3298 1133 3303 ·

136 3342 244 3407 plerique
262 3341 383 3391 deliciunt
401 3338 480 3398 Galli,
500 3347 523 3388 et
540 3341 670 3389 Eburones
689 3337 809 3386 Sabinum
827 3344 852 3384 et
871 3335 968 3387 Cottam
987 3354 1052 3402 ega·

136 3418 173 3460 tos
191 3426 246 3462 cnm
264 3410 368 3476 legione
387 3409 493 3458 caedunt
520 3421 540 3457 o.
562 3405 709 3465 23-37.;
735 3405 820 3455 Nervii
840 3421 897 3454 curn
914 3406 1052 3456 Aduatucis

138 3486 206 3545 atque
220 3479 382 3531 Ebruonibua
400 3477 429 3543 Q,
450 3475 575 3529 Ciceronis
586 3486 667 3535 costra
678 3477 790 3553 graviter·
800 3484 953 3547 oppugnant
961 3472 1066 3527 abb-
