2272 4176
379 105 537 168 BELLUM
557 105 734 169 arnicas.
978 105 1040 170 391
1102 114 1108 124 '

67 260 108 323 ab
128 258 196 323 suis
218 259 326 320 castris
347 260 428 320 milia
441 278 589 336 passuum
605 264 739 338 quinque
753 277 772 320 a
786 260 939 337 Scipionis
955 261 1041 323 circi·

67 352 114 409 ter
128 346 225 407 duum
239 346 352 406 milium
367 347 525 408 interiecto
541 349 640 424 spatio
656 350 685 407 in
702 349 767 407 acie
783 348 924 407 constitit.
953 346 1040 409 Post·

67 447 160 507 quam
176 431 252 491 satis
274 431 388 506 diuque
410 433 605 493 adversarios
621 433 659 493 ab
675 449 710 493 se
724 433 763 490 ad
779 431 983 492 dimicandum
996 434 1041 492 in·

67 516 181 577 vitatos
196 516 401 591 supersedere
415 532 538 591 pugnae
553 516 778 591 animadvertit,
799 517 919 577 reducit
933 518 1040 592 copias

65 608 258 677 posteroque
280 601 328 660 die
350 608 451 660 castra
472 610 574 662 movet
594 609 685 677 atquc
707 602 745 661 ad
767 602 916 676 oppidum
931 601 1039 663 Sarsu-

65 702 140 760 ram,
157 685 210 746 ubi
225 684 327 760 Scipio
342 685 538 746 Numidarum
550 687 697 747 habuerat
708 686 893 762 praesidium
910 688 1040 746 frumen-

66 778 194 844 tumque
209 777 460 844 comportavcral,
476 772 519 830 irc
534 773 696 832 contendit
721 771 808 844 Quod
823 771 873 830 ubi
887 771 1039 832 Labienus

64 854 293 928 animadvertit,
311 870 378 914 cum
393 856 529 930 equitatu
544 857 664 931 levique
680 863 831 915 armatura
848 871 956 930 agmen
973 857 1040 917 eius

65 939 237 1009 extremum
253 954 380 1014 carpere
402 942 504 1014 coepit
519 948 610 1016 atque
625 943 665 1000 ita
679 942 809 999 lixarum
823 948 1038 1001 mercatorum-

66 1040 143 1100 que,
171 1025 223 1100 qui
238 1025 363 1098 plostris
378 1040 496 1084 merces
517 1026 692 1100 portabant,
720 1025 895 1100 interceptis
911 1026 1039 1087 sarcinis

65 1109 171 1169 addito
192 1111 293 1170 animo
315 1096 442 1184 propius
464 1111 673 1185 audaciusque
694 1110 811 1169 accedit
831 1110 870 1168 ad
892 1111 1038 1187 legiones,

65 1194 151 1268 quod
173 1193 365 1254 existimabat
385 1195 493 1253 milites
510 1196 567 1255 sub
583 1210 675 1255 onere
687 1210 723 1253 ac
739 1194 795 1253 sub
811 1195 939 1255 sarcinis
955 1198 1038 1256 dela-

65 1280 177 1353 tigatos
193 1294 331 1354 pugnare
346 1296 405 1338 non
422 1295 527 1359 posse.
544 1279 628 1352 Quae
642 1295 692 1338 res
706 1279 867 1338 Caesarem
880 1296 939 1339 non
954 1282 1034 1340 telel-

65 1365 160 1423 lerata
186 1378 319 1439 namque
340 1364 501 1437 expeditos
523 1379 561 1423 ex
578 1365 704 1439 singulis
720 1364 889 1438 legionibus
906 1365 1037 1426 tricenos

63 1448 177 1509 milites
200 1463 271 1507 esse
291 1448 431 1507 iusserat.
459 1449 564 1523 Itaque
590 1464 644 1508 eos
672 1449 701 1506 in
727 1449 892 1522 equitatum
913 1449 1037 1510 Labieni

63 1534 214 1593 inmissos
236 1533 342 1592 turmis
358 1549 482 1593 suornm
499 1533 658 1608 suppetias
674 1533 769 1592 mittit.
798 1534 871 1592 Tum
885 1534 1036 1597 Labienus
1093 1598 1096 1605 ,

64 1618 228 1678 conversis
251 1617 338 1692 equis
360 1617 515 1691 signorum
537 1624 706 1692 conspectu
727 1618 904 1691 perterritus
926 1621 1036 1694 turpis-

64 1703 142 1761 sime
164 1703 270 1775 iugere
293 1702 455 1761 contendit.
483 1701 584 1760 Multis
607 1703 671 1761 eius
688 1703 810 1775 occisis,
827 1704 1034 1778 compluribus

63 1787 232 1846 vulneratis
253 1786 361 1845 militcs
377 1787 534 1859 legionarii
551 1787 589 1844 ad
605 1803 662 1845 sua
677 1802 712 1846 sc
726 1787 875 1861 recipiunt
890 1789 978 1863 signa
993 1797 1033 1850 at-

64 1887 125 1946 quc
152 1871 208 1929 iter
233 1870 385 1945 inceptum
411 1870 455 1929 ire
482 1876 656 1945 coeperunt.
682 1871 835 1930 Labienus
857 1888 912 1946 per
934 1874 1034 1947 iugum

64 1971 216 2015 summum
233 1955 319 2015 collis
335 1955 513 2016 dextrorsus
535 1956 640 2029 procul
663 1955 810 2029 subsequi
832 1973 892 2017 non
908 1959 1034 2019 desistit

151 2038 281 2098 LXXVl.
315 2038 479 2114 Postquam
506 2040 617 2098 Caesam
641 2041 680 2098 ad
706 2041 851 2113 oppidum
876 2041 1033 2104 Sassuram

64 2123 161 2196 venit,
176 2124 417 2198 inspectantibus
432 2125 616 2183 adversariis
631 2125 788 2208 iqterlecto
803 2127 957 2199 praesidio
971 2127 1035 2187 Sci·

64 2210 175 2284 pionis,
193 2224 261 2268 cum
276 2208 340 2268 suis
355 2208 498 2268 auxilium
514 2210 593 2266 serre
609 2225 667 2267 non
684 2209 840 2283 auderent,
857 2212 972 2270 sortiter
987 2228 1035 2270 re-

63 2300 218 2369 pugnante
232 2292 262 2350 P.
277 2292 425 2365 Cornelio,
441 2300 568 2353 evocato
586 2291 746 2367 Scipionis
764 2295 814 2370 qui
830 2296 869 2353 ibi
885 2303 1032 2370 praeerat,

62 2385 157 2452 atque
184 2393 202 2436 a
227 2377 415 2435 multitudine
441 2378 645 2437 circumvento
672 2377 891 2453 interiectaque
917 2381 1033 2453 oppido

60 2463 178 2538 potitur
200 2467 289 2534 atque
310 2461 350 2520 ibi
371 2462 520 2522 frumento
537 2462 683 2520 exercitui
698 2462 768 2520 dato
785 2469 910 2536 postero
928 2464 1033 2524 dicad

61 2546 211 2621 oppidum
235 2544 400 2611 Thisdram,
414 2547 568 2619 pern-'enim
595 2547 625 2604 in
652 2561 712 2620 quo
740 2546 900 2606 Considius
927 2549 1033 2621 perid

62 2637 185 2704 tempus
207 2630 305 2687 suerat
319 2644 386 2688 cum
401 2631 507 2703 grandi
523 2631 678 2704 pracsidio
697 2630 882 2706 cohortequu
898 2649 955 2693 sua
969 2635 1032 2707 gla-

60 2715 223 2774 diatorum.
254 2713 365 2773 Caesar
386 2715 492 2788 oppidi
513 2722 620 2774 natura
634 2723 797 2789 perspecta
812 2732 911 2792 aquae
926 2717 1031 2791 inopia

59 2798 98 2858 ab
114 2798 345 2872 oppugnatione
361 2799 426 2857 eius
443 2799 603 2857 deterritus
619 2801 758 2874 protinus
774 2804 930 2875 proiectus
946 2802 1031 2860 circi-

58 2890 106 2943 ter
120 2883 203 2941 milia
218 2898 367 2955 passuum
382 2890 521 2956 quattuor
542 2882 581 2940 ad
601 2898 710 2957 aquam
732 2886 803 2944 lacit
823 2894 923 2944 castra
940 2891 1031 2960 atque

57 2967 131 3026 inde
147 2966 196 3025 die
212 2973 319 3039 quarto
336 2982 479 3041 egressus
497 2966 576 3025 redit
586 2983 693 3027 rursus
709 2970 747 3028 ad
763 2985 800 3028 ea
815 2977 928 3040 castra,
952 2985 1031 3044 quae

55 3051 97 3111 ad
104 3051 211 3125 Aggar
225 3051 381 3110 habuerat.
396 3050 480 3109 idem
494 3049 675 3126 lacitScipio
691 3059 781 3128 atque
796 3055 827 3113 in
842 3054 967 3129 antiqua
981 3070 1029 3115 ca-

57 3143 123 3196 stra
138 3134 245 3208 copias
257 3135 388 3196 reducit.

20 3278 27 3293 ,
141 3218 286 3278 LXXVII.
309 3219 523 3278 Thebenenses
545 3216 679 3294 interim,
707 3219 758 3295 qui
779 3221 836 3280 sub
859 3220 979 3281 dicione
999 3230 1030 3285 et

53 3310 210 3381 potestate
225 3303 316 3363 lubae
331 3319 401 3362 esse
423 3311 640 3377 consuessent,
666 3304 696 3362 in
712 3312 846 3365 extrema
861 3305 927 3366 eius
943 3307 1028 3383 regni

53 3389 185 3466 regione
198 3387 356 3451 marituma
366 3388 456 3451 locati
470 3388 626 3451 interiecto
641 3389 725 3467 regio
740 3391 894 3467 praesidio
911 3392 1033 3469 legatos
