2272 4176
233 156 277 197 nn
299 156 404 199 nunno
426 157 629 201 rvovnrmno
654 159 682 201 o.
705 150 749 206 95.
769 152 813 207 96.
835 150 880 207 97.
1008 143 1050 205 97

63 321 174 384 magno
189 304 319 383 equitatu
333 307 363 365 in
379 312 474 367 castra
490 308 575 376 venit,
591 325 665 387 qnos
681 309 723 368 uti
737 327 774 369 ex
789 309 871 370 Latio
888 317 947 372 eta
962 313 1051 372 sociis

10 434 23 469 ·.
63 394 187 467 cogeret·
209 388 321 450 Romae
342 389 462 451 relictus
482 397 554 450 erat.
598 392 650 453 Set
674 394 811 469 quoniam
827 412 881 453 nos
903 398 976 455 tanti
996 397 1078 461 viria

62 489 114 534 res
134 472 301 542 admonuit,
325 473 464 534 idoneum
483 476 576 535 visum
594 483 638 535 est
652 475 689 536 de
703 482 808 537 natura
827 477 966 557 cultuque
987 482 1051 541 eius

10 594 12 599 ·
62 558 168 635 paucis
182 556 296 618 dicere:
315 574 412 637 neque
428 559 505 618 enim
520 557 577 619 alio
592 558 657 620 loeo
674 559 711 619 de
727 558 824 621 Sullae
838 561 929 623 rebus
944 563 1052 623 dicturi

10 678 21 723 ¹·
41 658 184 710 esumuS,
208 648 237 701 et
256 640 288 701 L.
314 641 453 710 Sisenna,
476 648 595 718 optume
617 650 646 702 et
667 642 896 721 diligentissume
918 649 1050 707 omnium

10 732 18 791 ζ
61 726 113 803 qui
130 742 165 785 ea
179 742 228 785 res
243 725 344 786 dixere
363 731 555 802 persecutus,
574 743 681 804 parurn
701 727 772 787 mibi
786 727 880 790 libero
899 747 951 790 ore
968 730 1050 791 locu·

10 822 17 829 ·
59 813 110 869 tus
127 808 253 869 ridetur.

148 891 240 970 Igitur
265 891 344 954 Sulla
364 893 459 968 gentis
475 893 614 970 patriciae
635 893 741 954 nobilis
758 894 813 956 tuit
831 895 938 955 familia
955 912 1078 975 propes

58 978 122 1037 iam
145 977 270 1037 extincta
292 976 438 1037 maiorum
459 978 590 1052 ignaria,
618 976 720 1038 litteris
742 980 862 1040 Graecis
884 986 971 1057 atque
993 981 1048 1042 La-

20 1061 131 1125 rotinis
145 1060 225 1120 iuxta
239 1066 326 1139 atque
341 1059 518 1120 doctissume
534 1060 675 1129 eruditus,
701 1063 798 1121 animo
820 1064 944 1139 ingenti:
966 1067 1049 1143 cupi·

10 1146 18 1155 ''
57 1145 118 1206 dus
137 1142 336 1220 voluptatum,
365 1149 410 1205 set
430 1142 540 1217 gloriae
563 1144 704 1223 cupidior,
724 1147 782 1205 otio
801 1145 950 1208 luxurioso
973 1166 1046 1219 esse,

55 1226 216 1290 tamenab
237 1228 360 1304 negotiis
383 1244 544 1306 numquam
559 1227 690 1306 voluptas
705 1237 867 1299 remorata,
891 1234 945 1292 nisi
969 1233 1047 1311 quod

57 1312 100 1375 de
127 1328 219 1372 uxore
245 1313 340 1389 potuit
366 1311 518 1372 honestius
546 1312 676 1373 consuli:
700 1312 844 1374 facundus
870 1314 990 1377 callidus
1019 1324 1049 1376 et

58 1395 190 1457 amicitia
203 1395 309 1464 facilis,
333 1395 369 1455 ad
387 1395 548 1456 simulanda
565 1412 603 1456 oe
618 1397 835 1457 dissimulando
850 1402 965 1475 negotia
983 1400 1047 1461 alti·

10 1496 48 1543 aa
57 1478 136 1539 tudo
147 1480 245 1557 ingeni
258 1477 450 1541 incredibilis:
468 1478 627 1539 multarum
640 1497 743 1540 rerum
758 1498 792 1541 ao
806 1500 942 1542 maxume
956 1501 1047 1559 pecu·

59 1563 131 1623 niae
147 1562 276 1641 largitor.
312 1563 407 1642 Atque
422 1561 477 1631 illi,
496 1562 673 1624 felicissumo
689 1565 820 1624 omnium
843 1572 908 1625 ante
932 1567 1074 1632 civilem4

37 1644 227 1715 uictoriam,
247 1664 408 1727 numquam
427 1664 518 1724 super
538 1646 709 1708 industriam
724 1646 842 1708 fortuna
861 1648 926 1717 luit,
948 1648 1045 1710 multi-

58 1748 122 1809 que
142 1729 311 1793 dubitavere
332 1732 436 1792 lortior
454 1749 491 1790 an
512 1729 625 1792 felicior
642 1737 733 1791 esset:
755 1750 824 1792 nam
847 1739 948 1809 postea
971 1751 1045 1811 quae

20 1870 24 1875 .
57 1814 175 1879 fecerit.
196 1816 340 1889 incertum
361 1814 466 1885 habeo,
488 1814 599 1892 pudeat
619 1833 657 1875 an
672 1816 771 1892 pigeat
784 1818 876 1896 magis
889 1817 1043 1880 disserere.

10 1914 48 1961 ιο
146 1898 238 1975 Igitur
258 1899 354 1969 Sulla,
375 1901 418 1960 uti
439 1915 528 1976 supra
547 1898 732 1968 dictumest,
751 1907 907 1982 postquam
923 1904 953 1961 in
967 1902 1042 1963 Alci·
1055 1912 1097 1976 96

56 1988 227 2063 canatque
243 1984 273 2044 in
296 1990 390 2045 castra
410 1984 484 2044 Mari
507 2000 574 2043 cum
597 1983 726 2061 equitatu
741 1986 833 2054 venit,
855 1986 937 2046 rudis
959 1992 1045 2047 antea

56 2072 90 2129 et
106 2068 228 2143 ignarus
241 2067 319 2137 belli,
336 2068 564 2129 sollertissumus
583 2068 714 2127 omnium
728 2069 759 2127 in
773 2071 874 2146 paucis
888 2076 1044 2148 tempesta-

54 2150 140 2211 tibus
157 2150 251 2212 lactus
265 2159 318 2213 est.
356 2152 400 2213 lld
419 2150 477 2212 hoc
491 2150 596 2211 milites
617 2149 744 2228 benigne
761 2152 923 2230 adpellare:
946 2155 1069 2220 multis2

55 2234 248 2313 rogantibus,
261 2235 324 2297 aliis
335 2254 390 2314 per
404 2253 436 2296 se
456 2237 518 2313 ipse
534 2235 605 2295 darc
618 2233 766 2304 benificia,
782 2236 888 2297 invitus
899 2240 1043 2314 accipere,

10 2325 105 2393 ¹asset
132 2335 167 2379 ea
188 2322 395 2398 properantius
419 2338 507 2399 quam
529 2336 578 2379 aas
600 2323 735 2379 mutuum
756 2320 898 2387 reddere,
922 2323 985 2398 ipse
1006 2319 1043 2381 ab

55 2400 142 2464 nullo
166 2410 320 2480 repetere,
351 2406 444 2482 magis
465 2403 495 2463 id
513 2402 664 2471 laborare,
692 2408 725 2462 ut
746 2403 787 2463 illi
808 2422 895 2483 quam
914 2403 1045 2482 plurumi

55 2484 218 2549 deberent:
237 2488 302 2549 ioca
322 2495 411 2568 atquc
432 2488 507 2548 seria
530 2504 598 2547 cum
618 2484 798 2546 humillumis
820 2503 929 2563 agere:
948 2489 977 2546 in
993 2498 1069 2564 aga

54 2571 139 2631 mine
160 2576 247 2649 atque
263 2573 300 2633 ad
317 2572 426 2651 vigilias
440 2569 550 2632 multus
564 2570 676 2639 adesse,
698 2587 794 2649 neque
816 2571 943 2640 interim,
964 2572 1044 2649 quod

55 2670 152 2732 prava
173 2655 292 2717 ambitio
313 2657 403 2725 solet,
431 2654 559 2717 consulis
580 2658 631 2715 aut
652 2653 824 2733 cuiusquam
844 2654 915 2715 boni
935 2656 1044 2716 lamam

13 2736 192 2801 nolaedere:
215 2746 328 2802 tantum
345 2738 433 2801 modo
449 2757 545 2818 neque
561 2735 681 2799 oonsilio
695 2754 791 2816 neque
808 2756 898 2799 manu
912 2742 1044 2816 priorem

56 2819 148 2883 alium
167 2825 236 2900 pati,
251 2824 408 2904 plerosque
423 2823 600 2885 antevenire.
644 2820 757 2893 Quibus
776 2821 868 2882 rebus
888 2828 917 2883 et
931 2820 1070 2883 artibus4

56 2902 141 2967 brevi
158 2905 250 2969 llario
272 2908 470 2989 militibusque
486 2908 664 2968 carissumus
683 2905 790 2966 factus.¹

142 2990 179 3051 tt
193 2990 346 3069 Iugurtha,
360 2998 516 3073 postquam
528 2989 667 3068 oppidum
680 2986 803 3066 Capsam
817 2989 946 3069 aliosque
962 2989 1043 3051 locos
1053 2988 1095 3051 97

10 3090 25 3147 j·
56 3074 186 3135 munitos
201 3082 231 3136 et
252 3076 308 3137 sibi
328 3076 405 3140 utilis
420 3076 506 3138 simul
523 3082 552 3136 et
571 3090 708 3150 magnam
725 3075 879 3149 pecuniam
896 3076 1042 3145 amiserat,

10 3168 47 3237 2⁸⁵
56 3156 95 3217 ad
110 3154 262 3222 Bocchum
275 3163 394 3222 nuntios
408 3162 503 3229 mittit,
520 3176 609 3237 quam
625 3157 754 3236 primum
769 3157 799 3217 in
810 3156 976 3218 Numidiam
992 3176 1043 3218 co·

55 3240 121 3319 pias
136 3242 309 3305 adduceret:
330 3245 424 3323 proeli
439 3243 568 3306 faciundi
587 3248 704 3318 tempus
718 3239 830 3302 adesse.
875 3241 969 3313 Quem
989 3240 1069 3303 ubit

10 3335 23 3410 ᾗ,
56 3328 191 3387 unuani
213 3330 326 3407 accepit
345 3333 374 3390 et
396 3327 517 3390 dubium
532 3325 601 3387 belli
624 3331 711 3403 atque
732 3326 814 3402 pacis
835 3327 962 3387 rationes
980 3332 1041 3387 tra·

54 3404 146 3481 bere,
169 3427 290 3484 rursus,
311 3414 354 3475 uti
374 3419 473 3482 antea,
494 3425 656 3492 proxumos
673 3406 766 3489 [eius]
787 3408 871 3493 donis
893 3411 1040 3488 conrupit,

10 3498 45 3636 ξ·
126 3506 264 3563 hanan.
867 3514 897 3579 'i
