2272 4176
382 264 387 275 Ι
496 174 612 237 LIBER
632 178 654 235 1.
999 175 1061 241 tol

81 328 174 406 peius
199 327 305 403 pridie
321 326 388 389 eius
403 327 462 387 diei
477 343 516 387 ex
538 328 612 388 urbe
627 330 784 403 proiectus
799 329 855 388 iter
870 329 908 386 ad
922 328 1060 403 legiones

82 413 234 488 habebat,
261 428 340 489 quas
357 428 375 472 a
389 411 519 473 Caesare
533 420 678 488 acceptas
693 413 724 473 in
738 412 851 487 Apulia
865 412 1061 477 hibernorum

82 512 181 560 causa
195 497 405 573 disposuerat.
435 497 578 559 Deiectus
595 498 676 558 circa
689 498 796 558 urbem
811 497 1059 559 intermittuntur:

83 582 156 643 nihil
174 581 252 643 citra
271 583 404 658 Capuam
418 589 514 642 tutum
529 597 602 642 esse
617 583 756 643 omnibus
772 582 901 642 videtur.
939 583 1060 658 Capuae

83 667 218 744 primum
233 683 306 728 sese
321 667 501 727 confirmant
516 673 546 727 et
567 668 711 741 eolligunt
748 667 961 740 delectumque
977 670 1058 727 colo·

37 797 40 807 .
83 769 211 826 uorum,
239 752 290 826 qui
304 753 371 826 lege
385 752 461 813 Iulia
476 751 609 826 Capuam
625 750 747 813 deducti
762 758 861 825 erant,
887 750 1002 811 habere
1016 752 1058 810 inv

83 838 229 906 stituunt3
244 836 502 912 gladiatoresque,
519 852 597 911 quos
612 836 653 894 ibi
662 836 774 896 Caesar
789 836 820 894 in
831 836 903 895 ludo
919 835 1059 910 habebat,

49 946 52 951 ·
83 922 122 983 ad
137 922 242 981 forum
262 921 411 983 deductos
425 921 571 981 Lentulus
593 935 650 995 spe
670 920 817 980 libertatis
841 919 1000 980 confirmat
1015 929 1058 981 at-

84 1022 144 1083 que
165 1005 216 1064 his
240 1021 337 1080 equos
360 1005 502 1066 adtribuit
515 1012 545 1064 et
565 1020 601 1064 se
618 1005 707 1079 sequi
723 1004 829 1075 iussit;
857 1021 934 1080 quos
949 1012 1060 1079 postea

83 1090 219 1151 monitus
234 1090 273 1149 ab
296 1090 375 1166 suis,
403 1091 485 1166 quod
501 1106 537 1150 ea
551 1106 602 1149 res
618 1089 750 1151 omnium
765 1090 877 1151 iudicio
893 1089 1058 1164 reprehen-

84 1176 230 1248 debattu‘,
246 1173 360 1236 circum
375 1175 503 1236 larnilias
520 1181 689 1236 conventus
703 1175 885 1250 Campaniae
901 1170 1058 1239 custodiae

84 1275 181 1320 causa
196 1258 369 1319 distribuit..

166 1344 235 1405 XV.
257 1344 390 1404 Aurdmo
406 1343 519 1404 Caesar
540 1360 726 1419 progressus
749 1360 869 1406 omnem
891 1361 996 1419 agrum
1010 1344 1055 1404 Pi-

84 1444 194 1490 cenum
209 1428 369 1503 perctarit.
400 1429 530 1489 Cunctae
552 1445 655 1490 earum
668 1430 827 1504 regionum
847 1430 1057 1504 praefecturae

83 1513 296 1574 libentissimis
329 1513 436 1572 animis
467 1529 537 1573 eum
561 1514 712 1588 recipiunt
736 1516 965 1589 exercitumque
990 1515 1055 1578 cius

83 1599 226 1659 omnibus
247 1598 341 1658 rebus
362 1597 474 1658 iuvant.
518 1598 616 1658 Etiam
639 1598 780 1673 Cingulo,
808 1600 890 1674 quod
911 1599 1056 1673 oppidum

84 1682 238 1743 Labienus
251 1682 450 1744 constituerat
461 1699 579 1758 suaque
594 1683 724 1759 pecunia
739 1684 1002 1756 exaedificaverat,
1018 1683 1056 1741 ad

84 1782 151 1828 etun
173 1767 268 1843 legati
288 1767 413 1828 veniunt
434 1783 575 1842 quaeque
596 1768 792 1841 imperaverit
807 1783 840 1827 se
857 1766 1055 1842 cupidissime

84 1853 220 1914 tacturos
245 1852 435 1927 pollicentur.
475 1852 585 1911 Milites
610 1852 753 1926 imperat=
783 1852 910 1911 mittunt.
939 1852 1057 1911 lnterea

84 1938 162 2012 legio
184 1953 233 1996 xu
250 1936 411 1997 Caesarem
434 1937 639 2011 consequitur.
672 1936 744 1995 Cmn
759 1936 806 1995 his
823 1937 942 1996 duabus
958 1939 1055 1997 Ascu-

84 2022 144 2083 lum
164 2022 312 2081 Picenum
333 2021 545 2095 proficiscitur.
575 2021 609 2078 ld
632 2021 779 2096 oppidum
800 2021 944 2081 Lentulus
968 2020 1056 2096 Spin·
1126 2090 1129 2095 ,

85 2106 149 2165 ther
164 2107 275 2165 decem
290 2106 466 2166 cohortibus
482 2105 618 2175 tenebat;
636 2106 686 2180 qui
704 2106 843 2166 Caesaris
857 2107 990 2165 adventu
1006 2122 1056 2168 co-

83 2191 165 2265 gnito
192 2191 329 2266 profugit
353 2206 391 2249 ex
418 2191 533 2265 oppido
556 2190 761 2266 cohortesque
783 2206 888 2250 secum
904 2191 1057 2251 abducere

84 2282 214 2336 conatus
236 2291 348 2350 magna
368 2281 455 2349 parte
476 2275 601 2335 militum
624 2277 784 2336 deseritur.
816 2277 950 2337 Relietus
966 2277 995 2335 in
1011 2276 1056 2337 iti·
1081 2276 1084 2281 ’

83 2376 156 2420 nere
180 2375 251 2420 cum
272 2361 380 2434 paucis
401 2360 506 2419 incidit
519 2360 549 2418 in
563 2361 730 2421 Vibullium
744 2363 855 2422 Rufum
897 2363 1025 2421 missum
1040 2378 1058 2421 a

81 2444 231 2520 Pompeio
254 2446 285 2504 in
307 2461 412 2520 agrum
432 2444 575 2505 Picenum
598 2447 875 2508 confirmandorum
902 2447 1057 2506 hominum

83 2546 188 2590 causa.
205 2531 234 2588 A
251 2545 312 2605 quo
328 2530 721 2606 lactusVibulliuscertior,
740 2548 819 2608 quae
834 2547 884 2590 res
899 2532 930 2589 in
944 2530 1056 2590 Piceno

82 2620 272 2690 gererentur,
288 2614 398 2674 milites
415 2615 452 2673 ab
468 2630 504 2673 eo
520 2616 639 2690 accipit,
655 2617 756 2691 ipsum
773 2617 900 2676 dimittit.
928 2617 1002 2674 ltem
1017 2630 1056 2674 ex

82 2699 216 2759 finitimis
228 2699 406 2773 regionibus
421 2716 497 2774 quas
513 2706 616 2780 potest
631 2701 780 2761 contrahit
795 2701 936 2760 cohortes
951 2715 990 2758 ex
1005 2699 1057 2757 de-

81 2785 212 2845 lectibus
227 2783 440 2861 Pompeianis;
456 2784 486 2842 in
499 2784 545 2844 his
560 2784 715 2846 Camerino
732 2787 896 2860 lugientem
910 2784 1057 2844 Lucilium

80 2869 204 2930 Hirrum
221 2885 291 2929 cum
306 2886 363 2930 sex
377 2870 563 2944 cohortibus,
580 2886 656 2944 quas
672 2871 712 2930 ibi
727 2871 757 2929 in
773 2869 927 2945 praesidio
943 2868 1056 2927 habue-

81 2961 133 3029 rat,
150 2954 284 3029 exeipit;
302 2955 412 3030 quibus
429 2955 543 3015 coactis
557 2971 615 3013 xm
631 2956 732 3015 elficit.
750 2956 822 3015 Cum
838 2955 885 3014 his
902 2954 941 3012 ad
954 2951 1054 3012 Domi·

80 3039 153 3099 tium
166 3040 409 3100 Ahenobarbum
425 3039 588 3100 Corfinium
608 3040 726 3113 magnis
747 3039 905 3099 itineribus
919 3037 1058 3112 pervenit

83 3122 310 3199 Caesaremque
324 3125 436 3184 adesse
453 3141 521 3183 cum
536 3124 707 3197 legionibus
724 3125 842 3184 duabus
855 3122 980 3182 nuntiat.
996 3124 1055 3183 Do·

82 3208 182 3269 mitius
198 3225 256 3283 per
270 3224 305 3268 se
321 3210 438 3269 circiter
453 3225 495 3267 xx
514 3208 656 3269 cohortes
673 3210 762 3283 Alba,
778 3225 817 3269 ex
831 3206 942 3268 Marsis
958 3214 989 3268 et
1001 3206 1055 3267 Pe·
1123 3204 1131 3265 .’

83 3291 182 3368 'ignis
199 3293 333 3353 finitimis
348 3295 386 3354 ab
401 3295 579 3370 regionibus
596 3297 747 3368 coegerat.

164 3377 247 3439 XVI.
279 3380 416 3455 Recepto
437 3381 553 3439 Asculo
580 3382 774 3454 expulsoque
793 3378 921 3439 Lentulo
945 3376 1055 3437 Caesar

87 3461 225 3543 conquiri
239 3463 357 3543 milites,
375 3467 426 3541 qui
441 3465 479 3525 ab
494 3480 531 3526 eo
548 3466 765 3545 discesserant,
785 3465 978 3543 delectumtm
1012 3460 1037 3480 ’“
