<?xml version="1.0" encoding="UTF-8"?>
<!DOCTYPE html PUBLIC "-//W3C//DTD XHTML 1.0 Transitional//EN"
    "http://www.w3.org/TR/xhtml1/DTD/xhtml1-transitional.dtd">
<html xmlns="http://www.w3.org/1999/xhtml" xml:lang="en" lang="en">
 <head>
  <title>
</title>
<meta http-equiv="Content-Type" content="text/html;charset=utf-8" />
  <meta name='ocr-system' content='tesseract 3.04.00' />
  <meta name='ocr-capabilities' content='ocr_page ocr_carea ocr_par ocr_line ocrx_word'/>
</head>
<body>
  <div class='ocr_page' id='page_1' title='image "./commentarii00caesgoog_0560.png"; bbox 0 0 2302 4192; ppageno 0'>
   <div class='ocr_carea' id='block_1_1' title="bbox 267 173 1046 236">
    <p class='ocr_par' dir='ltr' id='par_1_1' title="bbox 267 173 1046 236">
     <span class='ocr_line' id='line_1_1' title="bbox 267 173 1046 236; baseline 0.009 -9"><span class='ocrx_word' id='word_1_1' title='bbox 267 186 310 227; x_wconf 85' lang='lat' dir='ltr'><strong>nn</strong></span> <span class='ocrx_word' id='word_1_2' title='bbox 332 186 435 227; x_wconf 77' lang='lat' dir='ltr'><strong>nunno</strong></span> <span class='ocrx_word' id='word_1_3' title='bbox 458 185 660 230; x_wconf 81' lang='lat' dir='ltr'><strong>rvuvnrnruo</strong></span> <span class='ocrx_word' id='word_1_4' title='bbox 683 188 711 230; x_wconf 84' lang='lat' dir='ltr'><strong>c.</strong></span> <span class='ocrx_word' id='word_1_5' title='bbox 729 180 773 236; x_wconf 82' lang='grc'><strong>79.</strong></span> <span class='ocrx_word' id='word_1_6' title='bbox 794 182 838 235; x_wconf 82' lang='grc'><strong>80.</strong></span> <span class='ocrx_word' id='word_1_7' title='bbox 1006 173 1046 235; x_wconf 88' lang='grc'><strong>85</strong></span> 
     </span>
    </p>
   </div>
   <div class='ocr_carea' id='block_1_2' title="bbox 10 333 1110 3610">
    <p class='ocr_par' dir='ltr' id='par_1_2' title="bbox 10 333 1110 3610">
     <span class='ocr_line' id='line_1_2' title="bbox 54 333 1048 418; baseline 0.005 -23"><span class='ocrx_word' id='word_1_8' title='bbox 54 352 98 399; x_wconf 83' lang='lat' dir='ltr'><strong>ne</strong></span> <span class='ocrx_word' id='word_1_9' title='bbox 110 350 182 395; x_wconf 87' lang='lat' dir='ltr'><strong>mox</strong></span> <span class='ocrx_word' id='word_1_10' title='bbox 196 333 289 394; x_wconf 80' lang='lat' dir='ltr'><strong>victos</strong></span> <span class='ocrx_word' id='word_1_11' title='bbox 309 335 493 412; x_wconf 85' lang='lat' dir='ltr'><strong>victoresque</strong></span> <span class='ocrx_word' id='word_1_12' title='bbox 515 336 646 397; x_wconf 78' lang='lat' dir='ltr'><strong>defessos</strong></span> <span class='ocrx_word' id='word_1_13' title='bbox 666 336 739 396; x_wconf 90' lang='lat' dir='ltr'><strong>alius</strong></span> <span class='ocrx_word' id='word_1_14' title='bbox 754 336 975 413; x_wconf 82' lang='lat' dir='ltr'><strong>adgrederetur,</strong></span> <span class='ocrx_word' id='word_1_15' title='bbox 993 358 1048 418; x_wconf 89' lang='lat' dir='ltr'><strong>per</strong></span> 
     </span>
     <span class='ocr_line' id='line_1_3' title="bbox 54 418 1046 500; baseline 0.002 -19"><span class='ocrx_word' id='word_1_16' title='bbox 54 418 187 481; x_wconf 82' lang='lat' dir='ltr'><strong>indutias</strong></span> <span class='ocrx_word' id='word_1_17' title='bbox 201 418 389 494; x_wconf 85' lang='lat' dir='ltr'>sponsionem</span> <span class='ocrx_word' id='word_1_18' title='bbox 409 418 534 490; x_wconf 84' lang='lat' dir='ltr'><strong>iaciunt,</strong></span> <span class='ocrx_word' id='word_1_19' title='bbox 557 422 600 480; x_wconf 92' lang='lat' dir='ltr'><strong>uti</strong></span> <span class='ocrx_word' id='word_1_20' title='bbox 617 427 699 481; x_wconf 87' lang='lat' dir='ltr'><strong>certo</strong></span> <span class='ocrx_word' id='word_1_21' title='bbox 714 420 760 480; x_wconf 91' lang='lat' dir='ltr'><strong>die</strong></span> <span class='ocrx_word' id='word_1_22' title='bbox 774 418 862 496; x_wconf 90' lang='lat' dir='ltr'><strong>legati</strong></span> <span class='ocrx_word' id='word_1_23' title='bbox 875 422 963 483; x_wconf 92' lang='lat' dir='ltr'><strong>domo</strong></span> <span class='ocrx_word' id='word_1_24' title='bbox 978 441 1046 500; x_wconf 91' lang='lat' dir='ltr'><strong>pro-</strong></span> 
     </span>
     <span class='ocr_line' id='line_1_4' title="bbox 55 501 1045 579; baseline 0.002 -14"><span class='ocrx_word' id='word_1_25' title='bbox 55 502 278 565; x_wconf 80' lang='lat' dir='ltr'><strong>ficiscerentur:</strong></span> <span class='ocrx_word' id='word_1_26' title='bbox 295 518 354 579; x_wconf 88' lang='lat' dir='ltr'><strong>quo</strong></span> <span class='ocrx_word' id='word_1_27' title='bbox 370 502 399 561; x_wconf 94' lang='lat' dir='ltr'><strong>in</strong></span> <span class='ocrx_word' id='word_1_28' title='bbox 413 501 479 563; x_wconf 92' lang='lat' dir='ltr'><strong>loco</strong></span> <span class='ocrx_word' id='word_1_29' title='bbox 494 506 571 564; x_wconf 90' lang='lat' dir='ltr'><strong>inter</strong></span> <span class='ocrx_word' id='word_1_30' title='bbox 586 522 617 564; x_wconf 86' lang='lat' dir='ltr'><strong>se</strong></span> <span class='ocrx_word' id='word_1_31' title='bbox 633 504 710 564; x_wconf 89' lang='lat' dir='ltr'><strong>obvii</strong></span> <span class='ocrx_word' id='word_1_32' title='bbox 721 503 852 574; x_wconf 87' lang='lat' dir='ltr'><strong>luissent,</strong></span> <span class='ocrx_word' id='word_1_33' title='bbox 870 507 895 566; x_wconf 91' lang='lat' dir='ltr'><strong>is</strong></span> <span class='ocrx_word' id='word_1_34' title='bbox 914 524 1045 567; x_wconf 92' lang='lat' dir='ltr'><strong>commu-</strong></span> 
     </span>
     <span class='ocr_line' id='line_1_5' title="bbox 55 584 1072 666; baseline 0.001 -17"><span class='ocrx_word' id='word_1_35' title='bbox 55 589 106 649; x_wconf 85' lang='lat' dir='ltr'><strong>nis</strong></span> <span class='ocrx_word' id='word_1_36' title='bbox 118 586 273 663; x_wconf 86' lang='lat' dir='ltr'><strong>utriusque</strong></span> <span class='ocrx_word' id='word_1_37' title='bbox 289 584 392 665; x_wconf 90' lang='lat' dir='ltr'><strong>populi</strong></span> <span class='ocrx_word' id='word_1_38' title='bbox 405 586 471 645; x_wconf 88' lang='lat' dir='ltr'>finis</span> <span class='ocrx_word' id='word_1_39' title='bbox 490 586 659 649; x_wconf 76' lang='lat' dir='ltr'><strong>haberetur.</strong></span> <span class='ocrx_word' id='word_1_40' title='bbox 692 588 784 664; x_wconf 80' lang='lat' dir='ltr'><strong>Igitur</strong></span> <span class='ocrx_word' id='word_1_41' title='bbox 796 587 971 666; x_wconf 87' lang='lat' dir='ltr'><strong>Carthagine</strong></span> <span class='ocrx_word' id='word_1_42' title='bbox 987 589 1072 650; x_wconf 71' lang='lat' dir='ltr'><strong>duco</strong></span> 
     </span>
     <span class='ocr_line' id='line_1_6' title="bbox 32 669 1047 747; baseline 0.003 -16"><span class='ocrx_word' id='word_1_43' title='bbox 32 670 168 735; x_wconf 69' lang='lat' dir='ltr'><strong>inatres</strong></span> <span class='ocrx_word' id='word_1_44' title='bbox 182 670 271 739; x_wconf 90' lang='lat' dir='ltr'><strong>missi,</strong></span> <span class='ocrx_word' id='word_1_45' title='bbox 288 669 396 747; x_wconf 89' lang='lat' dir='ltr'><strong>quihus</strong></span> <span class='ocrx_word' id='word_1_46' title='bbox 410 687 518 731; x_wconf 93' lang='lat' dir='ltr'><strong>nomen</strong></span> <span class='ocrx_word' id='word_1_47' title='bbox 536 670 683 732; x_wconf 79' lang='lat' dir='ltr'><strong>Philaenis</strong></span> <span class='ocrx_word' id='word_1_48' title='bbox 699 677 770 741; x_wconf 88' lang='lat' dir='ltr'><strong>erat,</strong></span> <span class='ocrx_word' id='word_1_49' title='bbox 785 679 971 734; x_wconf 89' lang='lat' dir='ltr'><strong>maturavere</strong></span> <span class='ocrx_word' id='word_1_50' title='bbox 991 675 1047 734; x_wconf 91' lang='lat' dir='ltr'><strong>iter</strong></span> 
     </span>
     <span class='ocr_line' id='line_1_7' title="bbox 48 751 1046 834; baseline 0.002 -19"><span class='ocrx_word' id='word_1_51' title='bbox 48 770 200 834; x_wconf 85' lang='lat' dir='ltr'><strong>pergere:</strong></span> <span class='ocrx_word' id='word_1_52' title='bbox 224 751 409 814; x_wconf 84' lang='lat' dir='ltr'><strong>Curenenses</strong></span> <span class='ocrx_word' id='word_1_53' title='bbox 427 756 540 816; x_wconf 87' lang='lat' dir='ltr'><strong>tardius</strong></span> <span class='ocrx_word' id='word_1_54' title='bbox 564 758 635 816; x_wconf 90' lang='lat' dir='ltr'><strong>iere.</strong></span> <span class='ocrx_word' id='word_1_55' title='bbox 679 755 712 816; x_wconf 93' lang='lat' dir='ltr'><strong>ld</strong></span> <span class='ocrx_word' id='word_1_56' title='bbox 729 757 902 817; x_wconf 82' lang='lat' dir='ltr'><strong>socordiane</strong></span> <span class='ocrx_word' id='word_1_57' title='bbox 923 776 960 817; x_wconf 92' lang='lat' dir='ltr'><strong>an</strong></span> <span class='ocrx_word' id='word_1_58' title='bbox 976 776 1046 818; x_wconf 90' lang='lat' dir='ltr'><strong>casu</strong></span> 
     </span>
     <span class='ocr_line' id='line_1_8' title="bbox 55 838 1072 915; baseline 0.001 -14"><span class='ocrx_word' id='word_1_59' title='bbox 55 838 208 906; x_wconf 81' lang='lat' dir='ltr'><strong>acciderit,</strong></span> <span class='ocrx_word' id='word_1_60' title='bbox 229 853 334 914; x_wconf 90' lang='lat' dir='ltr'><strong>parum</strong></span> <span class='ocrx_word' id='word_1_61' title='bbox 357 840 489 915; x_wconf 81' lang='lat' dir='ltr'><strong>cognovi.</strong></span> <span class='ocrx_word' id='word_1_62' title='bbox 523 838 660 900; x_wconf 85' lang='lat' dir='ltr'><strong>Ceterum</strong></span> <span class='ocrx_word' id='word_1_63' title='bbox 679 838 753 900; x_wconf 89' lang='lat' dir='ltr'><strong>solet</strong></span> <span class='ocrx_word' id='word_1_64' title='bbox 767 842 798 899; x_wconf 93' lang='lat' dir='ltr'><strong>in</strong></span> <span class='ocrx_word' id='word_1_65' title='bbox 813 840 868 900; x_wconf 91' lang='lat' dir='ltr'><strong>illis</strong></span> <span class='ocrx_word' id='word_1_66' title='bbox 883 840 955 900; x_wconf 90' lang='lat' dir='ltr'><strong>locis</strong></span> <span class='ocrx_word' id='word_1_67' title='bbox 973 848 1072 903; x_wconf 85' lang='lat' dir='ltr'><strong>tem-u</strong></span> 
     </span>
     <span class='ocr_line' id='line_1_9' title="bbox 55 921 1047 1001; baseline 0.001 -17"><span class='ocrx_word' id='word_1_68' title='bbox 55 928 157 1001; x_wconf 81' lang='lat' dir='ltr'><strong>postas</strong></span> <span class='ocrx_word' id='word_1_69' title='bbox 177 921 249 981; x_wconf 88' lang='lat' dir='ltr'><strong>haut</strong></span> <span class='ocrx_word' id='word_1_70' title='bbox 267 937 353 981; x_wconf 87' lang='lat' dir='ltr'><strong>secus</strong></span> <span class='ocrx_word' id='word_1_71' title='bbox 375 927 463 999; x_wconf 88' lang='lat' dir='ltr'><strong>atque</strong></span> <span class='ocrx_word' id='word_1_72' title='bbox 488 924 518 983; x_wconf 92' lang='lat' dir='ltr'><strong>in</strong></span> <span class='ocrx_word' id='word_1_73' title='bbox 540 925 615 984; x_wconf 89' lang='lat' dir='ltr'><strong>mari</strong></span> <span class='ocrx_word' id='word_1_74' title='bbox 636 924 774 984; x_wconf 90' lang='lat' dir='ltr'><strong>retinere.</strong></span> <span class='ocrx_word' id='word_1_75' title='bbox 825 924 899 984; x_wconf 88' lang='lat' dir='ltr'><strong>Nam</strong></span> <span class='ocrx_word' id='word_1_76' title='bbox 921 924 972 984; x_wconf 90' lang='lat' dir='ltr'><strong>ubi</strong></span> <span class='ocrx_word' id='word_1_77' title='bbox 992 943 1047 1001; x_wconf 91' lang='lat' dir='ltr'><strong>per</strong></span> 
     </span>
     <span class='ocr_line' id='line_1_10' title="bbox 10 1003 1047 1083; baseline 0.001 -16"><span class='ocrx_word' id='word_1_78' title='bbox 10 1031 13 1037; x_wconf 94' lang='lat'>·</span> <span class='ocrx_word' id='word_1_79' title='bbox 55 1004 125 1068; x_wconf 87' lang='lat' dir='ltr'><strong>loca</strong></span> <span class='ocrx_word' id='word_1_80' title='bbox 146 1003 278 1083; x_wconf 76' lang='lat' dir='ltr'><strong>aequalia</strong></span> <span class='ocrx_word' id='word_1_81' title='bbox 299 1010 328 1067; x_wconf 87' lang='lat' dir='ltr'><strong>et</strong></span> <span class='ocrx_word' id='word_1_82' title='bbox 348 1006 428 1066; x_wconf 91' lang='lat' dir='ltr'><strong>nuda</strong></span> <span class='ocrx_word' id='word_1_83' title='bbox 444 1008 624 1082; x_wconf 80' lang='lat' dir='ltr'><strong>gignentium</strong></span> <span class='ocrx_word' id='word_1_84' title='bbox 646 1013 750 1068; x_wconf 88' lang='lat' dir='ltr'><strong>ventus</strong></span> <span class='ocrx_word' id='word_1_85' title='bbox 772 1014 891 1068; x_wconf 87' lang='lat' dir='ltr'><strong>coortus</strong></span> <span class='ocrx_word' id='word_1_86' title='bbox 904 1008 1047 1069; x_wconf 90' lang='lat' dir='ltr'><strong>harenam</strong></span> 
     </span>
     <span class='ocr_line' id='line_1_11' title="bbox 10 1088 1074 1170; baseline 0.001 -18"><span class='ocrx_word' id='word_1_87' title='bbox 10 1108 49 1170; x_wconf 66' lang='lat' dir='ltr'><strong>¹go</strong></span> <span class='ocrx_word' id='word_1_88' title='bbox 56 1088 151 1151; x_wconf 91' lang='lat' dir='ltr'><strong>humo</strong></span> <span class='ocrx_word' id='word_1_89' title='bbox 170 1089 311 1158; x_wconf 79' lang='lat' dir='ltr'><strong>excitavit,</strong></span> <span class='ocrx_word' id='word_1_90' title='bbox 336 1108 371 1150; x_wconf 89' lang='lat' dir='ltr'><strong>ea</strong></span> <span class='ocrx_word' id='word_1_91' title='bbox 389 1106 496 1166; x_wconf 89' lang='lat' dir='ltr'><strong>magna</strong></span> <span class='ocrx_word' id='word_1_92' title='bbox 510 1092 538 1149; x_wconf 89' lang='lat' dir='ltr'><strong>vi</strong></span> <span class='ocrx_word' id='word_1_93' title='bbox 554 1092 659 1167; x_wconf 88' lang='lat' dir='ltr'><strong>agitata</strong></span> <span class='ocrx_word' id='word_1_94' title='bbox 675 1108 727 1151; x_wconf 89' lang='lat' dir='ltr'><strong>ora</strong></span> <span class='ocrx_word' id='word_1_95' title='bbox 750 1090 910 1169; x_wconf 89' lang='lat' dir='ltr'><strong>oculosque</strong></span> <span class='ocrx_word' id='word_1_96' title='bbox 932 1092 1046 1169; x_wconf 90' lang='lat' dir='ltr'><strong>inplere</strong></span> <span class='ocrx_word' id='word_1_97' title='bbox 1069 1098 1074 1111; x_wconf 90' lang='grc'><strong>’</strong></span> 
     </span>
     <span class='ocr_line' id='line_1_12' title="bbox 10 1172 1071 1253; baseline 0.008 -23"><span class='ocrx_word' id='word_1_98' title='bbox 10 1216 20 1233; x_wconf 90' lang='grc'><strong>,,</strong></span> <span class='ocrx_word' id='word_1_99' title='bbox 57 1172 143 1243; x_wconf 83' lang='lat' dir='ltr'><strong>solet,</strong></span> <span class='ocrx_word' id='word_1_100' title='bbox 166 1174 205 1233; x_wconf 88' lang='lat' dir='ltr'><strong>ita</strong></span> <span class='ocrx_word' id='word_1_101' title='bbox 224 1179 384 1252; x_wconf 88' lang='lat' dir='ltr'><strong>prospectu</strong></span> <span class='ocrx_word' id='word_1_102' title='bbox 401 1174 529 1251; x_wconf 89' lang='lat' dir='ltr'><strong>inpedito</strong></span> <span class='ocrx_word' id='word_1_103' title='bbox 546 1177 657 1235; x_wconf 89' lang='lat' dir='ltr'><strong>morari</strong></span> <span class='ocrx_word' id='word_1_104' title='bbox 677 1177 742 1235; x_wconf 90' lang='lat' dir='ltr'><strong>iter.</strong></span> <span class='ocrx_word' id='word_1_105' title='bbox 778 1174 938 1253; x_wconf 89' lang='lat' dir='ltr'><strong>Postquam</strong></span> <span class='ocrx_word' id='word_1_106' title='bbox 956 1177 1071 1238; x_wconf 80' lang='lat' dir='ltr'><strong>Cure-7</strong></span> 
     </span>
     <span class='ocr_line' id='line_1_13' title="bbox 10 1256 1046 1343; baseline 0.002 -24"><span class='ocrx_word' id='word_1_107' title='bbox 10 1283 16 1343; x_wconf 71' lang='lat'>3</span> <span class='ocrx_word' id='word_1_108' title='bbox 56 1273 168 1319; x_wconf 86' lang='lat' dir='ltr'><strong>nenses</strong></span> <span class='ocrx_word' id='word_1_109' title='bbox 182 1256 329 1334; x_wconf 86' lang='lat' dir='ltr'><strong>aliquanto</strong></span> <span class='ocrx_word' id='word_1_110' title='bbox 347 1260 526 1336; x_wconf 86' lang='lat' dir='ltr'><strong>posteriores</strong></span> <span class='ocrx_word' id='word_1_111' title='bbox 545 1276 577 1319; x_wconf 90' lang='lat' dir='ltr'><strong>se</strong></span> <span class='ocrx_word' id='word_1_112' title='bbox 598 1276 662 1320; x_wconf 88' lang='lat' dir='ltr'><strong>esse</strong></span> <span class='ocrx_word' id='word_1_113' title='bbox 681 1258 779 1319; x_wconf 88' lang='lat' dir='ltr'><strong>vident</strong></span> <span class='ocrx_word' id='word_1_114' title='bbox 801 1266 830 1319; x_wconf 90' lang='lat' dir='ltr'><strong>et</strong></span> <span class='ocrx_word' id='word_1_115' title='bbox 844 1258 881 1319; x_wconf 91' lang='lat' dir='ltr'><strong>ob</strong></span> <span class='ocrx_word' id='word_1_116' title='bbox 896 1279 960 1321; x_wconf 88' lang='lat' dir='ltr'><strong>rem</strong></span> <span class='ocrx_word' id='word_1_117' title='bbox 977 1278 1046 1321; x_wconf 89' lang='lat' dir='ltr'><strong>con-</strong></span> 
     </span>
     <span class='ocr_line' id='line_1_14' title="bbox 18 1340 1047 1420; baseline 0 -16"><span class='ocrx_word' id='word_1_118' title='bbox 18 1345 24 1357; x_wconf 80' lang='lat'><em>‘</em></span> <span class='ocrx_word' id='word_1_119' title='bbox 58 1346 179 1419; x_wconf 90' lang='lat' dir='ltr'><strong>ruptam</strong></span> <span class='ocrx_word' id='word_1_120' title='bbox 189 1340 268 1401; x_wconf 91' lang='lat' dir='ltr'><strong>domi</strong></span> <span class='ocrx_word' id='word_1_121' title='bbox 279 1358 389 1419; x_wconf 87' lang='lat' dir='ltr'><strong>poenas</strong></span> <span class='ocrx_word' id='word_1_122' title='bbox 403 1348 545 1411; x_wconf 91' lang='lat' dir='ltr'><strong>metuunt,</strong></span> <span class='ocrx_word' id='word_1_123' title='bbox 562 1344 710 1403; x_wconf 89' lang='lat' dir='ltr'><strong>criminari</strong></span> <span class='ocrx_word' id='word_1_124' title='bbox 722 1342 968 1420; x_wconf 81' lang='lat' dir='ltr'><strong>Carthaginiensis</strong></span> <span class='ocrx_word' id='word_1_125' title='bbox 980 1351 1047 1404; x_wconf 87' lang='lat' dir='ltr'><strong>ante</strong></span> 
     </span>
     <span class='ocr_line' id='line_1_15' title="bbox 17 1424 1047 1505; baseline 0.001 -18"><span class='ocrx_word' id='word_1_126' title='bbox 17 1480 20 1487; x_wconf 93' lang='lat'>.</span> <span class='ocrx_word' id='word_1_127' title='bbox 57 1430 177 1505; x_wconf 85' lang='lat' dir='ltr'><strong>&#39;tempus</strong></span> <span class='ocrx_word' id='word_1_128' title='bbox 187 1424 274 1485; x_wconf 90' lang='lat' dir='ltr'><strong>domo</strong></span> <span class='ocrx_word' id='word_1_129' title='bbox 286 1425 441 1503; x_wconf 88' lang='lat' dir='ltr'><strong>digressos,</strong></span> <span class='ocrx_word' id='word_1_130' title='bbox 451 1425 708 1494; x_wconf 86' lang='lat' dir='ltr'><strong>conturbarerem,</strong></span> <span class='ocrx_word' id='word_1_131' title='bbox 716 1426 842 1503; x_wconf 88' lang='lat' dir='ltr'><strong>denique</strong></span> <span class='ocrx_word' id='word_1_132' title='bbox 853 1429 949 1488; x_wconf 91' lang='lat' dir='ltr'><strong>omnia</strong></span> <span class='ocrx_word' id='word_1_133' title='bbox 961 1427 1047 1488; x_wconf 90' lang='lat' dir='ltr'><strong>malle</strong></span> 
     </span>
     <span class='ocr_line' id='line_1_16' title="bbox 14 1508 1073 1591; baseline 0 -18"><span class='ocrx_word' id='word_1_134' title='bbox 14 1528 149 1591; x_wconf 61' lang='lat' dir='ltr'><strong>uquam</strong></span> <span class='ocrx_word' id='word_1_135' title='bbox 165 1509 232 1570; x_wconf 87' lang='lat' dir='ltr'><strong>victi</strong></span> <span class='ocrx_word' id='word_1_136' title='bbox 247 1508 337 1571; x_wconf 87' lang='lat' dir='ltr'><strong>abire.</strong></span> <span class='ocrx_word' id='word_1_137' title='bbox 362 1509 413 1570; x_wconf 89' lang='lat' dir='ltr'><strong>Set</strong></span> <span class='ocrx_word' id='word_1_138' title='bbox 428 1528 496 1572; x_wconf 92' lang='lat' dir='ltr'><strong>cum</strong></span> <span class='ocrx_word' id='word_1_139' title='bbox 506 1510 597 1571; x_wconf 89' lang='lat' dir='ltr'><strong>Poeni</strong></span> <span class='ocrx_word' id='word_1_140' title='bbox 612 1509 697 1569; x_wconf 89' lang='lat' dir='ltr'><strong>aliam</strong></span> <span class='ocrx_word' id='word_1_141' title='bbox 714 1509 919 1577; x_wconf 88' lang='lat' dir='ltr'><strong>conditionem,</strong></span> <span class='ocrx_word' id='word_1_142' title='bbox 933 1517 1073 1573; x_wconf 86' lang='lat' dir='ltr'><strong>tantum8</strong></span> 
     </span>
     <span class='ocr_line' id='line_1_17' title="bbox 11 1591 1048 1675; baseline 0.001 -22"><span class='ocrx_word' id='word_1_143' title='bbox 11 1622 29 1675; x_wconf 67' lang='lat' dir='ltr'><strong>-i-</strong></span> <span class='ocrx_word' id='word_1_144' title='bbox 58 1594 150 1657; x_wconf 89' lang='lat' dir='ltr'><strong>modo</strong></span> <span class='ocrx_word' id='word_1_145' title='bbox 164 1610 302 1673; x_wconf 81' lang='lat' dir='ltr'><strong>aequam,</strong></span> <span class='ocrx_word' id='word_1_146' title='bbox 317 1600 469 1672; x_wconf 88' lang='lat' dir='ltr'><strong>peterent,</strong></span> <span class='ocrx_word' id='word_1_147' title='bbox 485 1594 590 1654; x_wconf 89' lang='lat' dir='ltr'><strong>Graeci</strong></span> <span class='ocrx_word' id='word_1_148' title='bbox 603 1594 751 1671; x_wconf 87' lang='lat' dir='ltr'><strong>optionem</strong></span> <span class='ocrx_word' id='word_1_149' title='bbox 766 1591 1048 1670; x_wconf 84' lang='lat' dir='ltr'><strong>Carthaginiensium</strong></span> 
     </span>
     <span class='ocr_line' id='line_1_18' title="bbox 59 1676 1049 1757; baseline -0.002 -18.094"><span class='ocrx_word' id='word_1_150' title='bbox 59 1678 185 1747; x_wconf 84' lang='lat' dir='ltr'><strong>iaciunt,</strong></span> <span class='ocrx_word' id='word_1_151' title='bbox 207 1683 242 1738; x_wconf 91' lang='lat' dir='ltr'><strong>ut</strong></span> <span class='ocrx_word' id='word_1_152' title='bbox 254 1678 300 1739; x_wconf 84' lang='lat' dir='ltr'><strong>vel</strong></span> <span class='ocrx_word' id='word_1_153' title='bbox 317 1678 372 1747; x_wconf 90' lang='lat' dir='ltr'><strong>illi,</strong></span> <span class='ocrx_word' id='word_1_154' title='bbox 396 1696 470 1757; x_wconf 89' lang='lat' dir='ltr'><strong>quos</strong></span> <span class='ocrx_word' id='word_1_155' title='bbox 485 1678 550 1738; x_wconf 87' lang='lat' dir='ltr'><strong>finis</strong></span> <span class='ocrx_word' id='word_1_156' title='bbox 570 1677 681 1755; x_wconf 91' lang='lat' dir='ltr'><strong>populo</strong></span> <span class='ocrx_word' id='word_1_157' title='bbox 703 1694 756 1737; x_wconf 90' lang='lat' dir='ltr'><strong>suo</strong></span> <span class='ocrx_word' id='word_1_158' title='bbox 771 1682 915 1754; x_wconf 91' lang='lat' dir='ltr'><strong>peterent,</strong></span> <span class='ocrx_word' id='word_1_159' title='bbox 939 1676 980 1735; x_wconf 90' lang='lat' dir='ltr'><strong>ibi</strong></span> <span class='ocrx_word' id='word_1_160' title='bbox 995 1679 1049 1737; x_wconf 85' lang='lat' dir='ltr'><strong>vivi</strong></span> 
     </span>
     <span class='ocr_line' id='line_1_19' title="bbox 13 1759 1048 1839; baseline -0.005 -14"><span class='ocrx_word' id='word_1_161' title='bbox 13 1784 22 1839; x_wconf 77' lang='lat'><strong>·,</strong></span> <span class='ocrx_word' id='word_1_162' title='bbox 60 1762 278 1832; x_wconf 85' lang='lat' dir='ltr'><strong>obruerentur,</strong></span> <span class='ocrx_word' id='word_1_163' title='bbox 299 1762 345 1823; x_wconf 80' lang='lat' dir='ltr'><strong>vel</strong></span> <span class='ocrx_word' id='word_1_164' title='bbox 374 1762 477 1824; x_wconf 92' lang='lat' dir='ltr'><strong>eadem</strong></span> <span class='ocrx_word' id='word_1_165' title='bbox 505 1762 670 1823; x_wconf 89' lang='lat' dir='ltr'><strong>conditione</strong></span> <span class='ocrx_word' id='word_1_166' title='bbox 697 1778 762 1821; x_wconf 87' lang='lat' dir='ltr'><strong>sese</strong></span> <span class='ocrx_word' id='word_1_167' title='bbox 785 1777 872 1838; x_wconf 90' lang='lat' dir='ltr'><strong>quem</strong></span> <span class='ocrx_word' id='word_1_168' title='bbox 895 1759 1048 1821; x_wconf 89' lang='lat' dir='ltr'><strong>inlocum</strong></span> 
     </span>
     <span class='ocr_line' id='line_1_20' title="bbox 16 1844 1075 1924; baseline -0.006 -13"><span class='ocrx_word' id='word_1_169' title='bbox 16 1850 21 1921; x_wconf 71' lang='grc' dir='ltr'>ξ</span> <span class='ocrx_word' id='word_1_170' title='bbox 58 1847 171 1911; x_wconf 79' lang='lat' dir='ltr'><strong>vellent</strong></span> <span class='ocrx_word' id='word_1_171' title='bbox 185 1862 388 1924; x_wconf 89' lang='lat' dir='ltr'><strong>processuros.</strong></span> <span class='ocrx_word' id='word_1_172' title='bbox 429 1846 560 1907; x_wconf 88' lang='lat' dir='ltr'><strong>Philaeni</strong></span> <span class='ocrx_word' id='word_1_173' title='bbox 580 1846 745 1906; x_wconf 89' lang='lat' dir='ltr'><strong>conditione</strong></span> <span class='ocrx_word' id='word_1_174' title='bbox 759 1844 883 1923; x_wconf 84' lang='lat' dir='ltr'><strong>proheta</strong></span> <span class='ocrx_word' id='word_1_175' title='bbox 898 1861 988 1922; x_wconf 89' lang='lat' dir='ltr'><strong>seque</strong></span> <span class='ocrx_word' id='word_1_176' title='bbox 1007 1847 1075 1905; x_wconf 72' lang='lat' dir='ltr'><strong>tri-9</strong></span> 
     </span>
     <span class='ocr_line' id='line_1_21' title="bbox 12 1928 1046 2011; baseline -0.008 -16"><span class='ocrx_word' id='word_1_177' title='bbox 12 1931 182 2011; x_wconf 60' lang='lat' dir='ltr'><strong>ratumque</strong></span> <span class='ocrx_word' id='word_1_178' title='bbox 209 1947 293 1992; x_wconf 88' lang='lat' dir='ltr'><strong>suam</strong></span> <span class='ocrx_word' id='word_1_179' title='bbox 320 1934 364 1994; x_wconf 91' lang='lat' dir='ltr'><strong>rei</strong></span> <span class='ocrx_word' id='word_1_180' title='bbox 392 1930 529 2011; x_wconf 88' lang='lat' dir='ltr'><strong>publicae</strong></span> <span class='ocrx_word' id='word_1_181' title='bbox 555 1930 772 1990; x_wconf 83' lang='lat' dir='ltr'><strong>condonavere:</strong></span> <span class='ocrx_word' id='word_1_182' title='bbox 795 1930 834 1988; x_wconf 93' lang='lat' dir='ltr'><strong>ita</strong></span> <span class='ocrx_word' id='word_1_183' title='bbox 855 1929 911 1988; x_wconf 88' lang='lat' dir='ltr'><strong>vivi</strong></span> <span class='ocrx_word' id='word_1_184' title='bbox 939 1928 1046 1988; x_wconf 86' lang='lat' dir='ltr'><strong>obruti.</strong></span> 
     </span>
     <span class='ocr_line' id='line_1_22' title="bbox 10 2004 1091 2094; baseline -0.01 -11"><span class='ocrx_word' id='word_1_185' title='bbox 10 2004 21 2083; x_wconf 65' lang='lat' dir='ltr'><strong>i</strong></span> <span class='ocrx_word' id='word_1_186' title='bbox 57 2014 314 2094; x_wconf 81' lang='lat' dir='ltr'><strong>Carthaginienses</strong></span> <span class='ocrx_word' id='word_1_187' title='bbox 339 2016 369 2075; x_wconf 96' lang='lat' dir='ltr'><strong>in</strong></span> <span class='ocrx_word' id='word_1_188' title='bbox 397 2034 432 2077; x_wconf 90' lang='lat' dir='ltr'><strong>eo</strong></span> <span class='ocrx_word' id='word_1_189' title='bbox 458 2016 524 2076; x_wconf 92' lang='lat' dir='ltr'><strong>loco</strong></span> <span class='ocrx_word' id='word_1_190' title='bbox 546 2013 691 2075; x_wconf 90' lang='lat' dir='ltr'><strong>Philaenis</strong></span> <span class='ocrx_word' id='word_1_191' title='bbox 716 2012 857 2073; x_wconf 84' lang='lat' dir='ltr'><strong>fratribus</strong></span> <span class='ocrx_word' id='word_1_192' title='bbox 888 2029 955 2072; x_wconf 89' lang='lat' dir='ltr'><strong>aras</strong></span> <span class='ocrx_word' id='word_1_193' title='bbox 976 2021 1091 2074; x_wconf 87' lang='lat' dir='ltr'><strong>con-10</strong></span> 
     </span>
     <span class='ocr_line' id='line_1_23' title="bbox 10 2096 1048 2179; baseline -0.004 -18"><span class='ocrx_word' id='word_1_194' title='bbox 10 2104 14 2161; x_wconf 78' lang='grc' dir='ltr'>ζ</span> <span class='ocrx_word' id='word_1_195' title='bbox 55 2116 229 2169; x_wconf 79' lang='lat' dir='ltr'><strong>secrevere,</strong></span> <span class='ocrx_word' id='word_1_196' title='bbox 247 2100 353 2179; x_wconf 82' lang='lat' dir='ltr'><strong>aliique</strong></span> <span class='ocrx_word' id='word_1_197' title='bbox 365 2099 421 2159; x_wconf 88' lang='lat' dir='ltr'><strong>illis</strong></span> <span class='ocrx_word' id='word_1_198' title='bbox 436 2100 514 2161; x_wconf 92' lang='lat' dir='ltr'><strong>domi</strong></span> <span class='ocrx_word' id='word_1_199' title='bbox 529 2099 657 2159; x_wconf 89' lang='lat' dir='ltr'><strong>honores</strong></span> <span class='ocrx_word' id='word_1_200' title='bbox 673 2098 802 2158; x_wconf 87' lang='lat' dir='ltr'><strong>instituti.</strong></span> <span class='ocrx_word' id='word_1_201' title='bbox 829 2096 914 2158; x_wconf 92' lang='lat' dir='ltr'><strong>Nunc</strong></span> <span class='ocrx_word' id='word_1_202' title='bbox 930 2097 966 2157; x_wconf 91' lang='lat' dir='ltr'><strong>ad</strong></span> <span class='ocrx_word' id='word_1_203' title='bbox 983 2114 1048 2158; x_wconf 89' lang='lat' dir='ltr'><strong>rem</strong></span> 
     </span>
     <span class='ocr_line' id='line_1_24' title="bbox 54 2184 161 2248; baseline -0.047 0"><span class='ocrx_word' id='word_1_204' title='bbox 54 2184 161 2248; x_wconf 87' lang='lat' dir='ltr'><strong>redeo.</strong></span> 
     </span>
     <span class='ocr_line' id='line_1_25' title="bbox 146 2264 1099 2346; baseline -0.001 -17"><span class='ocrx_word' id='word_1_205' title='bbox 146 2268 288 2346; x_wconf 87' lang='lat' dir='ltr'><strong>lugurtha</strong></span> <span class='ocrx_word' id='word_1_206' title='bbox 301 2274 455 2346; x_wconf 87' lang='lat' dir='ltr'><strong>postquam</strong></span> <span class='ocrx_word' id='word_1_207' title='bbox 468 2268 572 2328; x_wconf 90' lang='lat' dir='ltr'><strong>amissa</strong></span> <span class='ocrx_word' id='word_1_208' title='bbox 583 2266 674 2327; x_wconf 87' lang='lat' dir='ltr'><strong>Thala</strong></span> <span class='ocrx_word' id='word_1_209' title='bbox 686 2264 757 2325; x_wconf 88' lang='lat' dir='ltr'><strong>nihil</strong></span> <span class='ocrx_word' id='word_1_210' title='bbox 770 2266 839 2325; x_wconf 91' lang='lat' dir='ltr'><strong>satis</strong></span> <span class='ocrx_word' id='word_1_211' title='bbox 849 2264 968 2325; x_wconf 88' lang='lat' dir='ltr'><strong>firmum</strong></span> <span class='ocrx_word' id='word_1_212' title='bbox 980 2281 1048 2324; x_wconf 90' lang='lat' dir='ltr'><strong>con·</strong></span> <span class='ocrx_word' id='word_1_213' title='bbox 1059 2264 1099 2327; x_wconf 87' lang='lat'><strong>80</strong></span> 
     </span>
     <span class='ocr_line' id='line_1_26' title="bbox 10 2349 1048 2432; baseline -0.01 -15"><span class='ocrx_word' id='word_1_214' title='bbox 10 2358 47 2425; x_wconf 67' lang='lat' dir='ltr'><strong>&#39;as</strong></span> <span class='ocrx_word' id='word_1_215' title='bbox 57 2362 109 2417; x_wconf 85' lang='lat' dir='ltr'><strong>tra</strong></span> <span class='ocrx_word' id='word_1_216' title='bbox 121 2352 271 2414; x_wconf 83' lang='lat' dir='ltr'><strong>Metellum</strong></span> <span class='ocrx_word' id='word_1_217' title='bbox 284 2358 376 2430; x_wconf 88' lang='lat' dir='ltr'><strong>putat,</strong></span> <span class='ocrx_word' id='word_1_218' title='bbox 393 2369 448 2432; x_wconf 89' lang='lat' dir='ltr'><strong>per</strong></span> <span class='ocrx_word' id='word_1_219' title='bbox 460 2368 581 2427; x_wconf 91' lang='lat' dir='ltr'><strong>magnas</strong></span> <span class='ocrx_word' id='word_1_220' title='bbox 596 2349 766 2410; x_wconf 87' lang='lat' dir='ltr'><strong>solitudines</strong></span> <span class='ocrx_word' id='word_1_221' title='bbox 781 2368 848 2410; x_wconf 89' lang='lat' dir='ltr'><strong>curn</strong></span> <span class='ocrx_word' id='word_1_222' title='bbox 864 2350 965 2426; x_wconf 81' lang='lat' dir='ltr'><strong>paucis</strong></span> <span class='ocrx_word' id='word_1_223' title='bbox 979 2366 1048 2425; x_wconf 91' lang='lat' dir='ltr'><strong>pru·</strong></span> 
     </span>
     <span class='ocr_line' id='line_1_27' title="bbox 57 2431 1049 2515; baseline -0.01 -16"><span class='ocrx_word' id='word_1_224' title='bbox 57 2440 159 2499; x_wconf 83' lang='lat' dir='ltr'><strong>lectus</strong></span> <span class='ocrx_word' id='word_1_225' title='bbox 171 2437 305 2515; x_wconf 89' lang='lat' dir='ltr'><strong>pervenit</strong></span> <span class='ocrx_word' id='word_1_226' title='bbox 326 2436 362 2496; x_wconf 91' lang='lat' dir='ltr'><strong>ad</strong></span> <span class='ocrx_word' id='word_1_227' title='bbox 385 2435 532 2503; x_wconf 86' lang='lat' dir='ltr'><strong>Gaetulos,</strong></span> <span class='ocrx_word' id='word_1_228' title='bbox 555 2451 649 2510; x_wconf 88' lang='lat' dir='ltr'><strong>genus</strong></span> <span class='ocrx_word' id='word_1_229' title='bbox 663 2434 815 2493; x_wconf 92' lang='lat' dir='ltr'><strong>hominum</strong></span> <span class='ocrx_word' id='word_1_230' title='bbox 838 2433 935 2492; x_wconf 85' lang='lat' dir='ltr'><strong>ferum</strong></span> <span class='ocrx_word' id='word_1_231' title='bbox 955 2431 1049 2491; x_wconf 93' lang='lat' dir='ltr'><strong>incul-</strong></span> 
     </span>
     <span class='ocr_line' id='line_1_28' title="bbox 56 2515 1074 2598; baseline -0.007 -14"><span class='ocrx_word' id='word_1_232' title='bbox 56 2530 186 2598; x_wconf 84' lang='lat' dir='ltr'><strong>tumque</strong></span> <span class='ocrx_word' id='word_1_233' title='bbox 208 2526 237 2581; x_wconf 89' lang='lat' dir='ltr'><strong>ct</strong></span> <span class='ocrx_word' id='word_1_234' title='bbox 259 2538 296 2580; x_wconf 92' lang='lat' dir='ltr'><strong>eo</strong></span> <span class='ocrx_word' id='word_1_235' title='bbox 315 2525 449 2598; x_wconf 92' lang='lat' dir='ltr'><strong>tempore</strong></span> <span class='ocrx_word' id='word_1_236' title='bbox 470 2521 605 2595; x_wconf 89' lang='lat' dir='ltr'><strong>ignarum</strong></span> <span class='ocrx_word' id='word_1_237' title='bbox 626 2519 752 2577; x_wconf 91' lang='lat' dir='ltr'><strong>nominis</strong></span> <span class='ocrx_word' id='word_1_238' title='bbox 769 2517 901 2576; x_wconf 87' lang='lat' dir='ltr'><strong>Romani.</strong></span> <span class='ocrx_word' id='word_1_239' title='bbox 937 2515 1074 2577; x_wconf 81' lang='lat' dir='ltr'><strong>Eorum2</strong></span> 
     </span>
     <span class='ocr_line' id='line_1_29' title="bbox 56 2598 1049 2681; baseline -0.012 -12"><span class='ocrx_word' id='word_1_240' title='bbox 56 2604 279 2669; x_wconf 78' lang='lat' dir='ltr'><strong>mtrltitudinem</strong></span> <span class='ocrx_word' id='word_1_241' title='bbox 293 2605 324 2664; x_wconf 91' lang='lat' dir='ltr'><strong>in</strong></span> <span class='ocrx_word' id='word_1_242' title='bbox 339 2622 433 2664; x_wconf 93' lang='lat' dir='ltr'><strong>unum</strong></span> <span class='ocrx_word' id='word_1_243' title='bbox 448 2605 526 2680; x_wconf 86' lang='lat' dir='ltr'><strong>cogit</strong></span> <span class='ocrx_word' id='word_1_244' title='bbox 539 2621 573 2663; x_wconf 89' lang='lat' dir='ltr'><strong>ac</strong></span> <span class='ocrx_word' id='word_1_245' title='bbox 583 2602 722 2681; x_wconf 89' lang='lat' dir='ltr'><strong>paulatim</strong></span> <span class='ocrx_word' id='word_1_246' title='bbox 737 2600 916 2660; x_wconf 78' lang='lat' dir='ltr'><strong>consuefacit</strong></span> <span class='ocrx_word' id='word_1_247' title='bbox 931 2598 1049 2659; x_wconf 87' lang='lat' dir='ltr'><strong>ordines</strong></span> 
     </span>
     <span class='ocr_line' id='line_1_30' title="bbox 57 2683 1048 2766; baseline -0.01 -15"><span class='ocrx_word' id='word_1_248' title='bbox 57 2689 185 2758; x_wconf 89' lang='lat' dir='ltr'><strong>hahere,</strong></span> <span class='ocrx_word' id='word_1_249' title='bbox 206 2690 288 2765; x_wconf 91' lang='lat' dir='ltr'><strong>signa</strong></span> <span class='ocrx_word' id='word_1_250' title='bbox 304 2689 396 2766; x_wconf 88' lang='lat' dir='ltr'><strong>sequi,</strong></span> <span class='ocrx_word' id='word_1_251' title='bbox 415 2689 562 2765; x_wconf 89' lang='lat' dir='ltr'><strong>inperium</strong></span> <span class='ocrx_word' id='word_1_252' title='bbox 578 2687 744 2753; x_wconf 86' lang='lat' dir='ltr'><strong>observare,</strong></span> <span class='ocrx_word' id='word_1_253' title='bbox 759 2686 829 2743; x_wconf 92' lang='lat' dir='ltr'><strong>item</strong></span> <span class='ocrx_word' id='word_1_254' title='bbox 843 2683 898 2741; x_wconf 90' lang='lat' dir='ltr'><strong>alia</strong></span> <span class='ocrx_word' id='word_1_255' title='bbox 913 2683 1048 2743; x_wconf 90' lang='lat' dir='ltr'><strong>militaria</strong></span> 
     </span>
     <span class='ocr_line' id='line_1_31' title="bbox 12 2768 1074 2849; baseline -0.008 -14"><span class='ocrx_word' id='word_1_256' title='bbox 12 2774 173 2843; x_wconf 65' lang='lat' dir='ltr'><strong>nefacere.</strong></span> <span class='ocrx_word' id='word_1_257' title='bbox 213 2771 370 2833; x_wconf 88' lang='lat' dir='ltr'><strong>Praeterea</strong></span> <span class='ocrx_word' id='word_1_258' title='bbox 391 2773 470 2849; x_wconf 87' lang='lat' dir='ltr'><strong>regis</strong></span> <span class='ocrx_word' id='word_1_259' title='bbox 486 2771 596 2831; x_wconf 90' lang='lat' dir='ltr'><strong>Bocchi</strong></span> <span class='ocrx_word' id='word_1_260' title='bbox 623 2786 784 2848; x_wconf 87' lang='lat' dir='ltr'><strong>proxumos</strong></span> <span class='ocrx_word' id='word_1_261' title='bbox 810 2768 924 2841; x_wconf 89' lang='lat' dir='ltr'><strong>magnis</strong></span> <span class='ocrx_word' id='word_1_262' title='bbox 945 2776 1074 2827; x_wconf 82' lang='lat' dir='ltr'><strong>mune-3</strong></span> 
     </span>
     <span class='ocr_line' id='line_1_32' title="bbox 59 2850 1050 2934; baseline -0.011 -16"><span class='ocrx_word' id='word_1_263' title='bbox 59 2856 147 2919; x_wconf 87' lang='lat' dir='ltr'><strong>rihus</strong></span> <span class='ocrx_word' id='word_1_264' title='bbox 170 2863 198 2917; x_wconf 91' lang='lat' dir='ltr'><strong>et</strong></span> <span class='ocrx_word' id='word_1_265' title='bbox 212 2856 374 2917; x_wconf 89' lang='lat' dir='ltr'><strong>maioribus</strong></span> <span class='ocrx_word' id='word_1_266' title='bbox 394 2855 544 2934; x_wconf 91' lang='lat' dir='ltr'><strong>promissis</strong></span> <span class='ocrx_word' id='word_1_267' title='bbox 559 2855 596 2915; x_wconf 91' lang='lat' dir='ltr'><strong>ad</strong></span> <span class='ocrx_word' id='word_1_268' title='bbox 611 2854 738 2914; x_wconf 89' lang='lat' dir='ltr'><strong>studium</strong></span> <span class='ocrx_word' id='word_1_269' title='bbox 749 2854 795 2911; x_wconf 88' lang='lat' dir='ltr'><strong>sui</strong></span> <span class='ocrx_word' id='word_1_270' title='bbox 810 2850 959 2928; x_wconf 89' lang='lat' dir='ltr'><strong>perducit,</strong></span> <span class='ocrx_word' id='word_1_271' title='bbox 986 2850 1050 2925; x_wconf 86' lang='lat' dir='ltr'><strong>quis</strong></span> 
     </span>
     <span class='ocr_line' id='line_1_33' title="bbox 61 2932 1049 3017; baseline -0.013 -14"><span class='ocrx_word' id='word_1_272' title='bbox 61 2940 248 3003; x_wconf 77' lang='lat' dir='ltr'><strong>adiutoribus</strong></span> <span class='ocrx_word' id='word_1_273' title='bbox 267 2957 370 3017; x_wconf 88' lang='lat' dir='ltr'><strong>regem</strong></span> <span class='ocrx_word' id='word_1_274' title='bbox 392 2940 548 3016; x_wconf 89' lang='lat' dir='ltr'><strong>adgressus</strong></span> <span class='ocrx_word' id='word_1_275' title='bbox 569 2937 695 3015; x_wconf 88' lang='lat' dir='ltr'><strong>inpellit,</strong></span> <span class='ocrx_word' id='word_1_276' title='bbox 724 2937 766 2995; x_wconf 90' lang='lat' dir='ltr'><strong>uti</strong></span> <span class='ocrx_word' id='word_1_277' title='bbox 784 2936 923 2995; x_wconf 78' lang='lat' dir='ltr'><strong>aclvorsus</strong></span> <span class='ocrx_word' id='word_1_278' title='bbox 940 2932 1049 2991; x_wconf 86' lang='lat' dir='ltr'><strong>Roma-</strong></span> 
     </span>
     <span class='ocr_line' id='line_1_34' title="bbox 60 3015 1077 3102; baseline -0.009 -17"><span class='ocrx_word' id='word_1_279' title='bbox 60 3042 121 3086; x_wconf 89' lang='lat' dir='ltr'><strong>nos</strong></span> <span class='ocrx_word' id='word_1_280' title='bbox 141 3024 252 3086; x_wconf 90' lang='lat' dir='ltr'><strong>hellum</strong></span> <span class='ocrx_word' id='word_1_281' title='bbox 268 3025 394 3102; x_wconf 89' lang='lat' dir='ltr'><strong>incipiat.</strong></span> <span class='ocrx_word' id='word_1_282' title='bbox 438 3024 471 3084; x_wconf 96' lang='lat' dir='ltr'><strong>ld</strong></span> <span class='ocrx_word' id='word_1_283' title='bbox 489 3042 522 3084; x_wconf 92' lang='lat' dir='ltr'><strong>ea</strong></span> <span class='ocrx_word' id='word_1_284' title='bbox 545 3024 638 3100; x_wconf 90' lang='lat' dir='ltr'><strong>gratia</strong></span> <span class='ocrx_word' id='word_1_285' title='bbox 658 3019 770 3080; x_wconf 81' lang='lat' dir='ltr'><strong>facilius</strong></span> <span class='ocrx_word' id='word_1_286' title='bbox 790 3019 972 3096; x_wconf 87' lang='lat' dir='ltr'><strong>proniusque</strong></span> <span class='ocrx_word' id='word_1_287' title='bbox 987 3015 1077 3083; x_wconf 71' lang='lat' dir='ltr'><strong>luite</strong></span> 
     </span>
     <span class='ocr_line' id='line_1_35' title="bbox 62 3101 1052 3187; baseline -0.013 -18"><span class='ocrx_word' id='word_1_288' title='bbox 62 3108 146 3187; x_wconf 87' lang='lat' dir='ltr'><strong>quod</strong></span> <span class='ocrx_word' id='word_1_289' title='bbox 166 3108 303 3169; x_wconf 91' lang='lat' dir='ltr'><strong>Bocchus</strong></span> <span class='ocrx_word' id='word_1_290' title='bbox 322 3109 404 3168; x_wconf 91' lang='lat' dir='ltr'><strong>initio</strong></span> <span class='ocrx_word' id='word_1_291' title='bbox 424 3108 546 3169; x_wconf 90' lang='lat' dir='ltr'><strong>huiusce</strong></span> <span class='ocrx_word' id='word_1_292' title='bbox 568 3105 637 3166; x_wconf 89' lang='lat' dir='ltr'><strong>belli</strong></span> <span class='ocrx_word' id='word_1_293' title='bbox 658 3105 769 3181; x_wconf 89' lang='lat' dir='ltr'><strong>legatus</strong></span> <span class='ocrx_word' id='word_1_294' title='bbox 786 3103 909 3162; x_wconf 86' lang='lat' dir='ltr'><strong>llomam</strong></span> <span class='ocrx_word' id='word_1_295' title='bbox 932 3101 1052 3159; x_wconf 83' lang='lat' dir='ltr'><strong>miserat</strong></span> 
     </span>
     <span class='ocr_line' id='line_1_36' title="bbox 20 3185 1076 3270; baseline -0.013 -16"><span class='ocrx_word' id='word_1_296' title='bbox 20 3192 170 3261; x_wconf 68' lang='lat' dir='ltr'><strong>acfordus</strong></span> <span class='ocrx_word' id='word_1_297' title='bbox 192 3199 221 3254; x_wconf 91' lang='lat' dir='ltr'><strong>et</strong></span> <span class='ocrx_word' id='word_1_298' title='bbox 243 3193 399 3253; x_wconf 89' lang='lat' dir='ltr'><strong>amicitiam</strong></span> <span class='ocrx_word' id='word_1_299' title='bbox 420 3194 557 3270; x_wconf 91' lang='lat' dir='ltr'><strong>petitum:</strong></span> <span class='ocrx_word' id='word_1_300' title='bbox 588 3208 675 3269; x_wconf 87' lang='lat' dir='ltr'><strong>quam</strong></span> <span class='ocrx_word' id='word_1_301' title='bbox 697 3205 761 3247; x_wconf 88' lang='lat' dir='ltr'><strong>rem</strong></span> <span class='ocrx_word' id='word_1_302' title='bbox 784 3185 1076 3267; x_wconf 82' lang='lat' dir='ltr'><strong>oportunissumam5</strong></span> 
     </span>
     <span class='ocr_line' id='line_1_37' title="bbox 60 3268 1050 3357; baseline -0.013 -20"><span class='ocrx_word' id='word_1_303' title='bbox 60 3278 182 3357; x_wconf 89' lang='lat' dir='ltr'><strong>incepto</strong></span> <span class='ocrx_word' id='word_1_304' title='bbox 196 3275 275 3337; x_wconf 91' lang='lat' dir='ltr'><strong>hello</strong></span> <span class='ocrx_word' id='word_1_305' title='bbox 291 3278 379 3355; x_wconf 88' lang='lat' dir='ltr'><strong>pauci</strong></span> <span class='ocrx_word' id='word_1_306' title='bbox 394 3277 604 3354; x_wconf 88' lang='lat' dir='ltr'><strong>inpediverant,</strong></span> <span class='ocrx_word' id='word_1_307' title='bbox 622 3274 702 3333; x_wconf 85' lang='lat' dir='ltr'><strong>caeci</strong></span> <span class='ocrx_word' id='word_1_308' title='bbox 720 3272 847 3337; x_wconf 86' lang='lat' dir='ltr'><strong>avaritia,</strong></span> <span class='ocrx_word' id='word_1_309' title='bbox 864 3270 929 3346; x_wconf 88' lang='lat' dir='ltr'><strong>quis</strong></span> <span class='ocrx_word' id='word_1_310' title='bbox 944 3268 1050 3335; x_wconf 90' lang='lat' dir='ltr'><strong>omnia,</strong></span> 
     </span>
     <span class='ocr_line' id='line_1_38' title="bbox 60 3352 1077 3439; baseline -0.011 -17"><span class='ocrx_word' id='word_1_311' title='bbox 60 3360 188 3433; x_wconf 74' lang='lat' dir='ltr'><strong>honesta</strong></span> <span class='ocrx_word' id='word_1_312' title='bbox 212 3368 299 3439; x_wconf 90' lang='lat' dir='ltr'><strong>atque</strong></span> <span class='ocrx_word' id='word_1_313' title='bbox 317 3360 486 3427; x_wconf 89' lang='lat' dir='ltr'><strong>inhonesta,</strong></span> <span class='ocrx_word' id='word_1_314' title='bbox 508 3358 635 3419; x_wconf 86' lang='lat' dir='ltr'><strong>vendere</strong></span> <span class='ocrx_word' id='word_1_315' title='bbox 654 3374 718 3416; x_wconf 91' lang='lat' dir='ltr'><strong>mos</strong></span> <span class='ocrx_word' id='word_1_316' title='bbox 742 3361 812 3416; x_wconf 90' lang='lat' dir='ltr'><strong>erat.</strong></span> <span class='ocrx_word' id='word_1_317' title='bbox 850 3352 944 3411; x_wconf 84' lang='lat' dir='ltr'><strong>Etiam</strong></span> <span class='ocrx_word' id='word_1_318' title='bbox 967 3357 1077 3411; x_wconf 68' lang='lat' dir='ltr'><strong>anteat}</strong></span> 
     </span>
     <span class='ocr_line' id='line_1_39' title="bbox 60 3428 1084 3525; baseline -0.021 -22"><span class='ocrx_word' id='word_1_319' title='bbox 60 3444 222 3519; x_wconf 83' lang='lat' dir='ltr'><strong>iugurthae</strong></span> <span class='ocrx_word' id='word_1_320' title='bbox 231 3444 290 3504; x_wconf 80' lang='lat' dir='ltr'><strong>uin</strong></span> <span class='ocrx_word' id='word_1_321' title='bbox 303 3444 427 3506; x_wconf 85' lang='lat' dir='ltr'><strong>Boccho</strong></span> <span class='ocrx_word' id='word_1_322' title='bbox 438 3450 595 3525; x_wconf 85' lang='lat' dir='ltr'><strong>nupserat.</strong></span> <span class='ocrx_word' id='word_1_323' title='bbox 615 3442 735 3505; x_wconf 74' lang='lat' dir='ltr'><strong>Verum</strong></span> <span class='ocrx_word' id='word_1_324' title='bbox 744 3428 1084 3513; x_wconf 49' lang='lat' dir='ltr'><strong>eenecessuuhoannh</strong></span> 
     </span>
     <span class='ocr_line' id='line_1_40' title="bbox 49 3503 1110 3610; baseline 0.002 -29"><span class='ocrx_word' id='word_1_325' title='bbox 49 3523 195 3583; x_wconf 71' lang='lat' dir='ltr'><strong>Numidas</strong></span> <span class='ocrx_word' id='word_1_326' title='bbox 209 3525 398 3610; x_wconf 83' lang='lat' dir='ltr'><strong>Maurosque</strong></span> <span class='ocrx_word' id='word_1_327' title='bbox 419 3531 498 3596; x_wconf 84' lang='lat' dir='ltr'><strong>levis</strong></span> <span class='ocrx_word' id='word_1_328' title='bbox 514 3531 655 3602; x_wconf 86' lang='lat' dir='ltr'><strong>ducitur,</strong></span> <span class='ocrx_word' id='word_1_329' title='bbox 672 3528 750 3610; x_wconf 73' lang='lat' dir='ltr'><strong>qnia</strong></span> <span class='ocrx_word' id='word_1_330' title='bbox 761 3520 896 3599; x_wconf 65' lang='lat' dir='ltr'><strong>s&#39;xngxdm</strong></span> <span class='ocrx_word' id='word_1_331' title='bbox 909 3528 977 3591; x_wconf 52' lang='lat' dir='ltr'><strong>hm</strong></span> <span class='ocrx_word' id='word_1_332' title='bbox 992 3503 1110 3574; x_wconf 42' lang='lat' dir='ltr'><strong>mm</strong></span> 
     </span>
    </p>
   </div>
   <div class='ocr_carea' id='block_1_3' title="bbox 0 0 1156 4192">
    <p class='ocr_par' dir='ltr' id='par_1_3' title="bbox 0 0 1156 4192">
     <span class='ocr_line' id='line_1_41' title="bbox 0 0 1156 4192; baseline 0 0"><span class='ocrx_word' id='word_1_333' title='bbox 0 0 1156 4192; x_wconf 95' lang='lat' dir='ltr'><strong> </strong></span> 
     </span>
    </p>
   </div>
  </div>
 </body>
</html>
