2272 4176
216 184 259 227 nn
280 184 384 228 nunno
404 185 606 233 rrevsrnmo
629 189 655 231 o.
678 183 703 237 7.
722 182 747 237 8.
769 186 794 239 9.
950 179 988 239 41

54 350 88 401 o,
112 349 238 411 quorum
249 331 374 395 alterum
386 354 423 397 ex
441 337 622 414 providentia
635 339 786 409 timorem,
808 340 935 402 alterum
953 361 989 404 er

54 416 130 476 lacia
148 417 341 477 temeritatem
363 418 480 481 adferre
495 419 668 502 plerumque
681 421 763 482 solet.
794 422 886 500 Igitur
907 426 1020 503 lupe-o

55 517 90 559 or
108 500 203 558 omnis
218 498 281 560 lere
294 517 344 561 res
357 519 478 579 asperas
492 519 546 580 per
566 503 738 581 Iugurtham
756 523 854 584 agere,
873 508 904 567 in
918 511 991 568 ami·

71 582 200 651 hahere,
214 585 316 659 ‘magis
328 587 480 665 magisque
496 605 564 647 eum
585 589 614 648 in
637 589 698 649 dies
715 588 859 668 amplecti,
882 593 991 669 quippe

54 683 93 726 us
107 683 204 744 neque
227 666 380 728 eonsIlium
393 686 490 747 neque
510 671 659 748 inceptum
679 671 774 732 ullum
788 673 897 733 frustm
917 681 989 734 erat.

55 767 73 808 c
90 748 252 810 adcedebat
271 752 468 812 munificentia
482 754 570 813 animi
592 762 621 814 et
641 756 740 832 ingeni
756 754 902 825 sollertia,
925 759 1017 835 quior

54 849 99 892 ms
110 831 166 893 sibi
175 831 283 894 multos
294 851 331 895 ex
344 834 483 895 Romanis
498 834 632 898 familiari
650 840 775 899 amicitia
789 840 990 900 coniunxerat.

70 921 243 993 tempestate
264 917 295 977 in
315 919 447 979 exercitu
463 924 565 978 nostro
587 919 672 981 fuere
690 920 847 1000 conplures
866 924 933 983 novi
948 928 1024 991 ιιι-8

54 998 200 1069 enohiles,
218 999 325 1078 quibus
336 1000 450 1062 divitiae
466 1001 545 1062 hono
556 1003 739 1083 honestoque
750 1006 880 1082 potiores
896 1015 989 1075 erant,

55 1083 122 1143 tiosi
141 1081 229 1153 domi,
250 1090 386 1161 potentes
401 1084 480 1163 apud
497 1087 602 1155 socios,
625 1085 697 1147 clari
717 1089 809 1164 magis
828 1105 917 1166 quam
938 1089 991 1149 ho·

54 1166 97 1233 sti,
120 1167 172 1244 qui
192 1165 350 1243 Iugurthae
369 1185 430 1228 non
456 1168 635 1230 mediocrem
655 1171 786 1230 animum
804 1170 991 1249 pollicitando

54 1248 219 1319 :endehant
233 1249 388 1329 sihiicipsa
398 1268 452 1313 rex
466 1252 628 1322 occidisset,
646 1252 710 1315 lore
725 1256 768 1315 uti
782 1252 862 1314 solus
877 1257 991 1332 inperio

53 1333 161 1393 midiae
182 1335 341 1412 potiretur:
369 1335 398 1394 in
424 1336 489 1413 ipso
509 1353 677 1396 maxumam
702 1339 854 1407 virtutem,
879 1336 992 1399 Romae

56 1420 104 1478 nia
113 1416 243 1478 vaenalia
254 1433 327 1478 esse.
348 1417 398 1477 Set
408 1424 563 1497 postquam
574 1418 729 1479 Numantia
743 1419 838 1480 deleta
848 1420 881 1480 P.
894 1421 1022 1499 Scipion

54 1501 154 1561 rittere
172 1498 277 1560 auxilia
293 1506 323 1561 et
336 1501 399 1579 ipse
415 1503 524 1561 revorti
545 1501 664 1562 domum
685 1502 828 1572 decrevit,
851 1504 991 1566 donatum

54 1602 95 1644 ue
109 1583 260 1644 laudatum
280 1584 434 1660 magnifice
447 1602 503 1662 pro
517 1586 652 1645 contione
668 1585 840 1662 Iugurtham
855 1588 884 1646 in
906 1604 992 1664 prae·

54 1669 118 1728 ium
139 1665 259 1727 abduxit
279 1665 379 1746 ibique
401 1675 515 1729 secreto
540 1669 668 1738 monuit,
698 1675 732 1730 ut
757 1670 855 1746 potius
874 1668 992 1748 publice

54 1768 97 1811 rm
120 1751 254 1828 privatim
269 1752 424 1811 amicitiam
438 1749 540 1829 populi
559 1750 684 1812 Romani
699 1749 822 1820 coleret,
846 1769 904 1812 neu
927 1755 991 1830 qui·

54 1834 180 1910 slargIri
196 1835 389 1894 insuesceret:
411 1833 575 1912 periculose
589 1852 606 1894 a
624 1835 726 1911 paucis
743 1836 801 1894 emi
818 1833 897 1912 quod
916 1836 994 1896 mul·

53 1936 107 1979 um
126 1925 217 1977 esset:
239 1919 264 1976 si
283 1934 459 1995 permanere
481 1915 567 1977 vellet
582 1919 613 1976 in
627 1919 686 1976 suis
703 1917 829 1985 artibus,
851 1917 929 1977 ultro
950 1918 991 1978 illi

54 2001 176 2077 gloriam
191 2005 220 2060 et
234 2017 361 2076 regnum
374 2006 539 2069 venturum,
558 2001 603 2059 sin
619 2002 825 2079 properantius
841 2008 989 2078 pergeret,

54 2090 123 2143 umet
143 2085 239 2160 ipsum
259 2085 383 2160 pecunia
404 2085 594 2161 praecipitem
618 2100 765 2144 casurum.
807 2083 1027 2147 Sie'locutusi)

54 2186 76 2226 n
94 2166 198 2226 litteris
216 2184 291 2234 eum,
314 2184 388 2244 quas
400 2165 537 2243 Micipsae
556 2166 703 2237 redderet,
722 2167 841 2228 dimisit.
880 2167 992 2228 Earum

54 2251 152 2310 rtentIa
173 2249 247 2309 haec
265 2256 342 2309 erat:
366 2249 533 2326 ‘Iugurthae
552 2250 595 2309 tui
614 2248 692 2310 bello
710 2250 886 2312 Numantino
904 2250 1021 2328 longee

55 2351 146 2393 ruma
164 2334 255 2394 victus
275 2333 337 2401 luit,
354 2350 442 2411 quam
460 2350 524 2394 rem
542 2332 595 2393 tibi
615 2340 696 2393 certo
711 2335 772 2394 seio
788 2334 894 2410 gaudio
914 2352 988 2395 esse.

53 2417 101 2477 his
116 2415 154 2475 oh
170 2418 273 2476 merita
287 2433 340 2476 sua
361 2432 447 2476 carus
469 2422 526 2475 est:
549 2422 582 2476 ut
599 2417 677 2476 idem
690 2419 804 2477 senatui
822 2416 991 2494 populoque

54 2517 143 2560 mano
163 2501 215 2568 sit,
236 2517 349 2559 summa
365 2517 421 2577 ope
437 2501 572 2559 nitemur.
606 2498 671 2559 'libi
683 2498 801 2578 quidem
820 2516 876 2577 pro
890 2505 990 2560 nostra

54 2584 133 2643 icitia
149 2582 289 2658 gratulor.
315 2581 361 2641 En
377 2580 468 2642 hahes
482 2583 576 2642 vlrum
587 2582 707 2659 dignum
723 2588 751 2642 te
766 2588 854 2660 atque
868 2601 922 2643 aro
936 2600 991 2644 suo

55 2664 179 2727 sinissass
218 2665 310 2743 Igitur
331 2683 398 2734 rex,
423 2664 474 2725 ubi
497 2682 545 2734 ea,
569 2684 644 2744 quae
666 2666 743 2725 iama
762 2674 931 2743 acceperat,
955 2679 1023 2729 ext

53 2751 113 2811 eris
123 2751 299 2828 inperatoris
308 2750 348 2809 ita
365 2765 428 2810 esse
447 2749 590 2824 cognorit,
613 2766 681 2808 cum
695 2750 802 2808 virtute
822 2754 885 2809 tum
899 2751 992 2825 gratia

53 2835 63 2894 i
85 2839 237 2911 permotus
256 2831 336 2893 flexit
357 2835 486 2894 animum
508 2848 594 2892 suum
615 2838 644 2892 et
658 2830 831 2907 Iugurtham
851 2831 993 2893 benificiis

54 2935 127 2977 cere
149 2917 305 2993 adgressus
326 2923 371 2977 est
391 2917 545 2993 statimque
567 2932 634 2975 eum
662 2915 821 2993 adoptavit,
848 2922 877 2974 et
903 2920 992 2975 testa-

54 3007 109 3059 =nto
132 3002 242 3078 pariter
262 3018 329 3059 cum
347 2999 412 3059 filiis
430 2999 571 3060 heredem
593 2999 724 3057 institnit.

96 3084 147 3144 Set
160 3085 222 3161 ipse
237 3100 347 3162 paucos
363 3089 430 3161 post
448 3098 540 3142 annos
557 3079 663 3141 morbo
680 3086 767 3159 atque
782 3087 876 3141 aetate
892 3079 1019 3140 conlo-t

54 3184 75 3227 rs
93 3184 161 3228 cum
175 3166 230 3226 sibi
244 3166 332 3226 linem
347 3168 423 3226 ritae
443 3165 544 3225 adesse
563 3163 753 3238 intellegeret,
774 3179 874 3225 coram
892 3164 993 3223 amicis

58 3251 192 3327 cognatis
212 3251 341 3327 itemque
364 3246 530 3308 Adherbale
557 3254 587 3307 et
607 3246 772 3324 Hiempsale
799 3245 865 3306 filiis
887 3247 992 3307 dieitur

54 3335 134 3395 lusce
152 3333 233 3393 modi
247 3332 336 3393 verba
354 3348 421 3393 eum
435 3330 578 3407 Iugurtha
594 3328 746 3413 hahuisse:

95 3416 231 3478 ‘Parvom
242 3431 306 3492 ego,
326 3413 478 3492 Iugurtha,
500 3421 538 3484 te,
561 3414 666 3474 amisso
681 3419 765 3491 patre
779 3414 842 3475 sine
863 3432 915 3494 spe
929 3415 992 3474 sine
1004 3412 1048 3474 10
