2272 4176
124 483 188 548 250
444 484 496 546 DE
516 483 640 546 BELLO
662 484 777 547 awini

124 641 294 714 accidisset,
310 655 421 715 magna
434 638 622 701 mullitudine
637 639 758 699 navium
774 646 805 701 et
817 641 912 701 tutius
926 648 958 703 et
971 642 1088 705 facilius

123 725 154 784 in
170 725 302 785 Siciliam
314 732 458 800 receptus
474 725 607 784 daretur.

206 810 308 869 iCin.
332 809 420 870 Curio
435 818 596 883 utrumque
610 808 787 883 improbans
804 810 983 886 eonsilium,
998 829 1089 889 quan·

122 901 185 954 lam
200 895 285 953 alteri
300 896 467 954 sententiae
482 895 606 953 deesset
620 893 726 967 animi,
750 901 868 954 tantum
882 896 969 956 alleri
984 913 1088 973 super·

123 995 193 1038 esse
209 979 342 1037 dicebat:
368 979 425 1038 hos
441 979 635 1053 turpissimae
649 979 739 1053 fugae
752 979 903 1039 radonem
916 980 1045 1058 habere,
1058 982 1089 1042 il·

123 1066 169 1124 ios
185 1064 274 1122 etiam
289 1063 392 1137 iniquo
408 1065 476 1123 loeo
492 1063 696 1122 dimicandum
711 1068 828 1137 putore.
858 1064 925 1135 (lua
941 1067 1085 1142 enimin·
1130 1138 1132 1143 Ι

124 1150 202 1224 quit,
220 1150 334 1220 naaria
350 1155 379 1207 et
391 1166 480 1223 opere
490 1154 519 1206 et
528 1158 638 1206 nutura
650 1150 709 1207 loei
716 1151 912 1208 munitissima
923 1158 1088 1211 eastraea-

118 1236 346 1313 pupnariposse
356 1229 550 1304 confidimus?
571 1231 629 1291 Aut
638 1248 705 1291 uero
717 1233 984 1309 puidprolieimus,
1004 1239 1031 1296 si
1039 1253 1088 1296 aa·

122 1326 204 1393 cepto
220 1333 327 1390 mapno
345 1319 515 1376 detrimento
531 1317 568 1375 ab
584 1320 802 1391 oppupnatione
819 1327 987 1380 castrorum
998 1321 1087 1381 disee-
1130 1314 1132 1319 ’

123 1398 240 1462 dimus?
260 1401 352 1471 Quasi
371 1419 429 1461 non
448 1402 579 1474 felicitas
599 1417 701 1460 rerum
712 1409 864 1473 pasturum
878 1408 1029 1464 exereitus
1041 1405 1088 1465 le-

122 1488 312 1546 neaolentlam
330 1487 556 1560 imperatoribus
572 1492 601 1544 et
616 1503 665 1544 res
682 1487 826 1546 aduersae
842 1488 915 1545 odia
932 1485 1087 1563 callipont!

1128 1410 1132 1495 i

124 1572 292 1630 Castrorum
309 1578 405 1629 aulem
422 1573 542 1629 mutatio
559 1571 632 1644 quid
647 1570 735 1628 nabet
750 1573 809 1629 nisi
823 1577 941 1646 turpem
950 1574 1088 1647 supamel
1129 1578 1132 1595 '

124 1656 357 1730 desperationem
367 1659 494 1714 omniurn
504 1662 532 1714 et
542 1657 748 1713 alienationem
758 1653 931 1715 exereitus?
948 1658 1026 1717 Nam
1038 1676 1086 1718 ne-

123 1758 178 1815 que
184 1741 330 1814 pudentes
340 1743 489 1815 suspicari
498 1746 610 1814 oportet
619 1741 675 1798 sihi
681 1756 792 1814 parum
807 1742 906 1813 aredi,
924 1759 1020 1818 neque
1036 1747 1087 1803 int-

121 1825 227 1903 prolos
243 1827 320 1883 seire
336 1841 397 1883 sese
414 1827 524 1897 timeri,
546 1825 626 1898 quod
640 1826 700 1883 illis
716 1827 864 1884 licentiam
883 1828 972 1887 timor
988 1838 1088 1902 aapaal

122 1916 233 1980 noster,
251 1910 296 1967 leis
307 1910 404 1967 stadia
417 1910 576 1968 deminuat.
599 1908 720 1978 Quodsi
729 1911 802 1981 iam,
822 1908 936 1984 inquit,
951 1913 1086 1973 noeoea-

122 1997 239 2069 plorata
256 1994 429 2065 habeamus,
446 2010 522 2068 quae
541 1994 577 2051 de
593 1995 740 2051 exereitus
756 1995 934 2054 elimatione
946 1998 1086 2071 dicuntur,

122 2095 198 2153 quae
209 2079 325 2151 quidem
336 2093 389 2151 epo
400 2087 452 2136 aut
461 2080 577 2136 omnino
584 2077 670 2148 falsa
681 2083 733 2136 aut
742 2084 820 2136 eerte
830 2083 950 2139 minora
960 2084 1087 2156 opinione

122 2181 183 2222 esse
194 2163 316 2233 confido,
334 2169 442 2235 quanto
453 2162 527 2222 laaee
538 2163 724 2221 dissimulare
735 2168 764 2221 et
773 2166 926 2236 occultari,
941 2183 1031 2239 quam
1038 2183 1087 2243 per

123 2264 174 2306 nos
184 2249 356 2317 confirmari
358 2252 492 2320 praestet
498 2244 513 2306 l
535 2246 665 2317 Annon,
685 2249 729 2305 uti
745 2250 878 2321 eorporis
895 2252 1036 2325 aalma,
1052 2254 1087 2311 ila

123 2334 269 2390 exereitus
279 2333 461 2390 incommoda
472 2337 541 2389 sunt
550 2331 738 2404 tependa‚ne
748 2348 829 2405 spem
841 2333 1027 2395 aduersariis
1036 2352 1088 2395 aa·
1130 2381 1132 2389 ,

121 2411 265 2489 peamus?
285 2416 434 2488 Atellam,
457 2422 489 2474 ut
504 2417 946 2491 medianoetepralieiseamur‚
970 2422 1086 2491 addunt,

123 2515 179 2574 pao
189 2501 344 2571 maiorem,
355 2502 459 2570 eredo,
472 2502 619 2559 licentiam
630 2500 771 2569 labeant,
784 2505 973 2575 quipeeeare
983 2522 1086 2565 conen-

123 2591 181 2643 tur.
209 2584 342 2657 Namque
359 2585 526 2644 huiusmodi
541 2602 590 2643 res
605 2592 657 2643 aut
670 2586 787 2659 pudore
799 2592 852 2644 aul
861 2594 940 2646 metu
952 2595 1087 2663 tenentur,

124 2669 394 2743 quibusrebnsnoa
404 2671 533 2728 maxime
544 2670 719 2728 aduersaria
731 2676 781 2728 est.
805 2669 905 2739 Quare
916 2680 1088 2748 nepuelanlr

124 2771 187 2813 sum
199 2755 304 2826 animi,
325 2757 429 2813 alsine
445 2770 497 2828 spe
508 2760 608 2812 eastra
619 2756 822 2829 oppnpnanda
833 2771 985 2831 censeam,
1003 2775 1089 2834 nepae

125 2842 199 2899 tanti
209 2841 327 2911 timoris,
339 2848 371 2896 ut
381 2842 443 2913 ipse
454 2839 596 2910 deficiam,
609 2845 696 2913 atque
707 2842 803 2898 omnia
809 2843 899 2913 prius
909 2844 1089 2917 experienda

124 2924 252 2982 arbitror
269 2939 434 2998 maanapue
445 2940 484 2982 aa
494 2929 586 2998 parte
596 2926 656 2982 iam
666 2940 712 2982 rne
722 2940 784 2982 una
795 2925 940 2985 nobiseum
951 2929 990 2987 lle
1000 2947 1035 2989 re
1045 2931 1089 2988 iu-

125 3009 233 3067 dicium
241 3008 395 3079 saetarum
406 3009 528 3079 conlido.

207 3091 323 3150 XXXII.
338 3093 469 3151 Dimisso
486 3092 613 3151 consilio
629 3092 801 3152 contionem
815 3095 947 3156 advocat
958 3097 1088 3158 militum.

125 3175 358 3250 Commemorat,
384 3193 444 3251 quo
467 3177 506 3236 sit
527 3193 629 3236 eorum
649 3193 724 3236 usus
748 3180 848 3239 studio
870 3181 909 3239 ad
931 3181 1090 3242 corfinium

126 3260 251 3335 Caesar,
268 3268 300 3319 ut
313 3277 454 3334 magnam
469 3269 584 3336 partem
598 3261 700 3321 ltaliae
716 3264 864 3324 beneficio
881 3272 976 3340 atque
991 3276 1090 3328 aueto-

124 3345 211 3404 ritale
232 3361 336 3406 eorum
359 3362 445 3405 suam
465 3346 579 3405 feeerit.
616 3349 671 3408 Vos
687 3350 763 3406 enim
780 3355 965 3425 uestrumque
978 3354 1089 3425 saelum

124 3433 237 3503 omnia,
258 3431 368 3506 inquit,
392 3433 529 3506 deinceps
541 3434 703 3506 municipia
714 3440 906 3509 samsadolo,
928 3441 1090 3511 nepaesinae

125 3530 216 3574 eausa
221 3521 250 3574 et
256 3516 366 3576 Caesar
372 3521 545 3577 amicissime
556 3519 593 3576 ale
604 3518 681 3576 nolis
692 3527 720 3575 et
731 3520 776 3576 llll
788 3523 963 3590 pravissime
974 3524 1091 3584 iudica-

125 3610 236 3658 verunt.
268 3601 421 3676 Pompeius
447 3606 525 3662 enim
550 3605 630 3662 nullo
651 3604 768 3677 proelio
782 3607 890 3677 pulsas
911 3610 1002 3666 vestri
1018 3605 1091 3680 faeti

124 3685 308 3757 praeiudicio
325 3686 453 3746 demotus
469 3688 562 3748 Italia
578 3689 719 3755 excessit:
742 3686 853 3747 Caesar
863 3706 923 3764 me,
946 3708 1032 3767 quem
1041 3690 1093 3753 ali

126 3770 309 3831 carissimum
319 3770 427 3844 naluit,
433 3772 621 3846 prouinciam
631 3771 764 3832 Siciliam
776 3779 863 3848 atque
873 3774 1022 3851 Africam,
1034 3780 1091 3839 sine
