2302 4192
500 142 614 202 LIBER
635 144 657 201 1.
1046 141 1067 202 9

73 286 76 291 '
128 302 161 347 nc
171 290 252 363 pabuli
268 295 392 368 quidem
409 294 482 353 satis
493 308 608 374 'rrragna
630 292 719 366 copia
740 292 936 368 suppetebat:
960 308 997 354 eo
1013 310 1067 353 au-

128 375 338 451 tenlrumento,
361 379 445 454 quod
460 378 585 437 flumine
600 379 697 435 Arare
719 370 849 437 navibu's
871 378 1064 451 subvexerat,

126 466 259 531 propterea
272 463 373 521 minus
389 463 430 522 uti
446 468 580 537 poterat,
604 461 689 532 quod
703 461 760 519 iter
774 461 812 519 ab
827 463 924 519 Arare
937 461 1064 520 Helvetii

63 572 66 577 -
125 548 274 620 arcuerunt,
290 563 308 604 a
324 547 437 621 qrribus
453 546 614 605 discedere
629 544 761 604 nolebat.
790 545 876 603 Diem
891 560 929 602 eu
945 546 994 603 die
1010 546 1058 604 clu·

65 666 68 671 .
125 626 309 689 cereHacdui=
335 630 476 703 conferri,
493 629 677 703 conportari,
694 628 807 687 adesse
823 628 935 686 dicere.
956 628 1013 687 Ubi
1031 644 1074 687 se.¹

124 705 211 771 diutim
224 713 292 772 duci
306 714 454 773 intellexit
468 722 498 772 et
509 713 589 772 diem
603 714 727 784 instare,
745 728 806 787 quo
821 712 870 770 die
883 713 1064 771 frumentum

123 790 238 855 militibus
253 799 349 856 metiri
367 804 530 872 oporteret,
547 796 724 857 convocatis
745 812 850 855 corum
866 795 1063 869 principibus,

122 888 225 946 quorum
239 897 378 955 magnam
394 882 513 954 copiam
528 881 558 938 in
575 880 684 940 castris
706 879 851 952 habebat,
874 879 904 936 ln
919 879 967 937 his
983 879 1066 937 Divi-

121 956 180 1020 tiaco
192 971 219 1022 et
234 966 331 1039 Lisco,
356 965 407 1039 qui
424 981 543 1023 summo
558 963 746 1038 magistratui
762 970 903 1037 praeerat
916 995 958 1005 —
973 978 1064 1037 quem

120 1047 307 1119 vergobretum
335 1051 489 1124 appellant
508 1048 642 1121 Haedui,
670 1046 722 1121 qui
744 1053 863 1106 creatur
891 1063 1013 1105 annulus
1035 1055 1062 1105 e*

61 1144 64 1149 ·
117 1124 178 1187 ritae
191 1133 336 1207 necisque
358 1134 389 1191 in
405 1149 480 1193 suos
496 1132 588 1190 habet
608 1136 790 1205 potestatem
807 1165 844 1173 -
860 1131 992 1203 graviter
1007 1146 1062 1190 eos

113 1222 227 1289 accusat,
244 1217 337 1290 quod,
354 1226 422 1276 e'um
438 1231 539 1291 neque
554 1216 612 1273 emi
628 1230 730 1289 neque
746 1231 785 1273 ex
800 1215 881 1288 agris
897 1214 975 1273 sumi
990 1230 1061 1288 pos-

110 1302 155 1369 set,
168 1305 224 1356 tam
239 1301 418 1360 necessario
434 1308 579 1374 tempore,
595 1306 656 1357 tarn
671 1298 852 1373 propinquis
868 1298 1009 1358 hostibus
1025 1298 1063 1357 ab

108 1378 137 1437 is
151 1398 205 1441 non
220 1384 415 1453 sublevatum
439 1384 618 1459 praesertim
634 1398 703 1442 curn
717 1398 827 1455 magna
847 1398 886 1439 ex
900 1389 987 1456 parte
1011 1398 1061 1441 eo-

105 1478 161 1524 rum
181 1467 324 1540 precibus
347 1469 498 1527 adductus
514 1467 626 1526 bellum
648 1467 834 1540 susceperit,
857 1467 950 1525 inculto
973 1467 1060 1524 etiam

44 1598 46 1605 .
99 1550 226 1623 gravius,
242 1552 326 1625 quod
342 1552 382 1609 sit
396 1552 567 1623 destitutus,
584 1551 729 1625 queritur.

174 1634 279 1693 XVll..
301 1637 376 1694 Tum
403 1635 523 1694 deinum
544 1635 654 1693 Liscus
683 1632 819 1694 oratione
841 1631 980 1693 Caesaris
1009 1634 1060 1692 ad-

95 1717 211 1790 ductus,
233 1719 317 1793 quod
334 1725 424 1777 antea
439 1726 582 1791 tacuerat,
605 1719 764 1792 proponit=
792 1716 871 1774 Esse
886 1719 1061 1791 nonnullos,

93 1818 222 1876 quorum
243 1803 409 1862 auctoritas
431 1803 513 1876 apud
540 1803 660 1876 plebem
682 1800 845 1875 plurimum
865 1802 980 1873 valeat,
1010 1802 1060 1874 qui

92 1886 229 1959 privatim
252 1888 322 1960 plus
337 1887 459 1961 possint
474 1902 564 1961 quarn
585 1886 645 1960 ipsi
666 1885 870 1959 magistratus.
900 1883 965 1942 Hos
981 1884 1061 1943 sedi-

90 1970 169 2029 tiosa
183 1977 277 2045 atquc
292 1971 432 2045 improba
447 1970 586 2029 oratione
600 1969 822 2030 multitudinem
837 1968 1001 2042 deterrere,
1023 1985 1061 2027 ne

88 2055 273 2113 trumentum
295 2056 468 2128 conserant,
498 2055 582 2128 quod
605 2060 763 2128 praestare
785 2052 931 2110 debeant:
955 2053 1062 2112 silam

88 2138 291 2213 principatum
300 2138 413 2197 Galliae
428 2139 565 2197 obtinere
580 2156 641 2198 non
656 2138 786 2211 possint,
804 2136 957 2195 Gallorum
969 2153 1060 2211 quam

87 2223 296 2282 Romanorum
313 2222 439 2296 imperia
454 2223 625 2296 praeferre,
648 2237 750 2296 neque
765 2219 905 2300 dubitare
920 2221 1059 2294 debeant,

87 2306 173 2381 quin,
190 2306 217 2364 si
231 2306 389 2365 Helvetios
406 2307 620 2380 superaverint
630 2305 769 2378 Romani,
785 2319 927 2364 unacum
942 2305 1061 2378 reliqua

85 2389 328 2449 Galliallaeduis
339 2390 507 2449 libertatem
518 2391 579 2449 sint
594 2390 737 2464 erepturi.
760 2388 808 2448 Ab
825 2388 943 2447 eisdem
954 2396 1061 2448 nostra

85 2474 218 2534 consilia
235 2488 376 2548 quaeque
391 2475 422 2533 in
438 2474 547 2533 castris
569 2482 714 2549 gerantur
728 2472 870 2532 hostibus
894 2473 1059 2532 enuntiari:

85 2560 146 2617 bos
162 2573 181 2615 a
197 2572 231 2615 sc
247 2559 382 2616 coerceri
397 2575 458 2617 non
475 2574 579 2633 posse.
607 2558 684 2632 Quin
700 2558 799 2630 etiam,
817 2555 901 2629 quod
915 2571 1057 2614 necessa-

84 2643 131 2701 rio
142 2656 208 2699 rem
217 2648 341 2700 coactus
351 2642 472 2701 Caesari
484 2643 654 2715 enuntiarit,
668 2642 843 2714 intellegere
851 2654 931 2713 sese,
945 2647 1059 2712 quanto

84 2726 114 2785 id
133 2741 204 2783 cum
220 2725 356 2798 periculo
372 2727 486 2801 lecerit,
503 2734 533 2785 et
545 2726 584 2786 ob
600 2742 666 2785 eam
682 2741 815 2797 causam,
832 2739 923 2798 quam
938 2724 990 2783 dio
1003 2737 1057 2799 po·
1112 2784 1116 2791 ,

84 2809 186 2883 tuerit,
207 2808 350 2869 tacuisse.

169 2893 276 2951 XVlll.
301 2892 412 2952 Cacsar
423 2892 481 2952 hac
497 2894 635 2953 oratione
645 2893 726 2951 Lisci
737 2892 962 2964 Dumnorigem,
977 2889 1057 2950 Divi-

83 2977 155 3038 tiaci
169 2978 302 3050 tratrem,
315 2977 469 3049 designari
479 2977 638 3050 sentiebat,
652 2977 716 3050 scd,
730 2977 814 3051 quod
822 2975 960 3051 pluribus
970 2990 1056 3048 prae-

83 3061 228 3121 sentibus
250 3076 303 3119 cas
318 3076 369 3120 res
394 3060 500 3119 iactari
515 3061 653 3135 uolebat,
676 3061 815 3120 celeriter
836 3059 998 3119 concilium
1013 3060 1056 3118 di-

83 3146 182 3217 mittit,
195 3144 317 3203 Liscum
328 3145 446 3203 ratinet.
468 3145 592 3217 Quaerit
600 3160 639 3203 ex
647 3146 714 3203 solo
728 3160 764 3203 ea
776 3158 855 3219 quae
866 3143 896 3201 in
906 3151 1058 3205 conventu

83 3228 215 3289 dixerat.
240 3229 318 3288 Dicit
329 3228 452 3287 liberius
465 3236 557 3304 atque
572 3229 729 3288 audacius.
752 3228 868 3286 Eadem
884 3234 1003 3288 secreto
1019 3229 1057 3287 ab

82 3314 152 3373 aliis
169 3313 305 3388 quaerit;
320 3312 434 3387 reperit
448 3328 519 3372 esse
530 3328 618 3371 vera:
634 3315 738 3386 Ipsum
753 3312 1056 3386 csseDumnorigem,

83 3413 207 3459 summa
222 3398 366 3471 audacia,
388 3412 498 3470 magna
512 3397 596 3472 apud
612 3397 733 3471 plebem
749 3403 875 3470 propter
896 3395 1053 3456 liberalita-

263 3494 276 3517 Ο
