2272 4176
46 39 210 73 num-⁴³:¹5·

48 116 79 226 ᾗ
505 157 619 220 amun
642 161 663 219 l.
991 157 1053 225 aar

77 310 118 377 lls
133 312 276 375 remedia
291 313 451 376 dabantur.
478 312 579 373 Prima
599 318 689 374 nocte
711 313 844 388 aquandi
859 330 954 376 causa
967 332 1055 379 nemo

81 396 238 473 egreditur
252 414 294 458 ex
310 400 435 469 castris3
450 399 590 474 proximo
606 398 655 457 die
670 398 824 473 praesidio
840 400 870 458 in
886 401 994 461 castris
1008 417 1056 462 re·

82 482 150 543 icto
160 483 329 544 universas
341 485 381 544 ad
391 499 502 560 aquam
514 483 620 557 copias
633 483 774 557 educunt,
786 483 961 557 pabulatum
973 487 1055 547 emit-

88 566 151 627 titur
164 582 271 629 nemo.
291 567 347 628 His
363 584 417 630 eos
433 567 590 643 supplices
604 567 691 626 malis
705 567 819 627 habere
835 569 946 629 Caesar
961 576 991 630 et
1004 586 1055 630 ne·

92 651 251 713 cessariam
266 653 371 713 subire
385 653 570 713 deditionem
586 668 676 727 quam
691 652 808 727 proelio
825 653 979 714 decertare
994 671 1056 715 ma·

93 736 171 797 lebat.
201 737 337 797 conatur
358 745 457 797 tamen
480 753 535 796 eos
556 738 637 796 vallo
651 738 799 811 fossaque
815 737 1055 816 circummunire,

78 826 229 901 utquam
249 821 382 881 maxime
396 822 572 897 repentinas
594 836 698 881 eorum
720 821 896 896 eruptiones
918 825 1042 884 demorc

96 912 149 1003 lum
163 921 226 981 quo
242 907 420 966 necessario
437 907 642 966 descensuros
658 904 738 964 exist
726 904 858 965 timebat.
892 907 936 966 Illi
948 909 999 967 et
991 924 1054 969 rno-

100 990 139 1065 pia
148 991 251 1065 pabuli
265 991 388 1053 adducti
403 996 433 1052 et
452 997 625 1066 quoesscnt
638 990 678 1048 ad
691 989 721 1048 id
736 990 941 1064 expeditiores
957 993 1056 1053 omnia

100 1074 251 1135 sarcinaria
265 1070 398 1135 iumenta
412 1075 539 1135 interfici
553 1074 665 1134 iubent.
998 1138 1002 1144 ,

166 1158 310 1219 LXXXII.
340 1161 373 1219 ln
394 1160 441 1219 his
463 1159 607 1234 operibus
629 1158 828 1234 consiliisque
843 1159 966 1220 biduum
983 1176 1054 1222 con·

102 1244 229 1314 sumit1u3
254 1243 342 1305 tertio
363 1245 413 1304 die
426 1259 537 1318 magna
551 1244 610 1303 iam
625 1259 696 1317 pars
712 1244 815 1318 operis
831 1243 968 1304 Caesaris
983 1263 1053 1321 pro-

102 1334 229 1389 cesserat
264 1327 309 1387 Illi
330 1328 542 1403 impediendae
561 1328 605 1386 rei
627 1343 721 1387 causa
740 1329 816 1389 hora
836 1329 954 1388 circiter
975 1348 1056 1392 nona

102 1413 174 1488 signo
193 1413 265 1473 dato
287 1412 424 1487 legiones
449 1413 582 1472 educunt
610 1412 768 1488 aciemque
794 1413 851 1473 sub
877 1414 984 1474 castris
1009 1416 1054 1476 in·

101 1504 213 1558 mount.
243 1497 356 1557 caesar
380 1498 418 1558 ab
445 1513 539 1573 opere
564 1497 700 1572 legiones
725 1503 863 1571 revocat,
889 1500 1053 1573 equitatum

102 1597 204 1643 omnem
219 1582 384 1642 convenire
398 1583 489 1656 iubet,
505 1582 600 1642 aciem
614 1582 748 1643 instruit:
764 1589 870 1643 contra
881 1584 1053 1656 opinionem

73 1668 76 1679 '
101 1667 166 1727 euim
183 1667 309 1726 militum
330 1668 502 1742 famamque
524 1667 656 1727 omnium
676 1666 773 1727 videri
797 1666 947 1741 proelium
968 1668 1053 1728 delu-

99 1752 169 1826 gisse
191 1766 334 1826 magnum
357 1752 569 1812 detrimentum
595 1752 760 1811 adferebat.
803 1750 865 1811 Sed
886 1752 1000 1811 eisdem
1016 1753 1054 1811 de

100 1836 201 1911 causis,
228 1851 309 1912 quae
330 1843 402 1896 sunt
423 1837 577 1912 cognitae,
605 1852 666 1910 quo
682 1836 781 1895 minus
796 1835 940 1894 dimicare
954 1838 1053 1910 vellet,

99 1921 277 1995 movebatur,
293 1927 385 1996 atque
398 1920 457 1982 hoc
472 1921 562 1981 etiam
577 1921 688 1995 magis,
716 1921 800 1996 quod
814 1920 905 1994 spatii
920 1921 1052 1980 brevitas

98 2006 172 2065 eliam
182 2005 213 2064 in
228 2006 331 2080 lugam
346 2006 490 2065 coniectis
505 2005 689 2065 adversariis
705 2022 765 2066 non
780 2007 904 2066 mullum
920 2005 959 2066 ad
973 2022 1053 2067 sum·

96 2105 162 2150 nam
174 2090 321 2150 victoriae
335 2089 440 2151 iuvare
456 2097 584 2166 poterat.
612 2091 678 2151 Non
700 2091 778 2150 enlm
793 2091 924 2166 amplius
940 2094 1053 2167 pedum

93 2176 202 2235 milibus
228 2175 350 2235 duobus
372 2177 409 2235 ab
433 2175 540 2235 castns
563 2180 663 2234 castra
684 2176 844 2236 distabant.
883 2176 959 2237 Hinc
976 2179 1052 2237 duas

91 2268 183 2334 partes
199 2261 283 2320 acies
299 2261 492 2335 occupabant
507 2260 602 2329 duac;
631 2260 719 2319 tertia
740 2261 870 2320 vacabat
892 2262 932 2320 ad
953 2262 1051 2321 incur-

90 2359 148 2404 sum
162 2353 256 2420 atque
271 2345 416 2419 impetum
432 2346 556 2403 militum
571 2345 684 2404 relicta.
708 2344 739 2405 Si
755 2346 901 2421 proelium
919 2348 1051 2406 commit-

89 2435 201 2502 teretur,
218 2431 430 2505 propinquitas
444 2436 612 2489 castrorum
624 2433 753 2489 celerem
766 2430 917 2504 superatis
930 2445 968 2489 ex
981 2432 1052 2505 luga

86 2523 236 2589 receptum
259 2515 359 2573 dabat.
388 2515 452 2573 Hac
474 2515 512 2573 de
535 2530 629 2574 causa
651 2515 848 2574 constituerat
870 2514 958 2588 signa
977 2514 1052 2574 inle-

46 2555 52 2692 ι
85 2600 215 2659 rentibus
230 2599 384 2673 resistere,
400 2600 484 2673 prior
498 2601 615 2673 proelio
632 2615 691 2658 non
708 2601 872 2658 lacessere.

146 2683 304 2743 LXXXlll.
321 2683 412 2743 Acies
425 2691 489 2743 erat
478 2684 660 2750 lAraniana
672 2684 786 2758 duplex
798 2682 950 2756 legionum
965 2683 1051 2758 quin-

46 2783 152 2844 que;
176 2769 300 2827 tertium
320 2768 350 2825 in
366 2769 512 2828 subsidiis
529 2769 629 2826 locum
646 2770 758 2827 alariae
774 2767 917 2828 cohortes
934 2767 1050 2828 obtine-

46 2844 49 2879 ¹
84 2852 162 2912 bant
187 2852 329 2912 Caesaris
346 2853 472 2927 triplex
495 2853 550 2911 sed
566 2869 692 2926 pinnum
707 2868 803 2911 acrem
820 2857 892 2926 qua
894 2866 985 2910 ernae
1000 2867 1050 2911 co

46 2986 50 3013 ,
46 2930 180 2997 hortos
197 2953 247 2996 ex
244 2938 389 3011 quinque
405 2937 604 3011 legionibusl
594 2938 736 2996 lenebt
686 2943 751 3004 mt3
777 2936 833 2994 has
849 2935 1051 2995 subsidiariae

46 3052 48 3057 ·
83 3024 180 3082 lernae
195 3028 227 3081 et
241 3037 348 3080 rursus
361 3023 438 3080 aliae
450 3023 572 3080 totidem
590 3036 664 3079 suae
678 3022 827 3093 cuiusque
837 3019 965 3092 legionis
978 3019 1050 3079 sub-

82 3107 250 3182 coquebant
252 3122 304 3174 ur;
317 3123 320 3129 ·
331 3106 475 3179 sagittarii
493 3106 725 3180 lundiloresque
740 3105 840 3163 media
855 3103 1051 3163 contineban-

81 3195 123 3249 tur
137 3191 215 3263 acie,
232 3190 386 3264 equitatus
403 3193 497 3249 latera
513 3191 660 3262 cingebat.
687 3191 750 3248 Tali
766 3190 913 3247 instructa
927 3187 992 3246 acie
1007 3198 1049 3248 te·
1114 3244 1118 3253 .

80 3290 146 3335 nere
160 3282 295 3348 uterque
313 3276 502 3350 propositum
520 3274 695 3333 videbatur:
723 3273 842 3343 Caesar,
858 3287 896 3330 nc
909 3271 966 3331 nisi
980 3288 1049 3333 coa·
1112 3306 1116 3315 ·

80 3366 139 3421 elus
156 3359 309 3435 proelium
331 3376 389 3419 non
412 3359 627 3427 committeret;
657 3358 720 3432 ille,
751 3365 783 3418 ut
801 3372 896 3431 opera
911 3357 1050 3418 Caesaris

81 3440 252 3521 impediret.
279 3443 458 3506 Producitur
473 3452 535 3504 tum
550 3460 618 3522 res,
644 3443 790 3522 aciesque
810 3442 849 3503 ad
871 3443 945 3503 solis
960 3458 1046 3504 occa-
