2272 4176
417 154 539 221 'amaa
559 162 628 220 ιιι-
939 126 942 133 ’
961 159 999 229 71

52 311 70 375 ri
91 327 135 373 ex
151 311 245 373 litore
267 312 385 387 aliquos
400 314 572 391 singulares
582 314 702 379 exnavi
718 316 912 389 egredientes
927 335 998 378 eon·

52 404 211 472 rexerant,
227 396 357 457 incitatis
372 399 458 473 equis
474 398 637 473 impeditos
653 399 878 475 adoriebantur,
894 404 998 475 plures

52 497 140 543 moos
157 480 335 541 circumsist
323 481 439 555 t‚ebant
466 483 514 542 alii
538 483 577 542 ab
598 483 641 542 lat
629 491 693 542 tere
709 484 838 556 aperto
830 500 860 542 m
876 486 998 545 univer-

52 582 74 625 ιε
88 567 154 625 tela
169 564 370 625 coniciebant.
407 566 495 662 Quod
511 583 579 627 cum
594 566 861 626 animadvertisset
875 569 996 644 Caesar,

52 650 159 722 aphas
175 642 336 721 longarum
352 650 482 722 navium,
497 650 569 710 item
585 650 791 724 speculatoria
805 651 928 725 navigia
942 655 997 713 mi-

53 733 121 792 ibus
139 730 313 806 compleri
306 733 393 794 lussit
408 740 452 807 et,
480 749 558 808 quos
582 735 722 793 laborant
710 741 757 793 tes
781 745 995 808 conspexerat,

53 833 68 874 s
82 817 230 876 subsidia
250 815 450 876 submittebat.
480 818 583 877 Nostri
598 818 710 877 simul
703 834 732 874 m
748 819 834 879 arido
852 820 995 879 constite-

52 909 103 974 ml,
131 900 201 960 suis
228 898 367 959 omnibus
390 901 565 961 consecutis
587 902 617 959 in
632 901 739 961 hostes
755 902 900 976 impetum
915 905 995 962 lece-

52 992 88 1043 mt
102 992 199 1060 atque
215 998 270 1042 eos
286 983 315 1041 in
331 982 432 1057 lugam
448 984 612 1058 dederunt,
635 1001 736 1059 oeque
750 987 871 1060 longius
887 1003 995 1060 prose·

52 1068 72 1127 ri
86 1073 264 1143 potuerunt,
281 1067 363 1140 quod
377 1068 496 1142 equites
513 1083 634 1128 cursum
647 1076 749 1128 terrere
763 1078 853 1144 atque
865 1070 994 1131 insulam

52 1167 132 1229 tpere
148 1168 212 1210 non
227 1157 396 1225 potuerant.
422 1151 488 1211 Hoc
503 1168 596 1213 unum
612 1153 651 1211 ad
667 1154 825 1226 pristinam
842 1155 994 1213 fortunam

52 1236 144 1296 tesari
161 1235 266 1294 defuit.

99 1319 224 1380 XXVII.
246 1319 359 1378 Hostes
379 1319 497 1392 proelio
513 1320 664 1394 superati,
692 1321 780 1380 simul
796 1330 888 1395 atque
903 1338 939 1380 se
954 1338 991 1380 er

52 1421 88 1478 ga
102 1408 299 1477 receperunt,
315 1402 414 1462 statim
429 1404 468 1461 ad
484 1404 645 1462 Caesarem
662 1406 778 1476 legatos
794 1405 832 1463 de
846 1421 924 1478 pace
939 1408 989 1464 mi-

52 1495 137 1559 rum,
175 1486 304 1547 obsides
330 1486 455 1546 daturos
483 1502 625 1561 quaeque
650 1489 832 1560 imperasset
857 1489 991 1548 facturos

53 1588 87 1632 se
101 1570 231 1647 polliciti
248 1576 326 1629 sunt.
355 1569 423 1629 Una
437 1586 506 1629 cum
520 1569 568 1628 his
582 1571 690 1644 legatis
700 1572 992 1631 CommiusAtrebas

52 1656 105 1729 nit,
129 1671 224 1730 quem
240 1669 335 1727 supra
350 1653 631 1713 demonstraveram
647 1671 665 1712 a
681 1656 812 1714 Caesare
827 1657 856 1713 in
872 1655 983 1714 Britan·

52 1757 95 1799 em
111 1738 328 1813 praemissum.
343 1736 431 1796 Hunc
445 1738 487 1796 illi
503 1754 520 1796 e
535 1738 604 1796 nari
617 1753 786 1811 egressum,
804 1740 922 1797 eumad
935 1755 991 1797 eos

52 1825 148 1883 atoris
173 1821 268 1880 modo
295 1820 435 1879 Caesaris
461 1823 605 1880 mandata
627 1823 759 1881 (lelertre
749 1822 993 1895 t‚eonprehen⁴

52 1913 234 1980 cantatque
250 1904 280 1962 in
300 1904 423 1962 vincula
445 1905 654 1964 coniecerant·
684 1911 747 1964 lum
769 1905 885 1978 proelio
909 1907 989 1966 laeto

52 1993 200 2049 miserunt
214 1988 266 2046 et
258 2005 288 2045 ιιι
304 1987 437 2061 petenda
449 2002 526 2060 pace
541 1988 606 2048 eius
620 2004 663 2045 rer
680 1989 822 2061 culpam
815 2006 844 2047 m
860 1990 934 2047 mult
924 1972 990 2049 titu-

52 2091 115 2132 nem
135 2074 374 2132 contulerumet
344 2079 480 2144 etprop
482 2088 515 2128 er
529 2073 752 2145 inprudentiam
767 2080 800 2132 ut
814 2073 990 2145 ignoscere-

52 2176 61 2216 r
75 2159 261 2232 petiverunt.
303 2157 415 2213 Caesar
431 2163 568 2229 questus
585 2157 676 2229 quod,
694 2172 762 2214 cum
776 2158 877 2228 ultro
871 2174 901 2214 m
918 2174 988 2217 con-

52 2251 159 2301 ventem
181 2239 291 2311 legatis
312 2238 416 2295 missis
438 2254 547 2311 pacem
569 2240 606 2297 ab
629 2254 663 2297 sc
685 2241 850 2313 petissent,
876 2241 988 2300 bellum

52 2342 79 2385 re
96 2340 195 2384 causa
209 2322 397 2394 intulissent,
413 2321 576 2394 ignoscere
591 2324 802 2396 inprudentiae
817 2325 892 2382 dixit
907 2325 986 2383 obsi-

52 2425 133 2483 sque
155 2405 334 2480 imperavit;
364 2421 493 2478 quorum
515 2406 556 2463 illi
579 2414 695 2479 partem
712 2407 811 2466 statim
829 2408 988 2479 dederunt,

52 2501 132 2553 rtem
155 2507 196 2549 ex
219 2488 486 2562 longinquioribus
508 2490 585 2548 locis
609 2491 786 2550 arcessitam
803 2491 909 2563 paucis
925 2492 989 2549 die-

54 2594 69 2635 s
89 2592 163 2635 sese
186 2575 313 2633 daturos
337 2573 487 2631 dixerunt.
527 2575 645 2633 Interea
667 2591 741 2634 suos
766 2575 932 2645 remigrare
958 2573 988 2631 in

52 2677 103 2719 ros
127 2660 301 2730 iusserunt,
326 2657 545 2730 principesque
566 2658 701 2732 undique
724 2659 888 2716 convenire
910 2664 940 2716 et
954 2672 989 2715 se

52 2743 217 2816 ritatesque
233 2757 307 2799 suas
325 2741 447 2798 Caesari
464 2743 678 2800 commendare
694 2748 870 2815 coeperunt.

93 2825 232 2886 XXVIII.
254 2823 309 2882 His
324 2824 417 2882 rebus
432 2840 510 2897 pace
527 2825 704 2883 confirmata
719 2832 791 2898 post
806 2825 885 2884 diem
899 2841 988 2898 quar·

52 2928 73 2970 n
88 2927 184 2983 quam
199 2915 247 2967 est
260 2908 292 2965 in
305 2907 490 2968 Britanniam
506 2914 637 2981 ventum,
654 2926 749 2967 naves
764 2925 853 2981 xvrrr,
869 2908 908 2966 <le
923 2907 987 2980 qui-

52 3011 181 3068 ssupra
192 2993 433 3051 demonstratum
446 2997 501 3059 est,
519 3008 597 3065 quae
610 2993 727 3066 equites
740 2993 933 3062 sustulerant
949 3007 987 3048 ex

53 3079 173 3153 periore
189 3082 282 3150 portu
296 3075 357 3134 leni
367 3081 458 3132 vento
473 3077 637 3134 solverunt.
655 3077 737 3148 Quae
747 3075 987 3148 eumadpropin-

52 3168 141 3221 arent
155 3158 335 3219 Britanniae
351 3166 432 3217 etex
450 3159 558 3217 castris
574 3160 759 3230 viderentur,
775 3163 859 3216 tama
872 3165 987 3232 tempe·

52 3260 78 3303 us
92 3247 192 3304 subito
210 3249 320 3302 coorta
334 3248 389 3314 est,
404 3249 437 3299 ut
452 3243 534 3300 nulla
549 3259 653 3301 earum
666 3259 788 3301 cursum
799 3248 904 3301 tenere
916 3258 988 3316 pos-

52 3330 138 3398 ased
154 3329 235 3386 aliae
251 3327 378 3398 eodem,
394 3327 477 3384 unde
493 3333 579 3384 erant
594 3328 766 3400 proiectae,
792 3328 987 3398 reserrentur,

52 3414 92 3489 iae
104 3413 143 3472 ad
156 3410 336 3474 inferiorem
350 3415 467 3483 partem
483 3411 609 3485 insulae,
624 3426 703 3484 quae
715 3417 762 3470 est
773 3414 900 3489 propius
913 3412 988 3472 solis
