2272 4176
137 487 199 552 aas
443 485 600 549 enatum
619 458 798 548 mareau.

139 650 200 717 set,
215 655 295 719 quae
309 653 377 702 enm
392 654 521 701 necesse
535 647 600 700 erat
614 639 838 717 praetergredi,
852 638 998 702 Labienus
1011 640 1079 701 lire
1130 688 1132 693 ⁴

139 727 270 802 ninsque
290 740 359 786 cum
381 723 461 786 omni
481 724 616 798 equitatu
631 725 752 800 levique
766 732 920 787 armatura
932 740 969 784 ex
982 722 1079 785 insidiis
1130 760 1132 767 ·

140 811 236 871 adorti
251 810 361 884 agruim
383 809 448 869 eius
464 815 598 869 extremo
614 824 649 869 se
663 808 797 870 offerunt
818 815 911 885 atque
924 824 962 869 ex
975 808 1080 870 collibus
1130 836 1132 873 :

139 895 244 971 primis
269 893 410 954 existunt.
450 892 537 965 Quod
562 900 724 967 postquam
750 893 865 954 Caesar
888 891 1080 965 animadvertit,

141 979 291 1053 equitibus
307 978 371 1038 suis
393 976 526 1036 hostium
546 978 576 1036 vi
597 977 748 1052 oppositis
768 978 907 1039 sarcinas
922 977 1080 1053 legionarios

139 1064 169 1123 in
185 1077 327 1122 acervum
351 1061 433 1120 iubet
454 1068 636 1134 comportare
650 1068 742 1136 alque
758 1062 897 1123 celeriter
911 1062 997 1136 signa
1009 1060 1081 1121 hosi

50 1170 53 1177 ·
140 1147 197 1207 bns
213 1147 331 1205 inferre.
350 1176 352 1181 ·
372 1144 459 1218 Quod
484 1152 646 1219 postquam
666 1153 808 1221 coeptum
832 1155 880 1208 est
901 1145 979 1220 fieri,
1006 1145 1082 1221 prino

140 1231 254 1305 impetu
266 1229 416 1303 legionum
429 1230 579 1303 equitatus
592 1236 622 1289 et
633 1230 707 1289 levis
720 1236 874 1289 arnratma
885 1230 1082 1290 hostiumnullo

141 1315 262 1388 negotio
279 1315 346 1372 loco
362 1316 451 1388 pulsa
465 1319 495 1371 et
509 1313 626 1372 deiecta
639 1322 686 1374 est
700 1314 738 1372 de
754 1315 840 1373 colle.
872 1314 947 1374 Cum
961 1315 1015 1374 iam
1028 1312 1083 1374 cae

141 1414 192 1458 sar
207 1397 411 1457 existimasset
425 1397 529 1456 hostes
545 1399 652 1472 pulsos
665 1398 889 1473 deterritosque
904 1398 994 1458 finem
1007 1400 1084 1458 laee-

143 1483 230 1541 sendi
247 1482 379 1540 tacturos
395 1489 424 1541 et
437 1480 494 1539 iter
509 1488 650 1555 coeptum
665 1496 792 1556 pergere
808 1482 980 1556 coepisset,
999 1483 1084 1542 iterun

143 1566 279 1625 celeriter
294 1579 331 1622 ex
347 1564 492 1638 proximis
509 1565 635 1625 collibus
651 1572 814 1639 erumpunt
828 1572 921 1641 atque
937 1567 1084 1626 eademne

144 1649 238 1724 lione,
255 1664 315 1721 qua
329 1655 398 1708 ante
413 1647 490 1721 dixi,
506 1649 535 1707 in
552 1648 690 1708 Caesaris
706 1650 890 1723 legionarios
906 1650 1042 1725 impetum
1053 1648 1084 1707 la·

143 1733 224 1794 ciunt
249 1732 393 1791 Numidae
418 1731 554 1807 levisque
584 1741 767 1804 armaturae,
796 1734 925 1794 nrirabili
950 1734 1085 1793 velocitate

143 1815 284 1891 praediti,
311 1816 362 1890 qui
384 1816 459 1875 inter
480 1817 598 1891 equites
620 1817 793 1891 pugnabant
815 1824 844 1877 et
858 1832 920 1878 una
936 1819 1086 1893 pariterque

143 1916 210 1960 cum
226 1900 378 1975 equitibus
394 1915 554 1959 accurrere
569 1907 599 1960 el
613 1903 751 1974 refugere
771 1909 1004 1961 consueverant.
1031 1900 1086 1960 dun

142 1984 200 2044 hoc
222 1984 345 2058 saepius
368 1986 501 2043 lacerent
521 1991 551 2043 et
573 1984 802 2058 proficiscentes
818 1987 953 2046 Iulianos
968 1986 1086 2059 inseqne·

142 2076 260 2141 rentur,
288 2069 460 2142 refugerent
481 2069 636 2138 instantes,
659 2069 785 2142 propius
808 2087 867 2129 non
885 2071 1088 2129 accederentel

143 2153 287 2226 singulari
303 2167 414 2225 genere
430 2168 549 2226 pugnae
566 2159 719 2213 uterentur
732 2169 850 2228 eosque
867 2154 974 2213 iaculis
987 2152 1088 2214 convul

143 2253 249 2295 narare
265 2237 338 2295 satis
351 2251 421 2296 esse
433 2238 648 2309 existimarent,
666 2238 777 2297 Caesar
788 2239 936 2298 intellexit
947 2238 1015 2296 nihil
1026 2233 1088 2296 aliud

144 2335 198 2378 eos
215 2320 326 2390 coitari,
343 2321 399 2379 nisi
416 2329 446 2381 ut
460 2336 494 2379 se
508 2329 651 2394 cogerent
665 2330 766 2380 castra
780 2338 817 2382 eo
834 2324 903 2381 loco
921 2337 1040 2397 ponere,
1053 2316 1089 2378 nli

145 2404 266 2463 omnino
282 2420 380 2478 aquae
396 2405 466 2463 nihil
481 2412 578 2475 esset,
602 2412 633 2464 ut
646 2402 799 2466 exercitus
815 2406 881 2465 eius
898 2407 1030 2475 ieiunus,
1052 2400 1090 2478 qni

145 2504 164 2546 a
185 2496 291 2561 quarta
313 2489 412 2562 vigilia
434 2505 532 2562 usque
554 2490 592 2547 ad
613 2489 717 2547 horam
732 2491 881 2549 decimam
896 2490 957 2550 diei
972 2489 1090 2562 nihilgn·

145 2577 265 2644 stasset‚
284 2588 319 2632 ac
336 2573 466 2632 iunnenta
481 2574 527 2632 siti
545 2574 685 2646 perirent.

228 2655 313 2714 LXX.
337 2657 409 2716 Curii
432 2657 488 2715 iam
504 2659 542 2715 ad
559 2659 633 2717 solis
649 2673 794 2718 occasum
808 2664 895 2717 esset
909 2666 940 2719 et
955 2675 1014 2718 non
1028 2662 1092 2716 totos

146 2747 263 2800 centum
280 2756 391 2814 passus
407 2743 435 2799 in
452 2741 556 2800 lionam
577 2751 660 2802 esset
680 2757 881 2816 prog·ressuS‚
905 2745 1038 2817 equitatu
1050 2753 1094 2799 suo

145 2830 269 2898 propter
284 2839 431 2899 equorum
447 2824 596 2884 interitum
618 2833 752 2885 extremo
775 2826 896 2900 marniae
918 2835 1046 2899 rernoto,
1065 2825 1095 2882 lc·

146 2909 252 2982 ginnas
274 2908 304 2966 ia
326 2909 421 2967 uicem
443 2910 482 2967 ad
503 2918 667 2968 extremum
684 2926 791 2983 agmen
807 2912 968 2972 evocabat.
1000 2907 1096 2969 lavim
1130 2948 1132 2977 ,

146 2992 274 3050 hostium
301 2993 419 3066 placide
446 2993 611 3067 leniterque
638 2995 807 3068 procedens
834 3010 891 3069 per
917 2992 1097 3070 legionarium
1130 2984 1132 3009 ²

145 3077 264 3134 militem
281 3077 469 3135 cornmodius
485 3078 660 3137 sustinebat.
686 3078 804 3136 interim
821 3080 960 3152 equitum
976 3076 1099 3138 limanda·

144 3176 210 3219 rum
225 3160 331 3234 copiae
346 3160 453 3218 dextra
468 3161 651 3235 sinistraque
667 3178 720 3236 per
735 3163 830 3220 colles
848 3178 1048 3236 praecurrere
1059 3174 1099 3219 co·

145 3260 300 3318 nonaeque
315 3243 345 3301 in
362 3245 482 3302 modum
499 3246 619 3319 cingere
637 3245 823 3305 multitudine
840 3263 897 3306 sua
910 3247 1047 3307 Caesaris
1060 3259 1101 3305 ce

146 3329 221 3402 pias,
238 3344 310 3401 pars
325 3343 431 3400 agmen
448 3336 614 3387 extremum
629 3329 756 3402 insequi.
780 3328 922 3390 Caesaris
939 3341 1102 3392 autemnon
1130 3384 1132 3407 ἱ

146 3412 273 3486 amplius
297 3418 357 3469 tres
379 3417 429 3469 aut
450 3418 592 3486 quattuor
610 3414 717 3472 milites
731 3415 868 3473 veterani
885 3416 911 3474 si
935 3432 971 3476 se
989 3428 1103 3476 conver·

147 3496 252 3554 iissent
273 3501 303 3554 et
324 3495 385 3569 pila
405 3496 521 3555 viribus
538 3505 676 3557 contorta
690 3498 718 3556 in
733 3496 880 3557 Numidas
897 3501 1028 3561 infestos
1042 3514 1103 3559 con-

146 3578 305 3649 iecissent,
331 3580 461 3653 amplius
482 3581 575 3640 dnum
597 3583 708 3641 milium
723 3596 849 3641 numero
865 3584 906 3643 ad
921 3600 1014 3645 unum
1030 3591 1105 3658 terga

145 3663 301 3723 vertebant
325 3678 361 3722 ac
385 3681 491 3724 rursus
506 3666 545 3724 ad
560 3665 656 3724 aciem
670 3664 783 3739 passim
799 3669 964 3729 conversis
978 3668 1064 3743 equis
1076 3680 1105 3727 se

147 3750 329 3824 colligebant
348 3757 439 3826 atque
460 3751 490 3812 in
511 3749 611 3826 spatio
631 3748 901 3825 consequebantur
921 3760 954 3813 et
972 3748 1103 3815 iaculain
