2272 4176
64 543 128 608 390
374 545 531 610 BELLUM
550 546 727 612 marcam

65 700 149 762 nuda
172 700 407 775 relinqueretur,
441 706 535 762 uteo
568 703 628 762 tela
657 703 881 777 conicerentur;
911 714 1010 784 praetc-

64 801 134 858 rea,
161 792 193 845 ut
214 783 343 846 iluncnta
359 785 522 846 bestiarum
534 786 659 847 odorem
681 788 903 868 stridoremque
915 800 944 852 et
956 807 1008 868 spe

65 871 142 932 ciem
164 869 383 930 consuetudine
406 878 494 945 capta
510 887 570 932 non
585 872 827 936 reformidarent.
864 876 1008 956 Quibuscx

64 953 157 1016 rebus
183 954 304 1028 largiter
330 962 393 1013 erat
417 962 611 1019 consecutus.
641 960 724 1031 ,Nam
747 969 777 1022 et
798 964 904 1026 milites
917 959 1006 1021 bestias

64 1036 204 1100 manibus
231 1038 454 1114 pertractabant
479 1057 645 1118 earumque
670 1046 842 1107 tarditatem
866 1058 1008 1120 cognoscc-

65 1124 146 1195 bant,
162 1123 343 1198 equitesque
358 1124 387 1183 in
403 1141 457 1185 eos
474 1127 533 1200 pila
549 1130 716 1204 praepilota
728 1131 921 1201 coniciebant,
935 1136 1008 1202 atquc

65 1208 95 1268 ln
112 1208 362 1268 consuetudinem
383 1224 479 1284 equos
496 1213 638 1285 patientie
653 1213 820 1274 bestiarum
835 1212 991 1274 adduxerat
1045 1240 1047 1281 ς

148 1291 275 1351 LXXlll.
299 1291 343 1352 Ob
359 1293 414 1352 has
430 1310 555 1368 causas,
583 1313 658 1371 quas
681 1312 774 1372 supra
790 1293 1007 1367 commemoravi,

67 1376 285 1436 sollicitabatur
301 1376 412 1437 Caesar
433 1378 608 1452 tardiorquc
631 1387 660 1440 et
675 1378 894 1441 consideratior
907 1387 964 1440 erat
974 1382 1007 1439 ia·

67 1468 133 1521 ctus
150 1466 231 1518 etex
245 1461 371 1534 pristina
381 1461 509 1520 bellandi
522 1464 741 1523 consuetudine
754 1462 1006 1539 celeritatequeex·
1043 1496 1047 1545 g

67 1551 212 1606 cesserat.
233 1544 295 1603 Nec
310 1545 424 1604 mirum.
447 1545 557 1619 Copias
573 1548 652 1606 enirn
667 1547 796 1608 habebat
810 1546 839 1604 in
857 1547 947 1608 Gallia
959 1548 1006 1607 bel·
1041 1580 1046 1591 ·

66 1631 130 1688 lare
146 1635 308 1688 consuetas
324 1630 399 1688 locis
415 1630 634 1704 campestribus
650 1638 680 1691 et
700 1636 804 1692 contra
826 1630 940 1705 Gallos,
966 1633 1005 1691 ho

67 1706 163 1772 mines
178 1720 301 1787 apertos
323 1711 503 1787 minimeque
524 1714 705 1789 insidiosoS,
731 1714 780 1786 qui
803 1731 858 1789 per
878 1719 1005 1789 virtutem,

66 1814 126 1857 non
149 1812 204 1870 per
226 1797 327 1856 dolum
348 1796 488 1855 dimicare
509 1806 709 1868 consuerunt;
734 1804 795 1856 tum
811 1807 910 1860 autem
921 1810 976 1862 erat
986 1800 1005 1860 ei

65 1881 272 1953 laborandum,
288 1887 320 1940 ut
334 1882 562 1941 consuefaceret
576 1884 684 1944 milites
697 1881 827 1942 bostium
838 1885 935 1958 dolos,
949 1886 1004 1946 insi·

66 1965 141 2039 dias
158 1965 285 2024 artificia
300 1979 486 2038 cognoscere
501 1972 530 2025 et
545 1966 618 2040 quid
633 1964 731 2038 sequi,
755 1967 830 2039 quid
843 1969 937 2030 vitare
950 1986 1004 2030 con-

66 2049 188 2109 ueniret.
228 2049 348 2122 ltaque,
375 2064 433 2123 quo
454 2046 528 2107 haec
551 2051 675 2109 celerius
697 2049 908 2129 conciperent,
934 2055 1005 2114 dabat

66 2148 205 2207 operam,
227 2138 260 2191 ut
275 2133 409 2206 legiones
425 2146 485 2188 non
499 2129 528 2186 in
544 2145 603 2192 uno
620 2137 683 2191 loco
701 2134 885 2211 contineret,
900 2139 951 2198 sed
964 2153 1004 2212 per

66 2232 189 2276 causam
204 2215 404 2276 frumentandi
418 2213 477 2274 huc
498 2218 586 2285 atque
601 2215 669 2275 illuc
679 2224 830 2293 raptaret,
856 2223 923 2283 idco
939 2221 1003 2297 quod

65 2299 194 2359 hostium
215 2301 321 2373 copias
343 2299 381 2356 ab
403 2313 437 2355 se
459 2310 577 2366 suoque
598 2299 719 2374 vestigio
746 2318 808 2363 non
831 2304 1003 2367 discessuros

65 2383 264 2442 existimabat.
291 2383 391 2454 Atque
414 2385 483 2452 post
498 2379 576 2436 diem
591 2384 701 2443 tertium
717 2389 886 2460 productas
901 2405 1003 2451 accura·

65 2468 124 2527 tius
140 2483 212 2526 suas
229 2465 333 2538 copias
349 2463 427 2522 sicut
441 2462 630 2534 instruxerat,
643 2477 768 2543 propter
779 2471 913 2535 h0stium
923 2482 1003 2536 cason

66 2557 312 2625 praetergressus
328 2562 424 2621 aequo
447 2548 514 2604 loco
530 2545 629 2605 invitat
642 2551 680 2609 ad
694 2553 910 2619 dimicandum.
936 2559 1003 2619 Post·

67 2651 156 2710 quam
171 2634 333 2693 abliorrere
349 2646 403 2691 eos
415 2629 505 2703 videt,
520 2628 630 2689 reduc't
641 2636 698 2695 sub
708 2653 876 2713 vesperum
887 2644 1004 2719 legiones

65 2720 94 2778 in
111 2726 219 2778 castra.
723 2738 726 2742 ’

148 2801 278 2859 LXXIV.
301 2799 403 2872 Legati
420 2797 536 2857 interim
553 2811 591 2854 ex
607 2801 712 2869 oppido
727 2805 830 2883 Vaga,
859 2812 940 2886 quod
952 2811 1002 2872 fini.

67 2888 167 2946 timum
192 2885 363 2954 sublatae,
387 2885 472 2941 cuius
489 2881 649 2939 Caesarem
660 2888 781 2951 totilum
804 2908 875 2955 esse
898 2898 1001 2957 demon.

65 2970 241 3040 stravimus,
265 2968 405 3034 veniunt;
432 2970 537 3040 petunt
552 2970 582 3022 et
597 2964 761 3046 obserant,
783 2983 817 3036 ut
832 2980 890 3040 sibi
906 2982 1002 3056 praest

64 3055 145 3114 dium
160 3053 269 3111 mittat:
285 3066 319 3110 se
334 3066 383 3109 res
401 3052 582 3123 complures
600 3056 769 3121 quaeutilos
785 3060 866 3122 hetto
883 3065 949 3137 sini,
962 3064 1003 3123 ad.

63 3139 293 3197 ministraturos.
328 3134 385 3192 Per
407 3135 485 3194 idem
506 3139 624 3205 tempus
646 3130 759 3200 dedum
780 3147 936 3209 voluntate
955 3156 1003 3207 squ.

64 3223 176 3299 diqque
199 3235 271 3293 erga
287 3219 447 3279 Caesarem
469 3219 625 3290 transfuga
646 3229 710 3274 suo.
725 3226 809 3288 cives
826 3232 898 3291 sagq
913 3232 1003 3293 cerpo-

65 3323 114 3366 res
140 3305 241 3363 iubam
267 3318 370 3376 regem
393 3301 529 3361 celeriter
550 3316 618 3360 cum
639 3298 720 3373 copti
744 3312 825 3386 suis,
858 3324 1004 3390 antequam

66 3392 203 3450 Caesans
219 3387 404 3461 praesidium
420 3401 456 3444 eo
474 3384 652 3456 perveniret,
670 3383 708 3441 ad
725 3395 858 3469 opidum
871 3401 1003 3460 adenem.

64 3475 142 3533 risse
158 3480 249 3546 atquc
271 3471 481 3529 advenientem
501 3466 687 3528 multitudine
703 3468 875 3542 cinumdaqa
889 3500 925 3543 ρο
939 3483 1004 3559 9015.

66 3565 126 3617 tum
148 3556 351 3629 omnibusque
372 3570 438 3613 erus
461 3553 567 3628 oppidi
583 3551 689 3610 incolis
705 3551 745 3610 ad
753 3580 836 3624 mum
851 3569 1004 3628 interfectis

67 3640 189 3699 dedisse
205 3640 351 3712 oppidum
366 3637 568 3711 diripiendum
584 3635 791 3711 delendumqe
805 3650 957 3712 militibus,
1012 3704 1016 3715 ,

145 3723 260 3782 LXXV.
285 3724 396 3782 Cacsar
411 3722 528 3781 interim
543 3724 667 3781 lustrato
684 3733 1002 3795 exerc.ua,d,‚4111(nl.

63 3808 185 3889 Apriles
201 3813 326 3889 postero
342 3808 390 3868 dre
403 3806 559 3886 productis
571 3802 722 3866 universis
735 3818 817 3882 cops
827 3832 1002 3897 pmgressus
