2302 4192
466 148 664 211 ncnrcunn
991 144 1055 211 esc
1090 102 1094 107 ¹

504 308 544 377 (a.
560 298 626 377 44.)

161 388 215 447 Cic
223 390 266 446 nd
276 388 330 447 Aa
340 390 375 447 Χ
377 388 408 462 V
430 387 459 461 5,
482 390 515 452 2:
537 390 574 445 Vt
588 396 618 445 tu
634 389 670 446 ‹le
684 388 831 462 provincia
844 387 920 444 Bruti
932 386 1056 445 etcassii

76 490 130 552 per
152 477 438 545 senatusconsultum,
465 475 503 531 ita
528 475 622 531 scribit
642 480 669 530 et
690 472 793 530 Balbus
817 479 844 530 et
863 474 981 540 Hirtius3
1009 474 1055 545 qui

77 558 194 643 quidem
209 577 240 616 se
255 566 384 617 actutum.
410 559 541 617 Etenim
534 576 589 615 ram
604 559 632 614 in
646 558 804 615 Tusculano
819 564 861 615 est
875 556 1007 629 mihique,
1028 563 1056 612 ut

76 644 184 715 absim,
198 644 382 702 vehementer
397 649 501 717 auctor,
518 649 545 701 et
533 644 602 701 tille
617 643 731 717 quidem
741 644 858 716 periculi
870 658 964 713 causa,
981 641 1056 714 quod

77 729 132 785 sibi
152 687 260 784 etlams
259 731 335 787 uisse
350 729 424 786 dicit.

161 812 239 870 Idem
249 816 310 871 ibid.
320 815 348 887 6,
364 813 399 873 1:
420 814 530 873 Hirtius
541 813 666 871 Ciceroni
674 829 723 870 suc
736 828 760 869 s.
772 812 873 870 Rure
861 829 917 868 iam
927 811 1055 867 redierim

76 900 205 972 qnaeris,
227 916 265 956 an
275 916 338 973 eqo,
360 916 422 955 cum
435 914 528 956 omnes
538 900 662 969 caleant,
681 899 814 970 iynarriter
828 898 932 969 aliquid
941 896 1054 970 seciam.

75 984 171 1038 Etiam
181 998 219 1040 em
228 985 296 1041 urbe
306 1000 367 1040 snm
373 984 528 1056 profectus.
577 983 671 1040 Vtilia
681 985 753 1039 enim
762 985 845 1039 stetui
857 982 959 1037 abesse.
994 981 1055 1036 Has

76 1068 125 1123 tibi
145 1071 249 1124 litteras
270 1071 366 1125 exieris
379 1071 409 1124 in
428 1069 614 1124 Tusculanum
627 1069 736 1140 scripsi
775 1067 938 1123 Noticntem
947 1080 990 1121 me
1001 1071 1056 1120 tam

76 1158 220 1208 strenuum
229 1159 347 1225 putare,
368 1157 398 1209 nt
407 1154 445 1209 cd
454 1153 551 1210 Nonas
561 1168 718 1209 recurram.
750 1152 972 1208 lliliitenimiam
982 1151 1057 1206 video

77 1252 150 1309 opus
160 1253 219 1293 esse
229 1245 324 1294 nostra
335 1254 419 1308 cura,
442 1240 569 1310 qnoniam
574 1238 721 1312 praesidia
732 1243 795 1294 sunt
804 1239 832 1293 in
843 1242 880 1294 tol
892 1251 980 1292 annos
986 1251 1054 1308 prc—
1066 1272 1070 1281 ·

76 1325 146 1378 cira.
188 1323 294 1379 Brutus
315 1327 340 1378 et
350 1322 460 1380 Cassius
476 1324 581 1378 utinam
588 1339 698 1396 ,qnam
710 1322 796 1395 facile
810 1328 864 1378 nte
876 1323 909 1379 de
919 1336 962 1377 me
972 1323 1057 1393 impe-

78 1412 158 1461 trare
164 1414 296 1478 possunt,
311 1410 349 1463 ita
356 1422 413 1481 per
425 1412 450 1464 te
461 1413 620 1479 exorentur,
637 1422 673 1463 ne
683 1408 756 1479 qued
765 1408 879 1463 calidius
890 1409 983 1462 ineant
992 1421 1055 1462 ecn-

78 1493 187 1547 silium!
215 1491 343 1548 Cedentes
360 1493 431 1547 enirn
445 1491 515 1548 laec
533 1495 575 1548 cis
590 1493 743 1565 scripsisse.
785 1490 865 1559 Quo?
892 1496 941 1547 aut
951 1476 1055 1588 qnare?

79 1575 145 1631 Ret
124 1582 194 1646 t,ine
216 1577 377 1646 obsecrem,
400 1575 508 1647 Cicero,
529 1579 590 1633 illos
607 1583 633 1633 et
648 1577 706 1632 noli
717 1578 808 1631 sinere
821 1576 890 1631 lrnec
903 1577 994 1631 omnia
1003 1589 1053 1646 pe·

79 1675 138 1717 rire
144 1684 153 1723 ;
179 1677 250 1733 qnae
263 1619 390 1733 funditis
406 1661 592 1733 mediusfidius
613 1663 737 1734 rapinis,
760 1662 908 1732 incendiis,
930 1660 1057 1715 caedibus

80 1751 281 1819 pervertuntur.
326 1746 457 1816 Tantum,
485 1748 511 1801 si
529 1747 595 1818 qnid
612 1749 717 1816 timent,
739 1752 869 1810 eccennt;
887 1744 957 1800 nilril
970 1759 1055 1817 prce-

77 1836 155 1886 terea
181 1832 335 1886 moliantur.
378 1829 442 1886 Non
468 1831 653 1902 mediusfidius
680 1833 824 1886 acerrimis
851 1831 969 1891 consiliis
990 1831 1058 1902 plns

78 1932 162 1988 qnam
182 1917 262 1970 etiam
280 1916 464 1984 inertissimis,
487 1915 630 1971 dummodo
647 1915 828 1987 diliycntiics,
850 1918 1049 1987 consequentur

76 2000 159 2057 Haec
170 2002 257 2070 enim,
277 2014 348 2072 quae
360 2001 464 2070 fluunt,
480 2014 582 2072 perse
600 2001 729 2056 diuturna
743 2017 799 2057 nen
809 2008 888 2062 sunm
908 2002 938 2056 in
948 2003 1051 2055 conten·

77 2087 149 2141 tione
154 2090 320 2157 praesentes
331 2084 369 2139 ad
378 2084 529 2140 nocendum
539 2084 641 2141 liabent
649 2088 730 2142 eires.
762 2084 835 2153 Quid
843 2100 940 2160 speres
951 2084 985 2141 cle
994 2085 1056 2157 iltis,

76 2172 106 2226 in
120 2170 308 2226 Tusculanum
319 2169 357 2224 ad
366 2184 410 2224 me
419 2168 520 2225 scribe.

159 2252 238 2311 Idem
251 2253 313 2309 ibid.
330 2252 365 2322 8,
388 2251 422 2311 1:
454 2252 521 2310 Post
540 2258 618 2310 tuum
643 2253 799 2311 discessum
824 2255 905 2311 binas
924 2252 1042 2310 aBalbc

76 2337 146 2395 nihil
158 2339 241 2405 novi;
263 2338 383 2408 itemque
395 2339 429 2393 ab
444 2336 530 2393 Hirtio
540 2340 617 2411 ,qui
629 2356 660 2396 se
671 2340 765 2397 scribit
774 2339 957 2398 vehementer
968 2338 1053 2396 offen

76 2441 141 2481 sum
156 2438 221 2479 esse
235 2422 387 2478 veteranis.

505 2509 546 2577 (α
562 2503 626 2578 43)

161 2589 215 2651 ere.
227 2592 266 2647 ad
278 2591 356 2647 Fam.
368 2590 446 2663 XII,
468 2589 503 2662 5,
526 2592 560 2655 2:
588 2593 690 2649 Hirtius
710 2593 778 2651 nihil
797 2594 850 2649 nisi
872 2592 1056 2665 considerate,

74 2684 107 2734 ut
122 2676 191 2732 mihi
208 2677 312 2731 crebris
328 2676 423 2731 litteris
439 2676 592 2748 significat,
614 2684 726 2735 acturus
739 2679 895 2737 videbatur.

161 2760 216 2817 Cic.
228 2761 301 2817 Pln'l.
313 2761 390 2831 XII,
412 2757 448 2830 4,
469 2761 504 2822 9:
532 2761 579 2817 An
599 2780 651 2820 vos
666 2764 701 2819 A.
713 2764 843 2833 Hirtium,
865 2763 1055 2837 praeclarissi-

75 2864 156 2904 mum
177 2847 336 2917 consulem,
366 2844 395 2903 C.
413 2845 579 2915 Caesarem,
609 2848 726 2906 deorum
749 2848 885 2905 beneficio
906 2854 1000 2904 natum
1020 2847 1057 2903 ad

74 2932 150 2989 haec
174 2937 315 3003 tempora,
344 2947 461 3003 quorum
481 2930 613 3003 epistolas
630 2950 708 3005 spem
731 2934 865 2992 victoriae
881 2933 1055 2990 declarantes

76 3018 106 3073 in
127 3032 214 3072 manu
232 3022 331 3087 teneo,
352 3033 452 3088 pacem
473 3017 548 3073 velle
562 3022 705 3075 censetis?
732 3018 853 3075 Vincere
871 3020 909 3074 illi
925 3023 1057 3090 expetunt

75 3103 214 3177 pacisque
236 3101 425 3157 dulcissimum
447 3107 474 3156 ct
492 3099 710 3173 pulcherrimum
731 3120 834 3160 nomen
848 3103 1055 3178 connectione,

76 3188 130 3245 sed
145 3186 262 3245 victoria
277 3187 504 3259 concupiverunt.

462 3287 499 3325 An
516 3287 669 3328 caninum.

159 3360 200 3421 (α.
216 3352 271 3426 46)
294 3356 347 3413 Cic·
360 3357 398 3412 ait
407 3356 487 3412 Fam.
499 3355 560 3429 IX,
575 3356 610 3427 6,
626 3354 660 3417 1:
690 3355 758 3416 Cum
772 3358 819 3416 ille
833 3361 1016 3437 scrinsissct,
1027 3370 1068 3415 ux

76 3443 193 3519 cpirror,
215 3459 248 3497 se
262 3442 291 3496 in
301 3441 432 3499 Alsiense
444 3450 610 3521 venturum,
633 3445 817 3525 scripserunt
828 3444 1090 3507 aueum-imme
