2272 4176
100 495 142 567 94
307 509 351 552 33
368 510 471 553 nunno
495 510 696 555 ruoverrrruo
722 510 750 554 3.
770 502 816 558 91.
839 502 886 558 92.

100 661 156 721 leri
170 660 353 720 munimento
368 660 469 737 positis
484 658 590 719 milites
605 658 704 720 cibum
718 664 932 738 capere-atque
951 662 994 721 uti
1008 660 1086 723 simul

101 762 170 805 oum
186 761 293 805 oeoasu
308 744 378 805 solis
395 742 608 822 egrederentur
618 750 743 822 paratos
758 760 824 805 esse
838 741 940 805 iubet:
957 745 1086 807 omnibus

74 828 222 895 esareinis
237 827 357 889 abiectis
371 845 446 907 aqua
463 827 551 887 modo
567 844 658 905 seque
673 834 702 888 et
713 828 845 889 iumenta
857 845 997 889 onerare.
1019 829 1084 891 bein

98 918 256 991 postquam
271 918 386 990 tempus
399 913 507 981 visum,
523 912 626 971 castris
641 911 791 987 egreditur
806 916 991 991 noctemque
1004 920 1085 975 totam

99 997 205 1057 itinere
217 995 295 1056 laeto
307 997 453 1058 consedit:
470 995 548 1055 idern
558 1011 703 1072 proxuma
715 994 800 1056 lacit:
816 996 887 1056 dein
902 998 991 1057 tertia
1003 997 1099 1059 multos

100 1086 168 1140 ante
181 1079 255 1142 lucis
271 1080 426 1142 adventum
441 1080 575 1158 pervenit
588 1080 619 1139 in
633 1079 731 1139 locum
743 1078 940 1149 tumulosum,
953 1079 992 1141 ab
1004 1080 1085 1161 Capsa

99 1180 161 1223 non
183 1163 307 1242 amplius
330 1163 420 1225 duum
441 1163 554 1224 milium
569 1162 736 1233 intervallo,
756 1162 858 1242 ibique
881 1181 976 1242 quam
998 1163 1085 1226 oeoul·

72 1248 221 1311 41133333
241 1254 339 1325 potest
358 1266 426 1308 oum
448 1247 584 1308 omnibus
599 1248 690 1325 copiis
707 1248 849 1324 operitur.
892 1248 946 1309 Set
967 1248 1020 1309 ubi
1035 1249 1086 1309 dies

100 1333 196 1411 eoepit
224 1338 254 1392 ot
276 1330 419 1394 Numidae
444 1330 515 1391 nihil
547 1331 653 1392 hostile
679 1337 845 1392 metuentes
871 1331 962 1392 multi
990 1332 1085 1411 oppido

100 1417 226 1493 egressi,
241 1422 363 1494 repente
380 1433 497 1476 omnem
513 1417 672 1494 equitatum
693 1421 802 1476 etcum
824 1417 869 1476 eis
883 1414 1108 1478 velocissumosu

99 1500 214 1578 pedites
234 1517 323 1561 eursu
345 1500 466 1560 tendere
488 1500 525 1560 ad
539 1499 662 1576 Capsam
680 1505 709 1560 et
725 1505 826 1576 portas
841 1498 988 1562 obsidere
1002 1500 1084 1563 iubet:

101 1583 207 1645 deinde
225 1584 288 1662 ipse
310 1585 438 1644 intentus
458 1600 586 1661 propere
606 1584 689 1661 sequi
710 1600 808 1662 neque
824 1583 939 1645 milites
961 1584 1085 1663 praedari

75 1668 209 1728 bsinere.
247 1667 329 1738 Quae
344 1674 499 1746 postquam
520 1666 658 1745 oppidani
675 1684 858 1745 cognouere,
878 1686 933 1729 res
956 1669 1082 1748 trepidae,

101 1756 197 1811 metus
214 1752 332 1828 ingens,
350 1750 459 1813 malum
476 1752 664 1829 inprovisum,
677 1751 714 1812 ad
728 1751 785 1811 boe
799 1768 872 1831 pars
887 1753 1002 1814 civium
1015 1759 1083 1815 extra

99 1836 216 1895 moenia
227 1836 258 1895 in
269 1834 398 1896 hostimn
410 1840 552 1914 potestate
565 1851 690 1912 coegere
703 1836 746 1896 uti
756 1835 943 1897 deditionem
955 1836 1105 1899 tacerentur

72 1917 239 1980 ttCeterum
264 1918 404 1997 oppidum
425 1920 595 1988 incensum,
617 1918 760 1980 Numidae
781 1917 917 1996 puberes
940 1920 1083 1988 interfeob',

74 2000 149 2062 7alii
164 2020 267 2063 omnes
282 2020 407 2065 vaenum
419 2002 492 2064 dati:
507 2002 617 2080 praeda
632 2000 772 2063 militibus
791 2001 893 2063 divisa.
934 2005 970 2066 ld
985 2006 1084 2066 lacinus

101 2093 204 2146 eontra
219 2089 264 2147 ius
279 2086 348 2147 belli
365 2104 425 2147 non
439 2088 557 2147 avaritia
577 2104 674 2167 neque
695 2086 820 2153 scelere,
831 2087 968 2148 consulis
990 2088 1085 2149 admis-

99 2186 176 2239 sum,
196 2177 240 2231 set
257 2173 324 2250 quia
338 2171 420 2231 loeus
434 2170 594 2248 Iugurthae
610 2176 782 2247 oportunus,
801 2170 890 2231 nobis
916 2173 999 2233 aditu
1020 2170 1084 2233 dilb·

99 2253 170 2323 eilis,
187 2273 282 2332 genus
296 2254 448 2315 hominum
461 2253 570 2315 mobile
584 2254 715 2324 infidum,
728 2271 825 2332 neque
841 2254 984 2317 benifleio
999 2270 1105 2335 nequer

102 2345 182 2399 metu
207 2341 379 2399 coercitum.

47 2420 90 2482 92
184 2420 345 2501 Postquam
360 2428 471 2483 tantam
484 2440 549 2482 rem
563 2420 672 2482 Marius
686 2422 749 2482 sine
762 2420 824 2481 ullo
840 2439 969 2484 suorum
984 2425 1086 2484 incom-

98 2506 188 2566 modo
206 2506 308 2575 elleoit,
331 2523 455 2582 magnus
479 2511 507 2567 et
530 2505 626 2566 clarus
649 2511 742 2573 antea,
764 2506 859 2566 maior
881 2517 973 2587 atque
989 2506 1087 2568 clarior

73 2589 203 2651 2heberi
220 2592 324 2667 eoepit.
355 2590 459 2651 Omnia
477 2607 536 2651 non
552 2589 628 2651 bene
645 2588 777 2650 consulta
790 2590 822 2650 in
839 2591 983 2652 virtutem
998 2590 1086 2652 trabe·

100 2672 224 2734 bantur:
245 2674 365 2742 milites,
380 2674 513 2735 modesto
530 2675 643 2751 inperio
661 2672 752 2733 habiti
767 2673 855 2734 simul
876 2681 908 2735 et
921 2675 1106 2756 loeupletess

101 2758 138 2818 ad
159 2756 272 2818 caelum
293 2759 388 2827 serre,
410 2757 553 2820 Numidae
575 2759 669 2834 magis
690 2775 779 2835 quam
797 2758 958 2819 mortalem
981 2762 1085 2828 timere,

101 2847 251 2920 postremo
267 2860 377 2913 omnes,
395 2845 466 2903 socii
480 2849 567 2922 atque
582 2841 692 2910 hostes,
709 2840 832 2902 eredere
846 2841 890 2903 illi
902 2851 955 2905 aut
966 2850 1086 2906 mentem

104 2925 229 2985 divinam
251 2943 314 2988 esse
335 2934 386 2989 aut
406 2927 530 2987 deorum
551 2933 625 2988 nutu
648 2931 753 2986 333313
769 2927 920 3005 portendi.

77 3021 94 3072 3
189 3008 240 3070 Set
255 3010 371 3081 consul,
388 3010 439 3071 ubi
454 3030 488 3072 33
501 3029 549 3072 333
559 3009 638 3072 bene
653 3011 762 3081 evenit,
781 3010 817 3071 ad
833 3009 888 3071 3113
907 3014 1020 3090 oppida
1030 3029 1086 3093 per·

103 3095 152 3171 git,
165 3110 259 3172 pauea
272 3095 505 3174 repugnantibus
517 3094 652 3157 Numidis
667 3096 751 3172 capit,
763 3093 859 3173 plura,
873 3094 997 3158 deserta
1007 3112 1110 3175 prop-o

102 3186 148 3241 ter
162 3177 353 3258 Capsensium
368 3181 509 3250 miserias,
527 3181 587 3257 igni
602 3178 782 3257 eonmmpit:
798 3178 881 3240 luctu
899 3187 991 3260 atque
1008 3181 1089 3242 caede

74 3265 201 3327 domnia
223 3263 406 3343 conplentur.
439 3263 571 3342 Denique
588 3261 686 3323 multis
701 3261 774 3323 loeis
789 3264 912 3341 potitus,
937 3283 974 3325 ao
993 3265 1090 3344 pleris-

103 3370 159 3431 que
175 3350 307 3412 exeroitu
322 3350 486 3418 incruento,
509 3348 596 3409 eliam
617 3364 682 3408 rem
702 3346 882 3424 adgreditur,
907 3366 970 3408 non
995 3350 1092 3411 eadem

102 3438 259 3517 asperitate
281 3450 338 3513 qua
358 3432 563 3511 Capsensium,
584 3437 715 3492 ceterum
734 3430 805 3492 haut
826 3449 916 3493 secus
936 3433 1091 3495 difficilem.

75 3523 92 3576 3
188 3520 321 3597 Namque
335 3517 407 3578 haut
420 3517 508 3594 longe
523 3535 540 3576 a
556 3516 676 3576 llumine
697 3514 868 3584 Muluchae,
891 3518 976 3595 quod
994 3519 1119 3595 Iugur-s

104 3605 173 3666 thae
186 3604 353 3683 Bocchique
365 3619 491 3679 regnum
503 3599 696 3677 disiungebat,
715 3607 778 3660 erat
792 3600 870 3660 inter
887 3608 1023 3663 ceteram
1038 3602 1095 3680 pla·

106 3689 207 3748 nitiem
220 3705 306 3748 mons
324 3704 438 3756 saxeus,
461 3686 603 3747 mediocri
623 3683 741 3745 castello
762 3685 832 3743 satis
853 3692 980 3762 patens,
1003 3688 1034 3747 in
1054 3688 1095 3746 in·

104 3790 242 3839 mensum
264 3772 373 3846 editus,
393 3789 454 3833 uno
469 3775 647 3852 perangusto
669 3768 748 3829 aditu
762 3766 882 3831 relicto:
907 3789 982 3832 nam
1005 3770 1096 3832 omnis
