2272 4176
105 458 145 519 30
294 478 336 516 nn
358 477 530 517 eorumne
552 476 794 519 coniveanronn
814 474 844 519 c.
859 468 904 521 52.

106 626 141 686 de
164 623 265 684 inieris
281 631 497 693 memorantur,
520 623 636 685 divorso
652 624 755 685 itinere
775 624 904 685 malosa
927 624 1010 687 bonis
1023 627 1078 689 loca
1119 680 1123 687 .

62 730 96 779 14
106 716 198 769 taetra
211 707 328 782 inculta,
343 707 429 767 foeda
445 714 531 787 atque
546 706 736 785 formidulosa
751 708 875 768 habere.
905 708 1004 789 ltaque
1017 729 1078 771 cen·
1121 725 1123 732 ’

105 796 163 853 suit
183 793 322 869 pecunias
349 809 452 851 eorum
473 790 673 868 publicandas,
696 793 775 868 ipsos
802 809 859 869 per
878 794 1025 871 municipia
1049 796 1075 853 in

106 876 245 936 custodiis
258 873 419 943 habendos,
436 873 568 934 videlicet
583 877 698 942 timens,
714 893 761 944 ne,
783 877 807 934 si
821 874 937 936 Romae
950 876 1015 945 sint,
1031 886 1075 937 ant

106 978 123 1019 a
140 958 331 1038 popularibus
348 958 555 1019 coniurationis
570 965 621 1019 aut
637 976 653 1017 a
670 957 858 1019 multitudine
879 958 1018 1021 conducta
1029 979 1094 1039 pero

64 1067 97 1117 15
106 1045 164 1104 vim
176 1043 344 1121 eripiantur.
373 1042 462 1112 Quasi
477 1059 545 1101 vero
559 1041 628 1101 mali
643 1048 730 1119 atque
747 1041 866 1103 scelesti
877 1048 989 1103 tantum
1001 1044 1077 1103 modo

107 1132 136 1188 in
153 1126 226 1188 urbe
242 1133 271 1185 et
284 1142 343 1185 non
358 1142 412 1202 per
421 1131 514 1184 totam
528 1124 640 1185 ltaliam
654 1126 720 1194 sint,
734 1132 858 1186 autnon
873 1125 913 1186 ibi
924 1124 1079 1206 pluspossit

66 1234 99 1287 1ss
109 1212 244 1278 audacia,
267 1208 318 1268 ubi
339 1209 375 1269 ad
398 1208 619 1268 defendundum
634 1227 705 1286 opes
719 1210 852 1270 minores
874 1216 952 1270 sunt.
974 1210 1079 1281 Quare

109 1312 215 1357 vanum
232 1293 366 1371 equidem
380 1293 437 1352 hoc
452 1291 604 1352 censibum
616 1300 667 1359 est,
685 1294 708 1352 si
724 1293 891 1369 periculum
906 1311 943 1353 ex
958 1292 1011 1355 illis
1025 1313 1079 1354 me·

108 1382 177 1440 tuit:
200 1379 244 1437 sin
260 1378 384 1436 intanto
400 1378 530 1436 omnium
545 1382 626 1437 metu
648 1375 728 1435 solus
749 1393 810 1435 non
826 1379 925 1446 timet,
949 1396 983 1437 eo
998 1380 1104 1454 magistr

66 1481 97 1529 17
107 1464 199 1524 refert
217 1479 265 1520 me
278 1461 348 1519 mihi
366 1466 452 1537 atque
466 1459 547 1519 vobis
563 1461 675 1520 timere.
706 1461 770 1531 Qua
786 1477 820 1520 re
839 1479 906 1522 cum
922 1461 959 1521 de
969 1461 1000 1520 P.
1014 1462 1079 1521 Len·

106 1547 168 1607 tulo
184 1544 346 1620 ceterisque
366 1543 513 1611 statuetis,
535 1561 590 1620 pro
613 1550 694 1604 certo
711 1543 865 1613 habetote,
890 1562 941 1605 ros
955 1545 1036 1605 simul
1049 1545 1080 1605 dc

66 1648 97 1700 18
108 1629 237 1691 exercitu
243 1625 380 1686 Catilinae
388 1632 417 1685 et
428 1625 464 1686 de
473 1626 610 1687 onmibus
621 1628 779 1687 coniuratis
791 1628 963 1689 decernere.
977 1629 1079 1700 Quanto

108 1732 157 1773 ros
179 1711 324 1773 adtentius
337 1727 372 1769 ea
387 1711 495 1786 agetis,
514 1716 596 1770 tanto
611 1709 667 1770 illis
682 1713 796 1771 animus
810 1711 955 1791 infirmior
976 1715 1041 1773 erit:
1059 1713 1079 1771 si

107 1795 258 1877 paululum
278 1793 367 1854 modo
388 1812 440 1854 ros
458 1793 599 1872 languere
621 1794 752 1864 viderint,
774 1797 832 1856 iam
855 1812 959 1856 omnes
978 1797 1103 1858 ferocesu

109 1881 243 1941 aderunt.

68 1979 101 2031 19
195 1962 289 2024 Nolite
304 1963 479 2022 existumare
494 1961 619 2021 maiores
633 1967 750 2021 nostros
762 1964 852 2022 armis
866 1981 930 2024 rem
945 1962 1081 2041 publicam

65 2066 100 2118 20
110 2068 146 2111 ex
157 2066 246 2127 parva
264 2063 400 2122 magnam
417 2046 528 2105 iecisse.
563 2045 593 2104 Si
609 2045 648 2104 ita
664 2052 748 2113 esset,
765 2046 857 2105 multo
873 2047 1082 2125 pulcerrumam

108 2150 173 2195 eam
187 2148 241 2191 nos
256 2129 447 2190 haberemus:
469 2130 575 2208 quippe
594 2130 741 2188 sociorum
758 2136 846 2207 atque
864 2133 983 2200 civium,
1005 2148 1082 2210 prae·

108 2225 189 2278 terea
217 2232 367 2274 armorum
388 2220 474 2292 atque
505 2230 648 2291 equorum
675 2214 768 2272 maior
788 2216 873 2291 copia
895 2214 981 2274 nobis
1004 2231 1109 2293 qnamo

67 2314 98 2363 21
110 2302 164 2361 illis
187 2303 239 2358 est.
285 2298 335 2357 Set
356 2297 410 2356 alia
431 2297 528 2363 suere,
552 2314 626 2375 quae
647 2295 711 2355 illos
732 2313 856 2373 magnos
878 2298 993 2367 fecere,
1016 2316 1083 2377 quae

110 2383 195 2444 nobis
216 2380 294 2440 nulla
317 2387 397 2441 sunt:
422 2380 500 2439 domi
521 2380 677 2449 industria,
700 2381 771 2440 loris
793 2383 904 2442 iustum
928 2384 1083 2459 inperium:

110 2470 224 2528 animus
241 2466 270 2524 in
294 2464 472 2525 consulendo
494 2463 582 2532 liber,
608 2481 705 2543 neque
723 2463 828 2525 delicto
850 2484 948 2545 neque
971 2466 1085 2527 lubidini

67 2562 99 2611 22
111 2551 263 2615 obnoxius.
288 2548 345 2607 Pro
363 2548 408 2608 his
429 2565 484 2607 nos
503 2547 647 2607 habemus
663 2548 807 2609 luxuriam
828 2555 915 2628 atque
932 2551 1084 2616 avaritiam,

110 2635 226 2715 publice
249 2638 407 2708 egestatem
428 2632 563 2708 privatim
583 2631 775 2708 opulentiam:
798 2632 954 2694 laudamus
971 2634 1111 2700 divitiosae

111 2720 261 2797 sequimur
277 2717 425 2776 inertiam:
445 2715 520 2775 inter
536 2714 630 2774 bonos
645 2723 674 2775 et
687 2716 778 2776 malos
793 2717 952 2778 discrimen
969 2717 1085 2783 nullum,

66 2810 100 2862 23
111 2803 207 2861 omnia
221 2802 335 2861 virtutis
347 2801 477 2878 praemia
490 2797 608 2858 ambitio
623 2800 760 2875 possidet.
785 2800 887 2879 Neque
901 2803 1024 2862 mirum:
1042 2800 1087 2861 ubi

110 2902 161 2943 vos
179 2886 335 2961 separatim
355 2883 410 2943 sihi
429 2885 551 2961 quisque
570 2882 722 2943 consilium
739 2886 853 2961 eapitis,
876 2885 928 2945 ubi
950 2886 1027 2945 domi
1042 2902 1087 2944 vo·

108 2967 277 3045 luptatibns,
293 2968 341 3028 hic
351 2969 493 3045 pecuniae
508 2972 557 3025 aut
568 2968 679 3041 gratiae
693 2969 815 3036 servitis,
827 2987 862 3028 eo
878 2969 919 3036 sit,
932 2977 966 3029 ut
977 2971 1088 3047 inpetus

109 3052 158 3111 tiat
179 3052 210 3111 in
231 3069 352 3112 vacuam
367 3068 430 3111 rem
450 3048 607 3127 publicam.
1095 3074 1116 3115 q

66 3147 100 3196 24
194 3136 244 3196 Set
259 3150 314 3210 ego
329 3135 401 3195 haec
413 3136 523 3193 omitto.
549 3133 744 3195 Coniuravere
755 3135 937 3197 nobilissumi
949 3139 1026 3197 cives
1041 3154 1088 3216 pa-

111 3219 197 3278 triam
219 3218 392 3287 incendere,
419 3217 569 3279 Gallorum
595 3225 711 3293 gentem
732 3220 960 3281 infestissumam
982 3222 1089 3280 nomini

109 3300 242 3362 llomano
265 3301 301 3361 ad
322 3300 431 3362 bellum
453 3308 623 3369 accersunt,
648 3302 706 3363 dux
724 3303 852 3365 hostium
873 3323 940 3365 cum
960 3308 1088 3364 exercitu

65 3388 99 3438 25
109 3401 198 3463 supra
213 3392 301 3463 capnt
312 3391 368 3446 est:
385 3403 436 3445 vos
451 3386 627 3445 cunctamini
641 3389 825 3457 etiamnunc,
841 3389 911 3466 quid
923 3391 1000 3448 intra
1010 3406 1088 3448 moe-

67 3474 101 3525 26
111 3470 159 3527 nia
179 3468 370 3546 adprehensis
388 3468 521 3530 hostibus
542 3468 670 3529 faciatis?
710 3473 905 3533 Misereamini
927 3490 1032 3532 censeo
1053 3488 1119 3529 —ss

109 3550 260 3629 deliquere
282 3552 416 3614 homines
433 3551 642 3613 adulescentuli
663 3573 716 3632 per
734 3555 922 3616 ambitionem
946 3591 980 3600 —
1004 3563 1089 3635 atque

67 3644 99 3694 27
111 3635 198 3693 etiam
213 3643 341 3695 armatos
355 3637 515 3697 dimittatis:
530 3654 568 3696 ne
583 3638 636 3697 ista
652 3639 734 3699 vobis
748 3640 943 3701 mansuetudo
963 3647 993 3700 et
1004 3642 1087 3699 mise·

65 3717 244 3786 raricordia,
265 3720 289 3777 si
302 3719 342 3778 illi
357 3738 438 3781 arma
457 3721 596 3798 ceperint,
614 3727 643 3785 in
659 3729 807 3791 miseriam
825 3730 985 3785 convortet.
1028 3724 1088 3784 Sei·
