2272 4176
39 372 42 385 Ι
84 316 152 364 snm
167 303 215 364 ad
229 318 265 364 se
279 301 346 363 fieri
360 301 455 376 videt,
479 302 562 377 quod
578 302 679 363 iasces
694 305 922 365 anteferrentur.
951 308 984 367 ln
998 307 1059 374 hoe

85 387 184 450 omnis
209 387 368 453 multitudo
395 386 583 447 maiestatem
602 389 718 464 regiam
738 390 831 449 minui
852 391 1057 465 praedicabat.

83 473 149 533 Hoc
164 472 275 533 sedato
290 473 418 533 tumultu
433 472 558 534 crebrae
571 473 720 534 continuis
733 473 841 534 dicbus
855 490 894 534 ex
906 492 1058 539 concursu

84 557 286 618 multitudinis
314 557 531 617 concitationes
557 556 671 621 fiebant
692 560 928 636 compluresque
947 563 1056 623 milites

84 641 173 703 brrius
189 643 276 702 urbis
291 641 431 702 omnibus
444 641 582 716 partibus
599 642 863 704 interficiebantur.

167 725 259 785 CVll.
294 725 409 800 Quibus
423 726 516 786 rebus
530 726 750 786 animadversis
764 729 899 803 legiones
912 729 970 789 sibi
983 731 1057 791 alias

85 826 123 870 ex
135 810 216 870 Asia
230 811 342 871 adduci
356 809 454 886 iussit,
471 827 548 885 quas
565 826 604 870 ex
618 810 812 886 Pompeianis
827 813 969 874 militibus
986 830 1056 875 con·

86 895 209 955 iecerat.
240 897 310 971 lpse
326 894 405 954 enim
416 896 591 955 necessario
604 896 707 957 etesiis
719 897 886 972 tenebatur,
903 898 954 973 qui
973 900 1056 960 navi-

85 980 228 1055 gantibus
242 979 431 1040 Alexandria
445 987 517 1040 sunt
527 980 736 1041 adversissimi
747 982 837 1042 venti.
853 983 974 1043 Interim
986 1000 1057 1044 con·

84 1065 253 1125 troversias
274 1081 380 1141 regum
402 1065 441 1124 ad
455 1067 603 1141 populum
617 1067 788 1126 Romanum
803 1075 831 1127 ct
847 1068 951 1142 adse,
973 1070 1056 1144 quod

85 1155 169 1210 essct
185 1151 304 1225 consul,
320 1151 472 1225 pertinere
487 1150 665 1210 existimans
682 1157 773 1226 atque
788 1167 825 1212 eo
841 1153 938 1227 magis
954 1155 1056 1216 officio

85 1250 141 1295 suo
158 1235 334 1309 convenire,
357 1234 440 1310 quod
454 1234 613 1310 superiore
629 1237 789 1296 consulatu
804 1252 872 1296 curn
888 1244 973 1312 patre
987 1239 1057 1300 Pto-

84 1319 201 1381 lemaeo
227 1325 258 1378 et
283 1320 351 1394 lege
378 1326 408 1379 et
432 1321 697 1381 senatusconsulto
723 1321 855 1381 societas
881 1330 945 1383 erat
968 1324 1056 1399 sacta,

86 1403 220 1464 ostendit
228 1403 285 1463 sibi
296 1402 837 1481 placereregemPtolemaeumatquc
845 1405 910 1466 eius
919 1423 1056 1469 sororem

85 1488 278 1563 cleopatram
297 1489 466 1562 exercitus,
498 1505 576 1564 quos
600 1487 761 1564 haberent,
790 1490 939 1551 dimittere
964 1501 993 1553 et
1019 1493 1057 1552 de

84 1572 304 1633 controversiis
326 1572 391 1632 iure
413 1573 495 1648 apud
516 1588 552 1634 sc
571 1573 673 1648 potius
697 1590 787 1649 quam
807 1574 884 1635 inter
905 1592 939 1636 se
964 1576 1056 1637 armis

84 1657 267 1733 disceptare.

167 1740 270 1801 CVIII.
314 1740 385 1800 Erat
403 1741 434 1799 in
454 1742 669 1817 procuratione
688 1742 774 1819 regni
788 1748 914 1819 propter
928 1749 1053 1805 aetatem

84 1827 171 1902 pueri
187 1826 336 1886 nutricius
352 1826 433 1897 eiua,
457 1827 616 1889 eunuchus
632 1827 753 1887 nominc
767 1827 922 1888 Pothinus.
951 1829 980 1888 ls
997 1830 1052 1904 pri

83 1927 164 1970 mum
187 1910 266 1970 inter
288 1925 364 1970 suos
387 1911 473 1984 queri
495 1919 587 1986 atque
607 1911 756 1986 indignari
779 1912 880 1987 coepit
899 1927 1002 1986 regem
1017 1911 1053 1973 ad

85 2010 209 2055 causam
217 1993 377 2053 dicendam
389 1996 511 2056 evocari
521 2020 528 2065 ;
539 1995 650 2056 deinde
658 1997 812 2056 adiutores
821 1998 971 2072 quosdam
984 2013 1052 2058 con·

85 2079 132 2139 sili
148 2079 198 2139 sui
213 2084 320 2138 nactus
337 2094 376 2138 ex
397 2080 479 2153 regis
502 2081 607 2140 amicis
630 2081 795 2141 exercitum
810 2098 829 2139 a
842 2081 963 2143 Pelusio
980 2084 1053 2144 clam

84 2162 304 2224 Alexandriam
319 2164 458 2223 evocavit
472 2170 563 2239 atque
578 2167 707 2226 eundem
721 2165 878 2239 Achillam,
901 2167 987 2227 cuius
1003 2184 1052 2227 su·

85 2263 140 2323 pra
160 2246 368 2320 meminimus,
392 2248 531 2309 omnibus
553 2251 651 2326 copiis
666 2251 820 2325 praeiecit.
849 2251 937 2311 Hunc
951 2251 1055 2311 incita-

85 2340 144 2392 tum
169 2331 288 2391 suiset
312 2331 395 2405 regis
421 2331 557 2393 inflatum
578 2335 860 2409 pollicitationibus,
890 2352 969 2411 quae
989 2336 1054 2395 fieri

82 2417 185 2489 vellet,
198 2415 303 2474 litteris
315 2413 491 2491 nuntiisque
503 2419 633 2479 edocuit.
659 2418 692 2477 In
704 2426 883 2479 testamento
892 2419 1053 2480 Ptolemaei

82 2501 180 2576 patris
202 2499 334 2559 heredes
355 2509 440 2560 erant
462 2503 567 2578 scripti
588 2519 626 2563 ex
642 2503 760 2563 duobus
776 2504 846 2563 filiis
861 2505 958 2564 maior
972 2510 1002 2562 ct
1016 2520 1053 2564 ex

83 2585 204 2645 duabus
225 2582 346 2643 filiabus
369 2600 420 2659 ea,
448 2602 527 2660 quae
548 2594 645 2647 aetate
665 2588 874 2648 antecedebat.
909 2588 992 2647 Haec
1011 2589 1055 2649 uti

481 146 594 208 LIBER
617 148 666 208 III.
995 154 1055 217 311

82 2670 201 2743 fierent,
216 2683 272 2743 per
287 2683 393 2728 omnes
409 2669 484 2729 deos
499 2686 616 2746 perque
631 2673 765 2746 foedera,
787 2687 866 2746 quae
880 2674 995 2733 Romae
1010 2673 1053 2731 te-

82 2754 186 2825 cisset‚
203 2752 313 2813 eodem
327 2760 507 2815 testamento
521 2754 712 2815 Ptolemaeus
727 2757 874 2833 populum
885 2758 1053 2817 Romanurn

82 2838 302 2899 obtestabatur.
333 2838 466 2917 Tabulae
486 2844 657 2900 testamenti
678 2854 757 2901 unae
777 2855 832 2916 per
855 2841 971 2915 legatos
987 2840 1053 2903 eius

82 2924 212 2985 Romam
233 2928 319 2981 erant
340 2924 463 2996 allatae,
487 2930 520 2983 ut
539 2924 569 2982 in
591 2924 708 2984 aerario
731 2936 919 2999 ponerentur
933 2923 1053 2992 -hae,

83 3024 151 3069 cum
172 3012 300 3083 propter
319 3006 459 3082 publicas
475 3009 693 3082 occupationes
708 3009 781 3083 poni
795 3024 855 3068 non
871 3008 1053 3088 potuissent,

81 3093 166 3169 apud
179 3091 360 3166 Pompeium
376 3099 446 3151 sunt
461 3091 619 3166 depositae
632 3127 682 3165 —,
700 3094 813 3153 alterae
827 3093 936 3153 eodem
950 3108 1052 3153 exem·

83 3180 133 3257 plo
148 3176 275 3237 relictae
292 3182 383 3250 atque
399 3176 577 3250 obsignatae
590 3177 796 3237 Alexandriae
810 3177 1051 3251 proterebantur.

167 3259 240 3322 CIX.
285 3258 330 3319 De
350 3259 398 3320 his
420 3260 513 3321 rebus
535 3277 604 3321 cum
623 3268 763 3336 ageretur
783 3261 866 3336 apud
886 3261 1048 3323 Caesarem

81 3348 173 3424 laque
193 3342 327 3405 maxime
347 3346 439 3405 vellet
458 3361 514 3421 pro
537 3346 687 3406 communi
708 3346 805 3406 amico
827 3352 919 3421 atque
940 3349 1049 3410 arbitro

84 3428 313 3494 controversias
329 3443 433 3504 regum
450 3445 644 3507 componere,
667 3429 766 3491 subito
782 3432 934 3494 exercitus
948 3433 1054 3507 regius
