2272 4176
34 39 114 275 Γ
476 193 593 256 oman
612 196 661 255 1n.
783 154 789 163 ’
1015 204 1057 269 47

47 422 55 429 .
87 346 190 407 tentius
211 345 378 423 exquirere
399 346 509 421 coepit.
541 347 658 422 Quom
680 347 825 423 consilo,
847 365 917 410 cum
936 357 1053 412 tantum

49 446 52 451 ·
87 430 229 509 repentini
250 430 381 506 periculi
401 438 525 505 praeter
554 431 729 507 opinionem
751 434 917 493 accidisset
936 450 973 495 ae
993 435 1052 496 iam

89 515 181 575 omnia
201 516 267 574 iere
287 514 449 591 superiora
462 516 533 576 loca
552 515 744 576 multitudine
765 524 948 577 armatorum
969 534 1051 580 com·

90 601 163 673 pieta
176 599 446 674 conspicerentur,
468 614 571 673 neque
585 600 725 661 subsidio
740 601 838 660 veniri
853 617 955 675 neque
969 618 1052 663 eom-

90 691 196 743 neatus
211 683 388 759 supportari
410 683 583 743 interclusis
604 683 763 743 itineribus
784 692 930 760 possent,
952 702 1052 763 prope

90 767 140 826 *utin
153 769 317 842 desperata
331 768 431 827 salute
445 770 610 827 nonnullae
631 767 806 829 huiusmodi
822 769 991 829 sententiae
1006 770 1054 830 di·

92 850 240 927 rebantur,
262 859 296 913 ut
316 850 540 926 impedimentis
554 851 667 911 relictis
684 853 844 926 eruptione
859 854 940 912 iacta
953 853 1050 913 isdem

92 934 245 1009 itineribus
262 935 374 1011 quibus
389 951 426 994 eo
442 935 664 1010 pervenissent,
687 936 870 997 adsalutem
885 936 1049 997 contende-

92 1025 155 1077 rent
172 1019 279 1080 Maiori
286 1026 387 1079 tamen
396 1019 474 1093 parti
482 1018 826 1093 placuithoereservato
836 1020 874 1080 ad
882 1025 1047 1080 extremum

91 1105 206 1165 oonsilio
221 1104 341 1164 interim
354 1102 399 1162 rei
414 1111 555 1163 eventum
570 1103 702 1178 experiri
717 1109 746 1162 et
761 1110 861 1162 castra
873 1104 1048 1164 defendere.

163 1188 213 1246 IV.
241 1188 333 1247 Brevi
348 1187 449 1261 spatio
471 1187 645 1260 interiecto,
665 1187 719 1247 vix
733 1194 767 1246 ut
780 1186 817 1247 iis
838 1187 948 1261 rebus,
971 1203 1048 1263 quas

90 1271 322 1344 constituissent,
338 1272 538 1332 conlocandis
554 1277 647 1345 atque
662 1271 910 1331 administrandis
926 1278 1047 1346 tempus

88 1355 209 1430 daretur,
221 1355 327 1416 hostes
338 1371 378 1415 ex
390 1356 530 1416 omnibus
540 1356 678 1431 partibus
691 1354 779 1431 signo
792 1356 862 1416 dato
876 1356 1047 1432 decurrere,

87 1440 196 1514 lapides
212 1455 370 1515 gaesaque
385 1439 416 1498 in
430 1442 544 1499 vallum
559 1439 710 1501 conicere.
738 1439 840 1500 Nostri
854 1439 952 1514 primo
973 1439 1047 1499 inte«

85 1524 140 1597 gris
154 1523 271 1585 viribus
287 1524 405 1584 sortiter
418 1540 592 1599 repugnare
607 1539 708 1599 neque
721 1525 815 1584 ullum
830 1524 942 1584 frustra
956 1525 1047 1582 telum

86 1622 118 1666 ex
138 1609 206 1669 loeo
232 1608 393 1683 superiore
413 1607 545 1684 mittere,
566 1615 600 1669 ut
621 1623 762 1685 quaeque
783 1624 857 1684 pars
879 1614 1047 1667 castrorum

85 1692 190 1752 nudata
202 1693 419 1753 defensoribus
432 1692 530 1767 premi
540 1692 708 1767 videbatur,
728 1709 766 1754 eo
779 1707 940 1752 occurrere
953 1697 983 1750 et
994 1707 1043 1751 au

34 1794 38 1855 ς
86 1776 180 1836 cilium
195 1777 284 1852 terre,
307 1777 365 1836 sed
379 1776 439 1836 hoo
451 1777 600 1852 superari,
618 1777 702 1852 quod
718 1776 910 1837 diuturnitate
924 1789 1048 1851 pugneo

34 1860 38 1881 ¹
84 1860 182 1921 hostes
206 1860 462 1936 delessi'proelio
485 1861 690 1937 excedebant,
712 1861 762 1920 alii
784 1859 908 1935 integris
930 1858 1046 1920 viribus

34 1954 37 1971 '
83 1945 301 2013 succedebant3
325 1960 451 2020 quarum
473 1959 574 2004 rerum
595 1945 742 2005 anostris
764 1951 892 2021 propter
911 1943 1046 2018 paucita-

84 2035 135 2088 tem
156 2030 221 2088 fieri
245 2029 320 2088 nihil
343 2034 476 2103 poterat,
500 2044 536 2088 ac
556 2045 617 2089 non
632 2031 725 2090 modo
741 2031 865 2089 delesse
888 2044 928 2095 ox
942 2044 1047 2103 pugna

82 2114 257 2187 excedendi,
280 2114 337 2173 sed
353 2129 391 2172 ne
406 2112 510 2174 saucio
527 2113 650 2188 quidem
665 2115 730 2174 eius
745 2114 814 2189 loci,
836 2113 887 2173 ubi
904 2113 1044 2173 constite-

81 2204 130 2270 rat,
145 2197 339 2272 relinquendi
355 2213 392 2257 ac
407 2197 454 2256 sui
468 2198 637 2273 recipiendi
653 2199 782 2258 facultas
798 2199 936 2258 dabatur.

158 2283 197 2340 V.
227 2283 301 2342 Cum
322 2282 380 2340 iam
400 2282 530 2356 amplius
546 2281 629 2342 horis
645 2299 703 2342 sex
725 2282 914 2344 continenter
931 2296 1046 2357 pugna--

81 2373 157 2425 retur
168 2382 205 2424 ae
216 2383 278 2426 non
290 2367 390 2426 solum
401 2366 483 2428 vires
495 2367 553 2426 sed
563 2367 652 2427 etiam
663 2369 725 2428 tela
735 2374 858 2428 nostros
872 2366 1046 2440 deficerent,

34 2478 38 2525 ·,
81 2454 167 2525 atque
189 2449 294 2510 hostes
317 2451 417 2510 acrius
439 2451 586 2510 instarent
606 2450 911 2526 languidioribusque
932 2449 1045 2509 nostris

34 2528 37 2611 f
81 2535 187 2593 vallum
209 2535 350 2594 scindere
365 2542 395 2594 et
415 2536 517 2595 fossas
540 2537 694 2610 complere
716 2536 907 2612 coepissent,
933 2548 1047 2607 resque

34 2614 37 2683 ξ
79 2626 159 2678 esset
174 2618 233 2677 iam
249 2618 290 2678 ad
305 2625 473 2678 extremmn
487 2619 636 2693 perducta
657 2635 778 2695 casum,
800 2621 832 2679 P.
849 2618 972 2679 Sextius
987 2618 1045 2676 Ba-

34 2714 38 2751 :
80 2703 171 2778 culus,
188 2703 276 2776 primi
293 2703 346 2776 pili
362 2703 507 2776 centurio,
525 2719 616 2777 quem
630 2703 759 2765 Nervico
775 2703 892 2779 proelio
909 2703 1045 2776 complu-

80 2786 158 2846 ribus
174 2788 348 2847 eonioctum
361 2788 539 2847 vulneribus
555 2787 695 2862 diximus,
712 2790 826 2849 etitem
843 2787 935 2847 Gaius
949 2787 1044 2846 Volu-

39 2886 51 2897 ··
80 2884 178 2945 senus,
202 2871 343 2931 tribunus
358 2872 492 2951 militum,
514 2871 561 2930 vir
576 2878 605 2930 et
620 2872 739 2933 consilii
753 2871 856 2948 magni
870 2877 901 2930 et
914 2868 1044 2943 virtutiS,

80 2954 114 3013 ad
129 2956 255 3015 Galbam
275 2956 443 3015 adcurrunt
463 2963 557 3031 atque
570 2972 663 3015 unam
676 2972 749 3016 esse
764 2973 853 3033 spem
868 2953 974 3014 salutis
990 2953 1044 3012 do-

81 3047 149 3113 cent,
166 3039 193 3099 si
209 3039 371 3115 eruptione
386 3041 466 3100 laeta
480 3046 647 3099 extremmn
662 3042 808 3123 auxilium
823 3039 1043 3112 experirentur.

47 3138 59 3167 ··
83 3120 176 3198 tuque
190 3125 368 3185 convocatis
382 3124 608 3195 centurionibus
624 3125 762 3185 celeriter
772 3125 881 3184 milites
898 3120 1044 3182 certiores

54 3204 157 3283 L--lacit,
179 3208 341 3284 paulisper
361 3208 589 3269 intermitterent
608 3209 760 3283 proelium
780 3224 816 3272 ac
835 3206 1044 3268 tantummodo

84 3291 132 3352 tela
152 3295 248 3354 missa
268 3293 452 3367 exciperent
472 3309 569 3368 seque
591 3308 631 3352 ex
650 3293 757 3353 labore
776 3292 954 3366 reficerent,
973 3298 1044 3365 post

84 3372 142 3437 lato
153 3378 243 3454 signo
260 3393 301 3438 ex
314 3377 424 3438 castris
440 3381 635 3457 erumperent
647 3382 741 3454 atque
756 3392 876 3439 omnem
891 3390 980 3452 spem
995 3389 1043 3433 sa·

88 3454 141 3526 bus
153 3462 185 3529 iu
197 3464 314 3529 virtme
327 3468 489 3543 ponerent.
