2272 4176
70 542 134 609 1³⁰
362 554 416 615 ne
436 556 562 619 sueno
585 548 742 613 emtreo

68 700 179 775 possit
192 701 356 767 Praeterea
371 710 488 785 oppido
500 702 616 767 incendi
631 709 784 777 oportere,
800 714 878 775 quae
893 716 955 759 non
974 714 1035 758 mu·

66 783 183 848 uitione
198 798 229 850 et
242 792 303 851 loei
317 800 424 853 natura
437 792 475 851 ab
488 788 566 851 omni
582 786 643 846 sint
660 787 795 861 periculo
809 791 957 855 tuanen
972 786 1028 845 suis

66 869 129 932 siut
152 873 191 934 ad
212 876 439 937 detractandae
458 871 589 931 militiam
604 872 801 947 receptacula
814 884 875 929 neu
888 868 1029 931 Romanis

68 959 230 1033 proposita
244 960 281 1019 ad
305 960 423 1033 copiam
438 964 622 1015 commeatus
639 957 848 1031 praedamque
863 954 1030 1014 tollendam.

66 1038 153 1103 Hace
171 1044 197 1103 si
219 1044 323 1117 gravia
344 1049 395 1102 aut
414 1038 525 1099 acerba
537 1040 713 1115 videantur,
739 1041 832 1100 multo
849 1039 900 1099 illa
913 1038 1030 1114 gravius

67 1128 238 1200 aestimare,
254 1126 374 1195 liberos,
390 1122 536 1197 coniuges
551 1125 581 1183 in
597 1126 772 1186 servitutem
789 1124 936 1197 abstrahi,
950 1124 1031 1200 ipsos

67 1209 212 1280 interfici,
228 1225 307 1284 quae
321 1210 360 1269 sit
374 1223 502 1268 neeesse
519 1210 659 1270 arridere
673 1210 771 1270 vietis.
1071 1199 1074 1235 ⁵

148 1295 213 1353 XV.
237 1293 373 1352 Omnium
395 1308 551 1354 consensu
573 1294 629 1355 hac
651 1293 800 1354 sententia
826 1293 958 1369 probata
976 1308 1030 1354 uno

67 1377 116 1438 die
130 1376 259 1451 amplius
279 1393 323 1435 xx
343 1377 434 1437 urbes
452 1379 617 1454 Biturigum
640 1380 851 1439 incenduntur.
877 1379 944 1438 Hoc
959 1377 1031 1437 idem

66 1462 98 1522 lu
113 1461 141 1521 in
158 1460 283 1535 reliquis
304 1460 492 1523 civitatibus:
519 1465 548 1523 in
573 1465 712 1525 omnibus
735 1462 875 1538 partibus
897 1462 1031 1522 incendia

65 1544 313 1620 conspiciuntur3
329 1562 409 1621 <purte
431 1548 487 1607 etsi
505 1565 615 1622 magno
632 1566 698 1609 cum
715 1549 821 1610 dolore
837 1562 946 1608 omnes
961 1547 1020 1606 lere

64 1630 145 1704 bant,
160 1638 259 1690 tamen
279 1630 339 1691 hoo
354 1631 412 1691 sibi
427 1632 533 1691 solacii
545 1634 772 1709 proponebant,
789 1633 875 1708 quod
889 1646 925 1691 se
942 1644 1032 1706 prope

64 1717 224 1791 explorata
237 1715 365 1777 victoria
381 1718 519 1777 celeriter
535 1719 649 1778 antisse
664 1719 890 1793 reciperaturos
904 1715 1031 1776 conlide-

64 1800 145 1861 baut.
176 1800 367 1862 Deliberatur
388 1802 427 1861 de
446 1804 579 1862 Avarico
596 1805 624 1861 in
649 1804 798 1863 communi
821 1801 969 1875 concilio,
993 1798 1031 1858 in·

64 1885 152 1945 cendi
177 1887 312 1964 placeret
332 1902 369 1946 an
393 1886 526 1946 delendi.
556 1887 760 1948 Procumbunt
779 1887 923 1948 omnibus
945 1882 1032 1946 Gallis

65 1971 103 2030 ad
120 1971 216 2046 pedes
231 1970 398 2045 Bituriges,
425 1987 463 2030 ne
486 1972 717 2046 pulcherrimam
741 1988 838 2047 prope
861 1971 954 2031 tobus
969 1969 1031 2030 Gal·

64 2056 123 2115 liae
138 2056 261 2127 urbem,
278 2071 357 2131 quae
373 2056 528 2131 praesidio
545 2065 765 2117 sternumento
782 2057 821 2118 sit
835 2056 958 2122 civitati.
972 2052 1031 2114 suis
1072 2092 1074 2101 ι

65 2141 207 2201 manibus
222 2140 411 2202 succendero
423 2152 620 2215 cogerentur:
636 2142 724 2200 laeile
739 2158 774 2201 se
789 2141 846 2201 toci
863 2149 972 2201 natura
985 2138 1031 2198 de-

64 2226 209 2287 lensuros
225 2225 336 2299 dieunt,
353 2225 434 2301 quod
449 2242 546 2302 prope
561 2243 599 2286 ex
612 2225 751 2287 omnibus
765 2225 903 2300 partibus
916 2222 1030 2284 ssnnnne

65 2317 94 2370 et
110 2311 223 2386 palude
238 2309 424 2371 circumdata
443 2327 535 2371 unum
559 2310 668 2371 lrabeat
689 2318 718 2369 ct
742 2317 961 2385 perangustum
976 2306 1031 2367 adi·

64 2402 136 2456 tum.
168 2395 260 2455 Datur
280 2394 452 2470 petentibus
474 2396 563 2455 uenia
585 2395 781 2455 dissuadente
799 2395 895 2469 primo
912 2392 1030 2453 Verein-

63 2479 217 2554 getorige,
234 2487 305 2555 post
319 2480 507 2541 concedente
521 2488 551 2539 et
567 2481 709 2554 precibus
726 2480 860 2555 ipsorum
877 2487 908 2538 ct
923 2475 1034 2538 miseri-

64 2563 171 2625 cordia
185 2565 278 2639 uulgi.
308 2565 493 2626 Defensores
510 2565 625 2640 oppido
643 2564 743 2624 idonei
759 2564 942 2638 deliguntur.

146 2647 228 2708 xvl.
256 2649 487 2723 Vercingetorix
509 2649 676 2709 minoribus
698 2648 859 2707 Caesarem
881 2644 1034 2708 itineribus

64 2733 264 2810 subsequitur
284 2741 314 2796 et
335 2735 433 2794 locum
455 2734 562 2795 eastris
585 2733 689 2808 deligit
709 2732 871 2807 paludibus
888 2730 1035 2807 silvisque

64 2818 213 2880 munitum
235 2820 273 2879 ab
294 2819 426 2879 Avarico
450 2821 539 2894 louge
560 2819 641 2878 milio
663 2834 809 2893 passuum
831 2832 895 2876 xvr.
925 2816 969 2877 lbi
985 2829 1036 2891 per

66 2912 168 2965 certos
184 2905 397 2979 exploratores
413 2904 441 2963 in
459 2905 580 2978 singula
596 2903 654 2963 diei
668 2910 807 2977 tempora
819 2918 899 2976 quae
911 2901 1035 2961 adAva·

66 2990 162 3051 ricurn
178 2996 341 3063 agerentur
356 2989 564 3063 cognoscebat
584 2997 613 3048 et
635 2988 706 3062 quid
723 2987 787 3048 lieri
802 2988 895 3046 vellet
908 2986 1035 3061 impera

64 3075 125 3135 bat
154 3072 259 3134 Omnis
281 3082 402 3134 nostras
426 3074 638 3148 patmlationes
655 3073 970 3146 frumentationesque
985 3069 1035 3130 ob-

66 3159 212 3220 servabat
226 3158 459 3233 dispersosque,
476 3175 543 3218 eum
561 3158 680 3232 longius
696 3156 873 3218 necessario
891 3155 1035 3230 procede·

64 3250 147 3317 rent,
163 3242 359 3304 adoriebatur
373 3259 547 3318 magnoque
564 3243 757 3303 incommodo
773 3240 951 3313 adiiciebat,
972 3238 1035 3309 etsi,

67 3334 212 3406 quantum
226 3327 343 3388 ratione
360 3328 515 3403 provideri
533 3336 658 3403 poterat,
675 3329 713 3387 ab
729 3326 841 3387 nostris
857 3325 1033 3385 occurreba-

64 3420 123 3490 tur,
137 3422 172 3474 ut
185 3411 313 3472 incertis
324 3413 516 3487 temporibus
532 3414 725 3487 diversisque
741 3411 899 3471 itineribus
916 3410 1017 3470 iretur.

148 3496 242 3561 livit.
266 3496 380 3557 Castris
393 3496 430 3555 ad
447 3513 515 3557 eam
531 3506 647 3573 partem
666 3496 771 3568 oppidi
789 3494 898 3570 positis
915 3493 1036 3565 Caesar,

66 3598 147 3660 quoe
160 3582 335 3644 intermissa
348 3597 366 3641 a
379 3579 503 3642 ilumine
516 3591 546 3643 et
558 3599 577 3641 a
588 3579 750 3657 paludibus
763 3581 886 3651 aditum,
902 3586 1038 3653 utsupra

65 3667 212 3744 diximus,
239 3673 403 3743 angustum
418 3667 565 3740 habebat,
593 3679 734 3739 aggerem
749 3678 916 3740 apparare,
931 3663 1037 3723 vineas

65 3767 167 3827 egere,
183 3760 283 3813 turres
297 3751 376 3814 duas
393 3752 578 3813 constituere
593 3748 709 3823 coepit:
725 3765 794 3808 narn
810 3749 1038 3810 circumvallare

62 3836 124 3898 loei
144 3843 254 3897 nature
275 3836 467 3911 prohibebat
501 3835 546 3893 De
567 3848 602 3891 re
617 3834 813 3894 frumentaria
831 3832 927 3895 Boios
949 3842 1038 3911 atque

613 4073 694 4144 f.
