2272 4176
418 184 533 247 eman
553 188 619 246 vn.
943 180 1004 248 155
1097 270 1100 275 Ι

27 356 156 419 quoque
169 337 497 416 equitatumtripertito
507 338 638 399 divisum
647 346 754 398 contra
768 339 886 399 hostem
901 339 945 399 ire
959 340 1003 400 iu-

26 425 87 486 bet.
100 424 264 500 Pugnatur
277 440 340 485 uua
354 425 494 484 omnibus
509 424 540 483 in
555 423 704 499 partibus.
721 424 866 484 Consistit
878 440 1003 498 agmen3

28 510 248 586 impedimenta
267 507 346 569 inter
364 509 502 584 legiones
522 509 719 584 recipiuntur.
749 507 782 568 Si
798 525 860 583 qua
873 509 904 567 in
919 516 1005 583 parte

27 595 124 657 nostri
148 595 294 655 laborare
313 599 365 653 aut
385 594 509 668 gravius
524 593 622 668 premi
640 594 837 666 videbantur,
864 594 1004 669 resigna

28 679 132 741 inierri
154 678 270 739 Caesar
290 678 449 753 aciemque
471 677 613 738 constitui
633 677 772 747 lubebat3
803 693 882 753 quae
902 694 953 737 res
975 685 1006 738 et

28 765 133 825 hostes
160 763 203 823 ad
228 763 453 837 insequendum
475 763 614 822 tardabat
635 769 664 821 et
684 770 809 822 nostros
829 778 886 838 spe
901 763 1005 822 auxilii

29 848 243 910 confirmabat
263 847 396 907 Tandem
413 847 552 907 Germani
569 847 607 906 ab
623 846 730 906 dextro
746 849 839 906 latere
854 864 1005 907 summum

28 934 133 1009 Iugum
149 931 254 992 naneti
267 931 374 991 hostes
395 934 464 992 loco
481 933 650 1008 depellunt;
678 931 829 1006 fugientes
849 933 1005 1006 usquead

30 1019 154 1092 flumen,
170 1015 224 1076 ubi
237 1017 471 1090 Vercingetorix
487 1033 555 1076 curn
571 1015 766 1090 pedestribus
783 1017 880 1092 copiis
896 1031 1004 1077 conse·

30 1105 131 1177 derat,
159 1109 389 1177 persequuntur
409 1103 636 1176 conpluresque
657 1101 849 1161 interficiunt.
886 1102 1005 1175 Quare

30 1186 247 1248 animadversa
257 1186 367 1261 reliqui
379 1201 418 1245 nc
433 1186 661 1246 circumirentur
673 1186 760 1245 veriti
773 1202 807 1245 se
819 1187 910 1260 sagae
921 1202 1004 1245 man-

30 1274 109 1334 dant
142 1270 292 1332 Omnibus
308 1270 384 1331 loeis
405 1271 439 1330 fit
454 1271 575 1330 caedes.
604 1272 679 1330 Tres
694 1271 874 1331 nobilissimi
887 1270 1004 1331 Haedui

31 1357 108 1434 capti
123 1356 166 1416 ad
182 1356 345 1415 Caesarem
359 1356 583 1429 perducuntur:
610 1355 712 1430 CotuS,
729 1357 903 1430 praefectus
919 1357 1004 1431 equi-

31 1450 105 1515 tum,
122 1440 179 1516 qui
196 1440 434 1500 controversiam
450 1456 518 1499 cum
537 1440 763 1500 Convictolitavi
780 1442 938 1515 proxumis
954 1457 1004 1500 00·

32 1527 117 1587 mitiis
133 1525 295 1598 habuerat,
311 1530 342 1583 et
355 1525 537 1598 Cavarillus,
555 1525 606 1600 qui
621 1532 694 1599 post
708 1525 910 1584 delectionem
925 1525 1002 1584 Lita-

32 1612 85 1672 viei
107 1609 310 1686 pedestribus
331 1608 429 1684 copiis
450 1611 639 1684 praefuerat,
666 1616 696 1668 et
708 1609 917 1685 Eporedorix,
942 1626 1003 1684 quo

33 1696 107 1755 duce
121 1702 197 1754 ante
211 1693 522 1754 adventumcaesaris
538 1694 657 1752 Haedui
672 1709 740 1753 cum
757 1693 908 1768 Sequanis
923 1695 1002 1755 bello

37 1779 262 1840 contenderant.
969 1844 971 1849 ,

111 1863 246 1923 LXVIII.
268 1861 385 1936 Fugato
401 1862 482 1921 omni
498 1862 873 1937 equimtuVereingetorix
889 1864 1001 1939 copias,

37 1958 64 2008 ut
75 1964 133 2023 pro
150 1947 261 2006 castris
278 1947 501 2019 conlocaverat,
517 1948 638 2006 reduxit
649 1948 851 2026 protinusque
859 1950 1001 2025 Alesiam,

38 2034 114 2108 quod
130 2040 179 2091 cst
195 2031 343 2106 oppidum
359 2030 600 2104 Mandubiorum,
616 2033 672 2090 iter
688 2033 790 2090 iacere
806 2033 908 2107 coepit
923 2036 1001 2093 cele-

38 2118 165 2192 riterque
179 2116 396 2190 impedimenta
410 2132 449 2174 ex
465 2118 573 2175 eastris
590 2116 678 2175 educi
691 2123 765 2175 etse
778 2117 926 2193 subsequi
941 2118 1003 2178 ius

40 2202 79 2262 sit
110 2202 225 2261 Caesar
247 2200 469 2274 impedimentis
491 2201 520 2258 in
542 2217 725 2276 proxumum
741 2202 848 2260 collem
864 2203 1002 2262 deductis

40 2287 150 2346 duabus
159 2284 332 2358 legionibus
345 2285 499 2358 pracsidio
511 2285 623 2345 relictis
637 2292 771 2356 secutus
786 2294 931 2359 quantum
944 2288 1001 2346 diei

40 2378 150 2445 tempus
167 2376 217 2428 est
231 2384 367 2442 passum,
384 2370 501 2428 circiter
511 2371 608 2429 tribus
619 2370 740 2428 milibus
753 2370 885 2430 hostium
898 2387 936 2430 ex
951 2389 999 2431 no·

40 2456 157 2515 tissime
179 2453 301 2527 agmine
322 2453 488 2512 intersectis
510 2456 604 2514 altero
627 2455 676 2513 die
697 2455 736 2512 ad
751 2455 886 2514 AlesIam
903 2464 1002 2515 castra

42 2540 107 2600 iecit
135 2539 306 2613 Perspecto
321 2538 405 2597 urbis
421 2538 481 2596 situ
495 2540 723 2614 perterritisque
738 2538 893 2614 hostibus,
920 2542 1003 2614 quod

41 2626 175 2700 equitatu,
193 2639 256 2698 qua
270 2639 411 2681 maxume
427 2629 513 2695 parte
529 2624 681 2683 exercitus
699 2625 902 2697 confidebant,
919 2633 1004 2684 erant

43 2710 117 2782 pulsi,
127 2708 310 2768 adhortatus
324 2708 363 2766 ad
370 2708 506 2768 laborem
514 2708 623 2766 milites
632 2710 859 2767 circumvallare
868 2709 1003 2770 instituit.

109 2793 213 2852 LXIX.
242 2792 347 2866 Ipsum
369 2799 433 2851 erat
454 2793 602 2866 oppidum
619 2792 725 2851 Alesia
745 2795 774 2851 in
792 2794 869 2852 colle
885 2811 1002 2854 summo

42 2876 195 2939 admodum
218 2876 300 2935 edito
327 2878 411 2950 leco,
437 2884 469 2936 ut
493 2877 551 2935 nisi
574 2877 734 2936 obsidione
755 2879 926 2951 expugnari
941 2896 1003 2938 non

42 2976 123 3034 posse
136 2961 311 3028 videretur3
327 2961 414 3020 cuius
431 2962 516 3020 collis
532 2961 652 3020 redires
668 2962 729 3020 duo
745 2962 864 3021 duabus
881 2978 919 3020 ex
934 2980 1003 3037 par-

42 3046 107 3106 tibus
123 3045 253 3105 flumina
268 3044 460 3104 subluebant.
476 3047 557 3104 Ante
571 3045 603 3103 id
618 3047 766 3120 oppidum
782 3046 929 3120 planicies
946 3049 1001 3107 cir-

41 3130 103 3190 citer
117 3131 201 3190 milia
216 3146 367 3205 passuum
379 3130 436 3188 tria
451 3130 481 3186 in
493 3130 711 3203 longitudmem
724 3131 861 3204 patebat:
876 3133 1003 3208 reliquis
1114 3171 1120 3181 -

41 3216 224 3277 exomnibus
239 3215 483 3289 partibuseolles
497 3214 644 3273 mediocri
652 3215 810 3274 interiecto
819 3216 920 3290 spatio
935 3221 1002 3293 pari
1116 3236 1119 3241 ·

40 3300 194 3361 altitudinis
211 3299 334 3375 fastigio
352 3299 501 3374 oppidum
516 3298 686 3372 cingebant.
718 3297 782 3358 Sub
796 3315 900 3377 muro,
923 3320 1004 3379 quae
1113 3344 1120 3367 ς

40 3398 100 3459 pars
115 3387 203 3446 cellis
220 3385 261 3442 ad
276 3385 423 3443 orientem
438 3386 534 3444 solem
549 3383 717 3458 spectabat,
731 3383 813 3444 hunc
824 3400 939 3449 omnen·

41 3482 99 3531 cnm
112 3471 224 3547 copiae
240 3469 393 3529 Gallorum
411 3469 638 3547 compleverant
657 3469 845 3551 iussamque
864 3478 924 3535 etr
