2272 4176
432 186 547 249 LIBER
566 186 633 246 Vll.
960 184 1020 253 131

43 338 195 400 Haeduos
211 338 368 402 adhortari
383 356 443 401 non
459 340 587 409 destitit;
605 342 825 418 quorumalteri
842 344 925 418 quod
940 347 1022 406 trullo

47 423 150 485 studio
165 424 318 500 agebant,
343 441 403 486 non
418 428 543 485 multum
558 427 758 500 adiuvabant,
784 428 869 487 alteri
885 445 945 489 non
960 447 1022 490 ma-

48 508 115 584 gnis
131 509 343 584 inemtaums,
360 511 441 587 quod
458 511 564 572 civitas
580 520 645 573 erat
660 510 772 587 exigua
786 519 816 572 et
831 512 958 585 infirma,
975 530 1021 574 ce-

49 592 149 654 leriter
165 595 254 669 quod
274 595 445 657 habuerunt
460 604 726 672 consumpserunt.
757 595 881 657 Summa
896 598 1023 658 diilieul-

49 687 106 739 tate
126 677 174 738 rei
190 679 409 741 frumentariae
422 682 544 741 adiecto
560 682 696 742 exercitu
710 681 854 742 tenuitate
868 682 1021 754 Boiorum,

51 762 240 845 indiligentia
252 765 458 840 Haeduorum,
473 765 623 825 incendiis
638 765 846 826 aedificiorum
860 783 961 842 usque
977 783 1022 833 eo.

51 856 80 909 ut
92 850 265 923 conplures
281 850 346 910 dies
362 851 511 911 frumento
526 851 634 910 milites
652 850 803 910 caruerint
817 858 847 911 et
857 867 970 927 pecore
985 867 1023 911 ex

15 930 18 935 '
54 933 317 1008 longinquioribus
337 935 414 996 vicis
436 936 544 995 adacto
567 943 731 995 extremam
751 936 860 995 tarnem
876 944 1024 1003 sustenta-

15 1022 20 1077 i
54 1026 128 1093 rent,
160 1020 247 1078 nulla
267 1026 367 1079 tamen
388 1037 450 1079 vox
471 1028 518 1081 est
538 1021 576 1079 ab
598 1020 635 1079 iis
658 1019 760 1079 arrdita
775 1022 879 1095 papirii
895 1020 1023 1081 Romani

16 1104 24 1215 l
55 1103 210 1164 maiestate
232 1110 263 1163 et
283 1104 493 1181 superioribus
514 1103 649 1165 victoris
670 1104 803 1178 indigna.
833 1106 909 1179 Quin
934 1105 1022 1165 etiam

21 1218 26 1309 Ι
58 1188 164 1248 caesar
183 1203 253 1248 oum
275 1188 305 1248 in
329 1204 423 1264 opere
438 1188 574 1264 singulas
591 1189 728 1262 legiones
744 1192 913 1263 appellaret
927 1197 971 1263 ct,
998 1189 1023 1250 si

22 1314 28 1369 ἱ
59 1273 193 1333 acerbius
208 1272 344 1346 inopiam
359 1274 486 1349 terrent,
503 1290 538 1333 se
553 1273 749 1333 dimissurum
766 1276 1025 1349 oppugnationem

24 1379 28 1390 ·
59 1357 174 1432 diceret,
190 1357 330 1418 universi
345 1357 383 1417 ab
398 1374 436 1418 eo
448 1375 487 1418 ne
499 1359 528 1417 id
540 1359 655 1417 iaceret
667 1358 824 1432 petebant:
840 1359 885 1418 sic
897 1375 932 1418 se
944 1375 1025 1418 eom-

60 1442 154 1517 plnres
170 1457 271 1503 annos
287 1442 338 1502 illo
354 1443 522 1517 imperante
536 1442 702 1515 meruisse,
724 1449 758 1502 ut
770 1445 882 1503 nullam
898 1442 1024 1517 ignomi-

60 1527 129 1587 niam
147 1527 334 1602 aceipcrent,
351 1543 503 1603 nusquam
516 1528 637 1602 incepta
649 1542 682 1586 re
693 1526 902 1586 discederent:
917 1527 977 1586 hoc
991 1542 1026 1587 sc

60 1610 237 1686 ignominiae
251 1612 367 1672 laturos
383 1613 461 1685 loeo,
477 1611 503 1672 si
518 1610 670 1687 inceptam
686 1612 944 1686 oppugnationem
958 1610 1026 1670 reli-

21 1768 25 1793 Ι
61 1695 207 1772 quissent:
224 1704 496 1771 praestareomnes
511 1698 646 1773 perferre
657 1696 849 1769 acerbitates
866 1711 1024 1771 quamnon

62 1780 170 1841 civibus
191 1780 356 1855 Romanis,
383 1780 435 1856 qui
454 1781 570 1841 Genabi
592 1777 723 1856 pertidia
739 1780 892 1841 Gallorum
907 1779 1026 1840 interis-

61 1872 127 1940 sent,
143 1872 352 1941 parentarent.
367 1865 452 1925 Haec
467 1866 574 1925 eadem
590 1864 818 1926 centurionibus
833 1865 1026 1941 tribunisque

26 1968 29 1979 ·
61 1950 178 2011 militum
192 1950 390 2024 mandabant,
404 1957 437 2011 ut
451 1966 508 2025 per
522 1966 577 2011 eos
593 1951 633 2011 ad
648 1949 810 2010 Caesarem
826 1950 1025 2011 deterrentur.

24 2060 28 2119 3
132 2035 243 2095 XVIII.
267 2034 340 2095 Cum
354 2035 413 2095 iam
428 2052 514 2097 muro
529 2044 631 2097 turres
646 2034 964 2110 adpropinquassent,
988 2050 1026 2094 ex

24 2138 28 2145 ·
62 2120 183 2195 captivis
198 2120 313 2180 Caesar
327 2121 760 2196 eognovitVereingetorigcm
776 2128 956 2195 consumpto
974 2136 1026 2195 pa-

62 2204 122 2266 bulo
139 2211 246 2266 castra
261 2205 397 2267 movisse
412 2206 540 2281 propius
554 2205 719 2264 nomicum
735 2212 827 2281 atque
843 2194 944 2280 ip'sum
960 2221 1027 2264 cum

62 2291 191 2366 equitatu
207 2290 437 2366 expeditisque,
466 2291 518 2367 qui
543 2290 621 2350 inter
647 2290 767 2364 equites
788 2290 931 2365 proeliari
955 2306 1027 2349 eon-

62 2383 214 2448 suessent,
239 2374 416 2435 insidiarum
438 2391 533 2435 eausa
553 2391 590 2436 eo
612 2375 798 2450 proiectum,
826 2391 886 2450 quo
903 2382 1027 2434 nostros

10 2477 12 2485 ·
62 2466 178 2533 postero
195 2458 245 2517 die
262 2459 435 2534 pabulatum
449 2468 595 2520 venturos
611 2458 814 2520 arbitraretur.
851 2460 964 2533 Quibus
980 2474 1027 2517 re-

62 2542 108 2605 bus
133 2542 269 2618 cognitis
295 2545 396 2603 media
416 2552 506 2604 nocte
528 2544 647 2604 silentio
669 2544 826 2618 proiectus
842 2545 882 2602 ad
896 2542 1027 2603 hostium

63 2637 157 2690 astra
171 2644 265 2687 mane
280 2628 425 2703 pervenit.
457 2629 502 2688 illi
524 2630 662 2689 celeriter
677 2643 732 2702 per
748 2630 959 2703 exploratores
975 2626 1027 2686 ad-

61 2722 142 2775 ventu
160 2712 305 2774 Caesaris
321 2714 442 2786 cognito
455 2729 561 2773 carros
576 2713 855 2788 impedimentaque
870 2729 927 2772 sua
940 2712 970 2770 in
981 2727 1026 2769 ar-

61 2796 143 2859 tiores
161 2797 259 2858 silvas
275 2796 465 2870 abdiderunt,
482 2798 589 2872 copias
606 2797 703 2858 omnis
720 2796 749 2855 in
761 2800 830 2858 loco
844 2798 924 2857 edito
936 2804 1028 2871 atque

60 2891 159 2957 aperto
175 2882 394 2941 instruxerunt.
411 2882 476 2955 Qua
490 2899 524 2941 re
538 2883 674 2942 nuntiata
682 2880 795 2941 Caesar
810 2881 947 2941 celeriter
963 2897 1026 2939 sar-

23 3026 27 3033 .
60 2967 135 3029 anas
151 2965 298 3037 conferri,
314 2982 399 3025 arma
415 2966 554 3051 expediri
568 2967 664 3026 iussit.

130 3052 215 3113 XIX.
239 3049 331 3110 Collis
346 3058 411 3111 erat
425 3051 530 3111 leniter
546 3050 583 3110 ab
598 3051 702 3110 infimo
718 3050 855 3109 adclivis.
886 3050 973 3108 Hunc
988 3063 1027 3108 ex

59 3136 196 3197 omnibus
214 3135 279 3193 iere
293 3134 429 3210 partibus
444 3137 533 3210 palus
549 3134 681 3195 difficilis
698 3142 789 3208 atque
804 3133 949 3208 impedita
966 3133 1027 3193 cin-

58 3221 141 3295 gebat
162 3236 227 3282 uon
250 3220 338 3280 latior
353 3219 484 3294 pedibus
501 3219 728 3295 quinquaginta.
758 3218 824 3278 Hoc
839 3233 873 3277 se
890 3218 968 3277 colle
982 3217 1028 3277 in-

57 3306 199 3382 turupds
221 3304 367 3380 pontibus
383 3304 458 3364 Galli
480 3304 593 3364 fiducia
614 3304 673 3364 loci
689 3302 885 3362 continebant
900 3318 1027 3376 genera-

57 3388 167 3468 timque
193 3387 348 3451 distributi
371 3387 401 3448 in
428 3388 565 3448 civitates
588 3388 690 3449 omnia
703 3386 785 3447 vada
798 3402 835 3446 ac
850 3388 945 3447 saltus
961 3387 1026 3447 eius

14 3488 17 3495 ·
58 3476 176 3551 pdudis
194 3473 374 3536 obtinebant
388 3473 434 3534 sic
448 3473 549 3534 animo
563 3473 676 3556 parati,
694 3479 743 3551 ut,
762 3471 790 3535 si
806 3488 878 3535 eam
890 3473 1046 3552 paludem

799 3562 846 3623 a*
