2272 4176
130 477 192 544 mo
419 480 472 543 nn
492 480 617 560 anano
640 480 804 544 amoueo

127 639 194 694 rent
213 638 400 695 mercatores
421 636 591 712 recipiendi
612 636 660 695 sui
676 636 851 696 facultatem
865 648 928 696 non
941 634 1099 695 haberent.

128 717 322 792 Inopinantes
339 722 435 781 nostri
450 737 484 781 re
500 739 580 783 nova
597 721 827 796 perturbantur,
848 734 887 781 ao
901 718 956 780 vix
972 719 1099 795 prinum

127 804 271 878 impetum
286 804 398 867 cohors
414 807 443 866 in
456 808 586 868 statione
600 806 739 866 sustinet.
760 805 1049 867 Circumfunduntur
1061 820 1098 866 ex

126 888 252 964 reliquls
274 889 380 950 hostes
398 892 550 967 partibus,
576 891 601 950 si
625 906 715 966 quem
733 890 849 949 aditum
869 890 1010 966 reperire
1032 906 1096 965 pos·

129 979 204 1034 sent.
232 975 334 1049 Aegre
350 984 453 1050 portas
470 976 565 1037 nostri
581 983 718 1050 tuentur,
741 975 882 1050 reliquos
896 976 999 1036 aditus
1016 978 1096 1037 locus

128 1057 194 1132 ipse
208 1073 265 1133 per
276 1075 314 1118 sc
329 1061 518 1136 munitioque
533 1061 678 1121 defendit.
696 1061 780 1121 Totis
796 1059 966 1135 trepidatur
982 1052 1095 1135 cassis,

126 1148 219 1217 atque
232 1144 310 1202 alius
326 1149 365 1202 ex
381 1145 439 1205 alio
455 1161 580 1206 causam
595 1145 742 1206 tumultus
759 1144 895 1221 quaerit;
920 1161 1025 1221 neque
1043 1161 1094 1221 quo

126 1226 213 1301 signa
228 1228 363 1288 scrantur
377 1245 478 1305 neque
494 1247 584 1305 quam
599 1231 630 1290 in
653 1237 768 1305 partem
790 1229 925 1304 quisque
941 1230 1094 1289 conveniat

127 1312 295 1387 provident.
314 1315 401 1374 Alius
417 1314 474 1374 iam
490 1323 591 1375 castra
602 1321 692 1390 capta
707 1314 890 1389 pronuntiat,
906 1314 985 1374 alius
1002 1315 1093 1375 deeto

127 1396 262 1456 exercitu
273 1402 365 1471 atque
379 1399 562 1474 imperatore
576 1401 709 1460 victores
724 1399 874 1459 barbams
889 1398 1020 1459 venisse
1031 1415 1090 1459 mn·

127 1480 238 1549 tendit;
265 1482 405 1558 plerique
428 1501 525 1545 novas
548 1485 606 1544 sibi
630 1500 669 1543 ex
695 1486 764 1545 loco
789 1483 958 1557 religiones
983 1483 1090 1559 naalol

125 1562 291 1640 Cottaeque
306 1573 336 1627 et
349 1568 453 1628 Titurii
466 1570 676 1642 calamitatem,
693 1568 745 1644 qui
761 1568 789 1626 in
807 1568 918 1627 eodem
933 1568 1091 1628 occidoint

126 1650 267 1723 castello,
289 1659 359 1711 ante
381 1656 488 1715 oculos
511 1661 637 1729 ponunt.
665 1653 727 1713 Tali
749 1653 857 1711 timore
872 1652 1018 1712 omnibus
1032 1668 1089 1729 per-

126 1734 235 1794 territis
252 1737 448 1798 conllrmatur
463 1739 568 1813 opinio
584 1738 737 1811 bmbaris,
753 1744 787 1797 ut
801 1751 841 1796 ex
856 1736 980 1812 captivo
997 1736 1088 1797 attile

127 1825 206 1894 ant,
222 1822 336 1881 nullum
351 1838 423 1883 esse
437 1824 517 1884 intus
533 1823 729 1899 praesidium.
750 1821 953 1896 Perrumpere
967 1821 1091 1881 nitmtur

126 1918 222 1979 seque
237 1905 296 1980 ipsi
313 1907 528 1984 adhortantur,
554 1924 594 1968 ne
607 1914 721 1968 tantam
736 1907 889 1967 fortunam
904 1921 944 1965 ex
958 1905 1088 1966 maribus

128 1988 282 2050 dimittant.

207 2074 367 2136 XXXVIII.
389 2077 462 2139 Erat
476 2093 568 2152 aeger
584 2093 651 2137 cum
667 2074 822 2151 praesidio
836 2073 963 2135 relictus
977 2072 1085 2135 P.Sex·

128 2157 185 2219 Ius
200 2158 348 2236 Baculus,
375 2164 426 2238 qui
448 2164 578 2239 primum
599 2163 693 2238 pilum
714 2160 754 2220 ad
776 2159 938 2219 Caesarem
960 2161 1085 2233 duceret,

127 2244 213 2304 cuius
228 2247 410 2306 mentionem
425 2246 637 2323 superioribus
653 2244 779 2320 proeliis
795 2245 940 2318 lecimus,
967 2262 1001 2307 a(
1011 2244 1086 2304 diem

126 2327 184 2387 iam
210 2330 346 2403 quintum
375 2331 444 2392 cibo
472 2339 620 2391 caruerat.
659 2330 715 2390 Hic
746 2329 867 2389 diffisus
899 2345 977 2390 suae
998 2336 1088 2406 atque

29 2485 33 2493 Ι
126 2414 258 2473 omnium
273 2414 362 2473 saluti
376 2413 499 2476 iuermis
515 2432 554 2475 ex
569 2415 767 2475 tabernaculo
782 2413 899 2489 prodit:
915 2415 989 2473 vide
1002 2413 1087 2472 Inmi-

126 2511 199 2556 nere
219 2496 325 2558 hostes
341 2505 433 2573 atque
454 2502 484 2559 in
500 2516 620 2560 summo
636 2515 708 2559 esse
722 2515 787 2558 rem
802 2497 983 2558 discrimine
1008 2498 1089 2573 capit

126 2596 208 2641 mma
223 2597 241 2639 a
255 2582 404 2656 proximis
420 2591 512 2661 atque
526 2586 556 2644 in
577 2591 668 2658 porta
683 2583 832 2643 consistit.
864 2583 1088 2657 consequuntur

125 2666 206 2725 hunc
227 2668 421 2729 centuriones
443 2671 510 2730 eius
532 2668 684 2743 cohortis,
715 2667 845 2743 quaein
866 2668 987 2728 station
1007 2674 1087 2726 erat:

126 2750 283 2826 paulisper
299 2768 358 2812 una
372 2755 522 2829 proelium
537 2754 701 2814 sustinent.
716 2752 872 2829 Relinquit
886 2753 994 2811 animrs
1011 2750 1085 2810 Sex-

126 2836 197 2896 tium
212 2837 357 2911 gravibus
372 2839 509 2913 acceptIs
524 2839 716 2899 vulneribus=
737 2852 830 2912 aegre
845 2851 901 2911 per
915 2850 1011 2896 mmus
1027 2843 1086 2895 tra·

126 2927 192 2982 ctus
209 2928 356 2981 servatur.
382 2923 449 2983 Hoc
464 2923 564 2999 spatio
579 2922 760 2999 Interposito
776 2921 887 2997 reliqui
902 2932 960 2980 see
975 2920 1085 2980 contir-

126 3012 207 3065 mant
221 3012 350 3081 tantum,
366 3014 400 3068 ut
414 3008 444 3066 in
459 3008 677 3069 munitionibus
693 3009 864 3068 consistere
878 3007 1001 3067 aucant
1014 3019 1084 3080 spe-

127 3091 264 3166 ciemque
279 3092 475 3152 defensorum
491 3095 668 3169 praebeant.

208 3174 338 3236 XXXIX.
361 3177 484 3237 Interim
505 3181 646 3239 conlecta
667 3176 899 3239 frumentatione
919 3170 1015 3235 ailites
1031 3190 1083 3235 no-

126 3259 179 3319 stri
203 3261 366 3321 clamorem
388 3264 570 3323 exaudiunt:
604 3270 805 3340 praecurrunt
822 3261 943 3336 equitas
969 3266 1084 3332 quanto

125 3360 176 3404 res
199 3345 237 3405 sit
258 3345 287 3405 in
310 3347 446 3421 periculo
469 3356 669 3423 cognoscunt.
709 3349 764 3408 Hic
784 3362 859 3407 vcro
876 3343 943 3406 nula
956 3343 1083 3404 munitio

126 3435 181 3503 est,
198 3446 278 3507 quae
288 3433 466 3506 perterritos
477 3432 620 3508 recipiat=
635 3433 727 3494 modo
740 3431 995 3505 conscripsitque
1005 3444 1082 3489 usus

126 3513 260 3577 militaris
276 3516 406 3592 imperiti
421 3518 461 3578 ad
475 3519 628 3579 tribunum
637 3518 762 3577 militum
775 3517 1017 3587 centurinesque
1028 3530 1083 3575 ora

126 3607 322 3671 convertunt;
349 3603 423 3678 quid
447 3604 486 3663 ab
508 3604 554 3664 llis
577 3602 782 3679 praecipiatur
802 3601 958 3675 expetant.
986 3598 1082 3659 Nemo

125 3689 174 3743 est
186 3689 247 3744 tam
262 3686 366 3761 lortis,
389 3688 461 3763 qum
475 3689 521 3749 rei
535 3689 669 3748 novitate
684 3685 878 3761 perturbetur
897 3680 1025 3743 Barbari
1039 3684 1079 3745 si·

125 3781 186 3843 gna
206 3771 314 3846 procul
335 3772 506 3848 conspicati
525 3772 759 3857 oppugnatione
782 3770 931 3833 desisimi=
958 3769 1081 3830 redisse
