2272 4176
8 41 58 257 Γ
464 163 579 226 amna
602 165 649 225 m.
974 167 1036 237 aar

64 314 192 376 ducenti
215 328 257 375 ex
281 312 374 392 Syria
398 329 417 373 a
438 316 642 393 commageno
662 317 831 395 Antiocho,
857 319 905 381 cui
929 336 1038 397 magna

63 397 234 477 Pompeius
254 399 390 473 praemia
409 400 525 475 tribuit,
551 403 637 463 missi
659 411 760 475 erant;
786 403 816 463 in
837 403 884 465 his
900 405 1038 482 plerique

43 482 300 561 'hippotoxotaa
327 484 395 545 Huc
413 486 588 562 Dardanos,
608 489 725 548 Bessos
750 488 858 564 partim
882 505 1036 553 mercena·

63 570 138 646 rios,
153 570 264 646 partim
278 568 405 643 imperio
421 578 472 630 aul
486 572 582 645 gralia
597 579 799 649 comparatos,
814 574 884 633 ilem
895 574 1037 639 Macedo·

64 672 137 731 nes,
157 656 325 717 Thessalos
346 671 383 716 ac
396 656 581 731 reliquarum
595 658 728 731 genlimn
744 667 774 718 et
789 658 941 720 civitatum
955 661 1037 721 adie-

63 748 149 803 cerat
163 748 258 816 atque
272 756 350 816 eum,
367 756 457 816 quem
472 758 567 816 supra
578 742 863 819 demonstravimus,
879 760 1037 805 nmnarum

62 829 252 902 expleverat

147 912 187 971 V.
209 910 363 971 Frumenti
378 910 439 970 vim
453 913 614 971 maximam
630 926 669 970 ex
682 911 856 986 Thessalia,
870 912 962 986 Asia,
976 915 1036 974 Ae-

63 1003 177 1075 gypto,
205 996 308 1069 Creta,
334 995 462 1073 Cyrenis
483 997 672 1072 reliquisque
687 996 863 1070 regionibus
879 1012 1036 1073 compara-

62 1088 157 1155 verat,
173 1079 309 1139 hiemare
322 1079 512 1158 Dyrrhachii,
532 1081 716 1156 Apolloniae
731 1082 933 1156 omnibusque
948 1082 1036 1158 oppi-

63 1165 111 1225 dis
136 1165 296 1225 maritimis
321 1165 533 1240 constituerat,
562 1173 594 1225 ut
616 1181 700 1224 mare
724 1166 1036 1228 transirecaesarem

64 1249 257 1324 prohiberet,
283 1249 413 1324 eiusque
432 1250 477 1309 rei
503 1266 598 1310 causa
618 1250 699 1311 omni
715 1266 770 1310 ora
783 1250 943 1311 marituma
957 1253 1034 1312 clas-

63 1350 129 1394 scm
145 1334 353 1409 disposuerat.
381 1333 524 1394 Praeerat
537 1336 701 1412 Aegyptiis
722 1336 853 1395 navibus
868 1335 1035 1413 Pompeius

43 1418 155 1492 lilius,
172 1418 317 1478 Asiaticis
330 1418 365 1477 1).
380 1418 501 1478 Laelius
517 1427 547 1478 et
562 1419 592 1479 C.
608 1420 750 1495 Triarius
767 1419 904 1498 Syriacis
920 1421 950 1481 C.
965 1421 1035 1481 Cas-

63 1504 144 1578 sius,
166 1502 297 1563 Rhodiis
312 1501 344 1563 C.
358 1502 522 1563 Marcellus
544 1520 612 1563 cum
634 1505 665 1565 C.
682 1504 834 1580 Coponio,
855 1504 1035 1565 Liburnicae

63 1596 155 1663 alque
175 1586 331 1647 Achaicae
354 1587 446 1647 classi
473 1587 650 1648 Scribonius
676 1588 750 1649 Libo
777 1587 1035 1650 amoravios.

63 1672 127 1733 Toti
142 1679 247 1732 tamen
262 1672 365 1732 officio
381 1672 540 1732 marituma
555 1672 595 1731 Μ.
610 1674 737 1733 Bibulus
753 1673 948 1748 praepositus
964 1691 1034 1736 cun·

64 1765 111 1817 cta
123 1755 370 1816 administrabat:
385 1758 424 1815 ad
439 1756 520 1816 hunc
536 1773 654 1817 summa
668 1758 785 1833 imperii
800 1758 994 1831 respiciebat.
1073 1784 1082 1797 ·

144 1841 199 1900 Vl.
224 1840 350 1915 Caesar,
376 1848 409 1900 ul
422 1841 618 1902 Brundisium
632 1842 728 1918 venit,
745 1843 936 1903 contionatus
951 1843 1036 1918 apud

63 1927 181 2000 milites,
199 1926 343 2000 quoniam
357 1941 455 2001 prope
470 1927 509 1985 ad
524 1927 614 1986 finem
630 1927 768 1987 laborum
783 1943 818 1987 ac
831 1927 1036 2001 periculorum

62 2018 147 2071 esset
162 2018 358 2085 perventum,
385 2026 485 2084 aequo
507 2013 607 2071 animo
628 2012 782 2087 mancipia
802 2019 895 2087 atque
908 2012 1034 2088 impedi·

63 2103 163 2155 menta
178 2096 210 2154 in
223 2095 309 2153 ltalia
322 2095 538 2170 relinquerent,
554 2096 614 2170 ipsi
630 2096 764 2171 expediti
775 2113 871 2157 naves
887 2112 1035 2158 conscen-

63 2180 178 2255 derent,
196 2196 258 2254 quo
272 2179 368 2240 maior
379 2196 523 2240 numerus
535 2182 660 2241 militum
673 2189 781 2256 posset
792 2182 906 2256 imponi
922 2183 1036 2242 omnia-

63 2280 120 2341 que
142 2280 184 2324 ex
204 2264 332 2323 victoria
352 2272 382 2325 et
396 2281 435 2324 ex
450 2281 507 2324 sua
521 2266 699 2325 liberalitate
713 2275 888 2342 sperarent,
914 2268 1032 2328 concla-

61 2349 214 2410 mantibus
230 2348 385 2425 omnibus,
411 2350 574 2424 imperaret
589 2353 672 2427 quod
688 2354 792 2425 vellet,
819 2352 1035 2427 quodcumque

61 2433 277 2510 imperavisset
303 2448 338 2492 se
357 2450 456 2509 aequo
473 2435 572 2495 animo
588 2451 659 2496 csse
675 2439 825 2510 facturos,
841 2436 954 2497 11Non.
970 2436 1033 2495 lan.

60 2534 157 2580 naves
174 2519 275 2579 solvit.
304 2519 483 2594 Imposilae,
505 2526 647 2595 utsupra
661 2522 900 2582 demonstratum
914 2526 977 2596 est,
991 2520 1031 2579 le·

60 2605 168 2679 giones
179 2619 247 2663 sex.
262 2602 412 2664 Postridie
424 2610 535 2662 terram
547 2605 880 2680 attigitGerminiorum.
896 2603 980 2665 Saxa
989 2604 1033 2664 in·

59 2696 103 2749 ter
124 2696 156 2749 et
176 2688 237 2748 alia
256 2689 326 2748 loca
346 2688 520 2762 periculosa
540 2691 672 2763 quietam
694 2698 801 2751 nactus
824 2689 984 2751 stationem
1004 2695 1035 2750 et

61 2781 169 2848 portus
187 2788 293 2833 omnes
309 2773 427 2847 limene,
445 2773 529 2848 quod
544 2776 638 2834 tenori
654 2775 691 2835 ab
707 2774 892 2835 adversariis
908 2772 1033 2834 arbitra-

60 2859 185 2932 bantur,
201 2858 324 2917 adeum
340 2859 455 2931 locum,
478 2858 529 2932 qui
544 2860 754 2933 appellabatur
768 2860 923 2934 Palaeste,
938 2858 1032 2919 omni-

59 2943 116 3004 bus
131 2943 264 3002 navibus
279 2943 319 3001 ad
333 2960 425 3002 unam
439 2943 642 3003 incolumibus
657 2945 766 3005 milites
782 2943 935 3020 exposuit

141 3029 209 3088 Vll.
232 3027 327 3087 Erant
341 3026 419 3086 Orici
435 3028 593 3089 Lucretius
607 3029 746 3104 Vespillo
763 3037 793 3090 et
806 3028 957 3088 Minucius
971 3027 1032 3088 Ru-

60 3115 106 3174 lus
124 3129 196 3174 cum
210 3113 354 3172 Asiaticis
369 3113 499 3171 navibus
515 3113 739 3189 duodeviginti,
767 3115 878 3190 quibus
894 3113 983 3173 iussu
996 3113 1032 3173 D.

62 3198 152 3259 Laelii
173 3205 349 3273 praeerant,
373 3197 413 3256 M.
429 3198 555 3257 Bibulus
575 3214 643 3258 cum
663 3200 791 3260 navibus
812 3214 849 3257 cx
870 3198 1031 3277 corcyrae.

60 3282 122 3344 Sed
146 3297 251 3358 neque
270 3282 313 3341 illi
334 3283 391 3342 sibi
414 3283 521 3342 conlisi
543 3298 582 3341 ex
602 3291 694 3358 portu
714 3283 838 3359 prodire
865 3291 936 3344 sunt
955 3282 1032 3355 ausi,
1115 3340 1118 3347 .

59 3384 129 3429 cum
151 3367 267 3429 Caesar
290 3367 413 3428 omnino
436 3367 598 3428 duodecim
622 3384 717 3428 naves
743 3369 852 3444 longas
876 3368 1032 3444 praesidio
1121 3402 1125 3445 ·.

60 3452 210 3525 duxisset,
232 3452 261 3512 in
278 3453 389 3528 quibus
405 3460 492 3513 erant
506 3460 679 3516 constratae
696 3460 850 3533 quattuor,
867 3469 973 3531 aeque
983 3452 1033 3515 at-
1121 3452 1125 3495 ³
