2272 4176
46 39 175 237 :rw
493 166 606 226 LIBER
628 168 650 226 Ι.
993 166 1055 230 219

46 298 54 393 Ι
78 316 181 397 Inopia
204 318 350 380 frumenti
370 317 573 392 deminuerat,
600 324 692 395 atque
717 319 912 381 incommoda
932 321 963 381 in
985 321 1053 384 dies

46 402 56 541 ι
80 404 277 481 augebantur,
294 410 401 464 ettam
414 404 521 478 paucis
537 402 646 464 diebus
662 419 773 480 magna
785 411 849 465 erat
862 421 964 465 rerum
975 406 1054 468 facta

82 489 274 552 commutatio
296 505 334 549 ac
354 503 390 549 se
410 489 531 550 fortuna
551 489 762 564 inclinaverat,
787 498 822 551 ut
835 490 932 551 nostri
945 507 1055 566 magna
1099 520 1104 529 ·

46 544 57 713 Ι
82 575 180 650 inopia
194 574 444 634 necessariarum
458 588 562 633 rerum
577 573 839 650 conflictarentur,
855 575 897 634 illi
913 576 1054 637 omnibus

83 659 270 720 abundarent
289 658 382 718 rebus
405 658 647 733 superioresque
667 657 861 720 haberentur.
891 660 1003 720 Caesar
1017 662 1053 722 iis

46 738 53 847 Ι
85 743 268 817 civitatibus,
286 758 366 818 quae
381 744 421 802 ad
435 742 502 802 eius
518 743 680 803 amicitiam
695 750 907 818 accesserant,
924 762 985 820 quo
1000 746 1053 805 rni-

46 852 54 915 ι
84 845 134 890 nor
153 834 220 888 erat
240 828 382 887 frumenti
404 827 510 902 copia,
535 843 632 903 pecus
653 829 838 902 imperabat;
865 831 990 890 calones
1015 831 1055 890 ad

85 913 311 989 longinquiores
328 912 467 972 civitates
479 913 663 982 dimittebat;
690 914 758 988 ipse
778 921 973 988 praesentem
987 916 1053 976 ino·

87 999 158 1075 piam
174 998 288 1073 quibus
302 1002 423 1074 poterat
438 997 584 1057 subsidiis
601 998 762 1059 tutabatur.

160 1084 235 1143 LIII.
258 1081 705 1157 HaecAfraniusPetreIusque
720 1089 750 1142 et
765 1098 871 1143 eorum
886 1085 975 1145 amici
989 1086 1051 1160 ple·

89 1168 165 1228 oiora
178 1168 271 1227 etiarn
284 1164 377 1242 atque
391 1167 671 1227 uberioraRomam
679 1169 719 1227 ad
727 1184 802 1229 suos
811 1169 1053 1243 perscribebant.

87 1252 172 1313 llulta
184 1267 327 1312 rumores
343 1250 555 1326 adfingebant,
581 1257 614 1312 ut
634 1267 732 1327 paene
752 1253 865 1313 bellum
881 1254 1053 1315 confectura

89 1338 242 1398 videretur.
266 1336 382 1410 Quibus
396 1336 504 1396 litteris
519 1337 695 1412 nuntiisque
709 1338 838 1398 Romam
852 1339 976 1413 perlatis
991 1356 1050 1399 ma·

46 1474 48 1479 .
88 1422 131 1498 gri
145 1422 270 1483 domurn
286 1437 458 1481 concursus
480 1422 520 1480 ad
533 1421 709 1496 Afranium,
734 1438 863 1497 magnae
878 1425 1052 1497 gratulatio-

68 1572 73 1581 ,
88 1523 136 1567 nes
150 1507 280 1575 fiebant;
306 1506 392 1565 multi
406 1521 445 1564 ex
459 1506 546 1565 Italia
559 1506 600 1565 ad
615 1505 666 1565 Cn.
680 1505 859 1582 Pompeium
875 1508 1052 1581 proliciSoe-

88 1591 284 1667 bantur,·olii‚
299 1598 333 1650 ut
345 1590 500 1665 principes
516 1591 606 1649 talem
620 1592 758 1651 nuntium
772 1592 925 1666 attulisse,
940 1593 999 1667 alii,
1014 1608 1054 1653 nc

86 1681 223 1736 eventum
243 1675 317 1734 belli
337 1682 522 1750 expectasse
544 1681 596 1736 aut
616 1691 655 1734 ex
670 1677 811 1737 omnibus
826 1677 985 1737 novissimi
999 1692 1048 1737 ve·

87 1761 164 1822 utsse
176 1760 365 1821 viderentur.

163 1846 240 1904 LIV.
271 1844 345 1904 Cum
365 1844 396 1903 in
416 1843 463 1903 his
485 1845 633 1919 angustiis
654 1861 706 1907 res
727 1851 812 1905 esset
832 1850 924 1921 atque
945 1860 1052 1906 omnes

46 1952 53 1985 a
89 1930 146 1991 riae
167 1930 206 1989 ab
227 1929 404 1988 Afranianis
425 1928 569 1988 militibus
598 1928 814 2005 equitibusque
840 1929 1053 1991 obsiderentur

46 2024 48 2035 '
88 2031 138 2075 nec
152 2020 263 2090 pontes
279 2013 386 2088 perfici
401 2020 542 2089 possent,
569 2014 698 2088 imperat
710 2015 853 2074 militibus
870 2015 996 2090 Caesar,
1022 2023 1052 2078 ut

46 2090 49 2155 ἓ
86 2116 172 2160 naves
188 2099 310 2171 faciant,
327 2099 414 2158 cuius
429 2098 550 2172 generis
567 2114 636 2157 eum
652 2099 862 2174 superioribus
877 2100 964 2160 annis
976 2117 1051 2163 usus

46 2184 48 2197 '
84 2184 251 2245 Britanniae
277 2183 434 2243 docuerat.
467 2181 592 2241 Carinae
618 2199 654 2242 ao
679 2184 776 2258 prima
802 2186 965 2244 statumina
992 2186 1052 2245 levi

84 2270 205 2330 materia
218 2268 348 2337 fiebant;
364 2268 515 2342 reliquum
531 2283 645 2342 corpus
662 2270 786 2328 naviurn
799 2270 963 2330 viminibus
979 2286 1051 2331 con-

83 2362 194 2416 textum
218 2353 309 2413 coriis
331 2352 531 2425 integebatur.
560 2353 623 2412 Has
646 2354 800 2428 perfectas
824 2354 919 2414 carris
942 2356 1052 2415 iunctis

83 2439 203 2500 devehit
217 2444 311 2496 noctu
325 2437 407 2495 milia
420 2452 571 2511 passuum
585 2453 604 2496 a
619 2438 727 2498 castris
743 2454 810 2496 xxii
822 2439 993 2514 militesque
1005 2439 1051 2500 his

82 2524 208 2584 navibus
230 2521 345 2582 flumen
360 2527 547 2594 transportat
562 2523 828 2598 continentemque
843 2524 929 2597 ripae
945 2524 1051 2582 collem

80 2608 247 2685 improviso
265 2611 404 2679 occupat.
426 2606 515 2664 Hune
533 2607 680 2680 celeriter,
695 2607 875 2683 priusquam
890 2607 928 2667 ab
944 2607 1051 2668 adver-

85 2694 166 2754 sariis
190 2691 353 2764 sentiatur,
381 2691 552 2749 communit.
581 2691 649 2750 Huc
665 2692 816 2764 legionem
831 2698 941 2766 postea
955 2692 1053 2751 traicit

82 2785 168 2855 atque
184 2791 226 2835 ex
240 2783 370 2850 utraque
386 2780 472 2849 parte
494 2781 618 2848 pontem
638 2775 781 2850 instituit,
806 2777 899 2836 biduo
922 2776 1049 2851 perficit.

78 2865 119 2927 lta
130 2867 321 2923 commeatus
336 2866 366 2918 et
381 2859 433 2934 qui
445 2859 586 2918 frumenti
599 2875 693 2921 eausa
704 2867 921 2935 processerant
936 2866 998 2920 tuto
1013 2861 1052 2919 ad

82 2964 111 3008 se
124 2946 237 3021 recipit
251 2951 281 3004 et
296 2959 359 3003 rem
376 2945 601 3004 frumentariam
617 2945 764 3020 expedire
778 2945 894 3020 incipit.

156 3032 222 3091 LV.
238 3030 356 3089 Eodem
370 3029 420 3089 die
435 3030 570 3103 equitum
585 3046 725 3103 magnam
736 3038 854 3105 partem
865 3029 978 3089 flumen
990 3036 1048 3089 tra·

82 3116 154 3176 tecit.
187 3114 244 3189 Qui
259 3113 446 3187 inopinantIs
461 3115 658 3189 pabulatores
674 3122 705 3174 et
725 3115 792 3175 sine
807 3116 868 3174 ullo
884 3114 1052 3188 dissipatos

80 3199 184 3262 timore
211 3199 354 3274 adgressi
380 3215 524 3272 magnum
551 3215 709 3260 numerum
733 3201 935 3259 iumentorum
961 3206 1053 3275 atque

80 3282 233 3345 bominum
264 3283 460 3357 intercipiunt
491 3284 730 3359 cohortibusque
760 3284 882 3344 cetratis
912 3283 1051 3345 subsidio

81 3370 179 3430 missis
202 3368 337 3428 scienter
356 3367 387 3426 in
409 3370 486 3428 duas
501 3376 604 3443 partes
625 3384 696 3428 sese
718 3368 915 3444 distribuunt,
947 3368 996 3428 alii
1020 3374 1053 3428 ut

83 3456 211 3530 praedae
233 3451 388 3530 praesidio
409 3454 469 3514 sint
510 3454 559 3514 alii
579 3461 613 3516 ut
629 3454 822 3517 venientibus
846 3453 995 3519 resistant
1009 3459 1054 3512 at·
