2302 4192
83 355 122 417 12
377 353 428 425 DE
451 352 574 413 BELLO
599 354 763 415 cantico

82 508 150 566 dem
172 506 295 580 itinere,
318 522 379 581 quo
401 506 508 565 hostes
530 505 641 581 ierant,
664 505 702 563 ad
718 522 772 565 eos
789 507 945 565 contendit
967 508 1051 582 equi·

82 595 239 665 latumque
255 606 375 650 omnem
390 598 460 650 ante
476 606 510 649 sc
525 590 620 649 mittit.
644 589 675 647 P.
686 589 858 663 Considius,
876 592 927 666 qui
941 591 985 649 rei
1000 592 1052 649 mi·

83 674 177 733 lituris
199 675 402 749 peritissimus
417 673 587 734 habebatur
601 681 630 732 et
652 676 681 732 in
703 675 841 732 exercitu
856 676 888 733 L.
906 673 1010 734 Sullae
1025 683 1056 736 et

84 765 193 832 postea
214 760 244 817 in
264 759 304 819 M.
329 760 431 819 Crassi
453 760 568 832 luerat,
597 774 666 817 cum
691 759 938 832 exploratoribus
964 774 1052 832 prae·

84 843 215 902 mittitur.

166 928 257 987 XXII.
293 925 393 985 Prima
413 927 496 999 luce,
519 941 588 985 cum
610 942 747 986 summus
770 943 859 986 mons
881 943 900 985 a
918 927 1055 987 Labieno

85 1018 253 1084 teneretur,
276 1010 345 1084 ipse
366 1011 404 1068 ab
426 1009 561 1069 hostium
583 1012 691 1069 castris
707 1028 768 1071 non
785 1011 907 1085 longius
929 1012 1012 1069 mille
1027 1020 1058 1071 et

85 1095 257 1170 quingentis
273 1094 418 1168 passibus
434 1095 572 1167 altesset,
594 1111 711 1169 neque,
732 1102 766 1154 ut
780 1103 891 1169 postca
906 1111 944 1153 ex
960 1097 1071 1171 capti.

85 1180 131 1239 vis
154 1178 318 1253 comperit,
340 1185 393 1237 aut
414 1179 511 1253 ipsius
534 1179 684 1241 adventus
700 1187 752 1239 aut
765 1180 890 1238 Labieni
914 1181 1057 1253 cognitus

84 1270 183 1336 esset,
207 1262 369 1322 Considius
393 1278 474 1337 equo
497 1261 632 1322 admisso
654 1264 693 1322 ad
716 1279 785 1323 eum
807 1262 954 1337 accurrit,
984 1264 1060 1323 dicit

86 1352 227 1421 montem,
250 1362 341 1421 quern
357 1347 522 1406 aLabieno
538 1347 684 1422 occupari
700 1347 837 1421 voluerit,
859 1348 897 1406 ab
913 1347 1057 1407 hostibus

84 1431 196 1489 teneri:
226 1431 256 1489 id
279 1446 314 1489 se
336 1448 354 1488 a
376 1431 497 1490 Gallicis
520 1431 612 1490 armis
634 1439 727 1505 atque
747 1431 917 1505 insignibus
940 1446 1053 1504 cogno-

87 1515 179 1574 visse.
204 1514 317 1574 Caesar
332 1531 405 1573 suas
422 1515 528 1588 copias
544 1515 573 1572 in
590 1516 762 1589 proximum
779 1517 887 1575 collem
903 1515 1059 1587 subducit,

85 1599 182 1658 aciem
203 1598 333 1658 instruit.
363 1598 533 1673 Labienus,
555 1607 588 1659 ut
603 1607 668 1660 erat
683 1601 711 1658 ei
727 1607 926 1674 praeceptum
948 1615 966 1657 a
982 1599 1053 1659 Cae-

86 1697 166 1756 sare,
189 1698 228 1741 ne
243 1683 393 1757 proelium
409 1684 622 1757 committeret,
644 1683 703 1743 nisi
718 1685 816 1759 ipsius
832 1684 940 1758 copiae
956 1699 1059 1759 prope

88 1767 219 1826 hostium
235 1774 336 1826 castra
349 1767 436 1827 visae
452 1774 570 1841 essent,
591 1775 625 1827 ut
643 1769 781 1844 undique
796 1785 857 1829 uno
872 1775 1011 1841 tempore
1026 1768 1057 1827 in

88 1851 195 1910 hostes
212 1852 345 1925 impetus
360 1852 460 1924 lieret,
483 1859 585 1911 monte
600 1861 749 1927 occupato
765 1862 888 1917 nostros
911 1860 1057 1926 expecta-

89 1936 140 1993 bat
155 1936 336 2010 proelioque
351 1935 531 1995 abstinebat.
554 1934 649 1995 llllulto
664 1937 798 2011 deniquo
813 1938 862 1996 die
878 1951 933 2011 per
948 1939 1058 2010 explo-

88 2025 208 2079 ratores
223 2020 338 2080 Caesar
359 2021 503 2095 cognovit
517 2028 547 2079 et
562 2030 695 2080 montem
709 2038 728 2078 o
743 2021 808 2081 suis
830 2021 926 2080 teneri
941 2026 971 2078 et
985 2021 1057 2079 Hel-

88 2104 185 2163 vetios
208 2111 310 2164 castra
330 2105 465 2163 movisse
487 2111 517 2163 et
538 2105 714 2165 Considium
735 2106 843 2164 timore
865 2105 1058 2180 perterritum

88 2188 173 2261 quod
187 2205 248 2248 non
265 2188 393 2247 vidisset
408 2204 464 2261 pro
479 2187 546 2248 viso
564 2189 620 2247 sibi
636 2189 839 2249 renuntiasse.
868 2191 914 2249 Eo
930 2188 978 2247 die
996 2206 1059 2263 quo

88 2279 253 2330 consuerat
277 2273 436 2331 intervallo
458 2272 564 2331 hostes
590 2273 729 2346 sequitur
751 2279 781 2332 et
801 2273 882 2333 milia
908 2289 1058 2347 passuum

87 2355 144 2414 tria
157 2355 195 2413 ab
211 2371 317 2416 eorum
332 2356 439 2415 castris
455 2363 556 2415 castra
570 2357 664 2430 ponit.

168 2438 271 2499 XXlll.
295 2439 444 2499 Postridie
459 2440 524 2500 eius
541 2441 609 2515 diei,
626 2441 710 2516 quod
725 2441 849 2501 omnino
866 2440 989 2500 biduum
1005 2457 1057 2501 su-

81 2531 224 2598 pererat,
254 2539 322 2582 cum
343 2524 489 2583 exercitui
511 2526 694 2584 immeritum
715 2526 812 2584 metiri
835 2531 1006 2599 oporteret,
1028 2534 1061 2585 et

88 2607 172 2682 quod
194 2623 212 2665 a
232 2607 389 2681 Bibracte,
412 2609 527 2682 oppido
543 2608 741 2668 Haeduorum
763 2611 853 2684 longe
874 2609 1006 2668 maximo
1029 2617 1059 2669 et

88 2691 320 2766 copiosissimo,
349 2693 566 2765 nonamplius
588 2693 709 2752 milibus
733 2709 881 2767 passuum
902 2708 982 2751 xvrrr
1005 2692 1058 2750 ab·

88 2782 162 2849 erat,
177 2776 222 2834 rei
238 2776 452 2835 frumentariae
467 2776 720 2850 prospiciendum
735 2777 932 2836 existimavit:
948 2776 1004 2834 iter
1019 2778 1059 2835 ab

89 2860 233 2919 Helvetiis
250 2861 360 2919 avertit
373 2858 559 2921 acBibracte
574 2861 798 2927 irecontendit.
822 2861 867 2919 Ea
878 2876 928 2919 res
941 2875 997 2934 per
1012 2861 1025 2918 l
1046 2893 1057 2900 -

88 2943 199 3018 gitivos
214 2944 246 3001 L.
262 2945 397 3016 Aemilii,
420 2943 595 3004 decurionis
617 2946 753 3019 equitum
771 2946 939 3017 Gallorum,
962 2943 1054 3003 hosti-

89 3028 145 3086 bus
161 3027 322 3086 nuntiatur.
352 3027 496 3100 Helvetii,
513 3044 569 3088 seu
585 3029 668 3102 quod
683 3029 790 3089 timore
805 3029 981 3102 perterritos
997 3029 1054 3087 Ro-

89 3127 195 3171 manos
210 3110 371 3169 discedere
383 3126 401 3167 a
412 3125 447 3168 se
458 3111 675 3186 existimarent,
691 3128 727 3172 eo
741 3113 848 3186 magis,
865 3112 948 3186 quod
960 3111 1062 3185 pridie

88 3195 299 3270 superioribus
316 3194 391 3253 locis
409 3197 567 3269 occupatis
582 3197 732 3271 proelium
746 3212 807 3255 non
825 3195 1058 3267 commisissent,

88 3280 154 3337 sive
170 3296 207 3341 eo
220 3279 304 3354 quod
314 3293 349 3336 re
364 3278 561 3339 frumentaria
576 3280 735 3340 intercludi
747 3295 844 3355 posse
859 3279 1058 3352 confiderent,

89 3371 273 3425 commutato
289 3362 418 3422 consilio
434 3370 526 3438 atque
541 3365 649 3425 itinere
665 3380 815 3424 converso
831 3370 955 3424 nostros
971 3380 990 3421 a
1004 3379 1056 3422 no·

88 3445 214 3506 vissimo
230 3447 351 3521 agmine
365 3447 487 3522 insequi
502 3465 539 3508 ac
553 3451 707 3508 lacessere
723 3456 901 3522 coeperunt.

173 3530 279 3590 XXIV.
309 3530 477 3607 Postquam
493 3532 523 3591 id
545 3534 678 3592 animum
693 3532 838 3606 advertit,
862 3532 969 3606 copias
985 3547 1059 3592 suas

89 3614 201 3675 Caesar
223 3615 252 3673 in
268 3617 442 3690 proximum
455 3618 567 3677 collem
582 3616 726 3677 subducit
747 3617 986 3692 equitatumque,
1008 3616 1059 3691 qui
