2272 4176
282 135 325 175 ou
345 134 449 175 nunno
472 133 671 176 uverusumo
692 134 719 176 0.
741 126 785 181 63.
806 126 850 179 tii.
1018 118 1059 178 77

159 282 211 342 Set
234 282 258 342 is
280 288 365 342 natus
387 287 417 342 et
439 298 556 343 omnem
579 285 734 359 pueritiam
761 282 863 359 drpiui
888 284 976 352 altus,
1005 284 1081 349 unia

69 368 203 446 primum
217 370 296 426 aetas
317 363 434 427 nilitim
447 366 561 445 patiens
575 367 637 436 fuit,
655 366 806 444 stipendiis
820 366 972 435 faciundis,
996 386 1055 429 non

69 452 188 513 Graeca
208 448 344 509 facundia
358 466 455 528 neque
469 448 591 511 urbanis
605 450 753 511 munditiis
768 466 833 511 seso
850 452 995 511 exercuit:
1016 453 1056 513 ita

69 536 151 595 inter
173 533 242 593 artis
262 531 356 592 bonas
370 534 517 610 integrum
539 535 691 612 ingenium
711 533 793 594 brevi
812 532 943 594 adolevit
977 535 1082 614 Ergoa

69 617 124 678 ubi
142 618 271 693 primum
284 615 464 677 tribunatum
478 616 633 678 militarem
649 637 665 679 a
679 616 790 697 poprdo
804 618 891 695 petit,
908 617 1057 697 plerisque
1088 664 1092 669 -

69 702 180 762 taciem
199 701 262 760 eius
279 698 481 776 ignorantibus
504 701 588 761 lactis
601 708 688 763 notus
707 719 762 779 per
784 701 879 762 omnis
897 701 991 762 tribus
1005 702 1055 762 de·

69 785 212 845 olaratur.
251 782 363 845 Deinde
388 783 425 843 ab
447 802 483 845 eo
497 786 669 861 magistratu
694 784 782 847 alium
803 791 870 864 post
891 784 981 846 alium
1001 786 1082 848 sinis

68 869 203 946 peperit,
231 884 406 945 semperque
434 869 464 928 in
485 870 676 945 potestatibus
700 869 843 930 eomodo
866 869 1001 944 agitabat,
1027 877 1058 930 ut

70 951 215 1028 ampliore
233 968 321 1029 quam
334 947 457 1027 gerebat
471 952 578 1028 dignus
595 952 764 1013 haberetur.
798 952 910 1012 Tamen
932 954 957 1011 is
972 953 1009 1012 ad
1027 954 1082 1018 ido

69 1036 208 1097 locorum
222 1033 287 1095 talis
300 1035 344 1095 vir
366 1068 401 1079 -
422 1053 491 1097 nam
513 1042 613 1114 postea
628 1036 788 1098 ambitione
805 1054 948 1116 praeceps
971 1036 1057 1098 datus

69 1126 117 1181 est
140 1152 187 1187 -,
202 1122 385 1180 consulatum
400 1119 538 1197 adpetere
559 1138 619 1180 non
639 1120 775 1181 audebat.
811 1120 968 1181 Etianrtum
984 1121 1056 1181 alios

70 1204 260 1281 magistratus
271 1201 381 1280 plebes,
405 1203 587 1265 consulatum
601 1204 735 1266 nobilitas
748 1206 824 1265 inter
840 1223 872 1265 sc
886 1223 940 1282 per
951 1223 1055 1266 manus

70 1285 214 1347 tradebat.
245 1285 340 1346 Novos
356 1305 443 1348 nemo
459 1293 517 1348 tam
534 1288 631 1349 clarus
644 1307 740 1368 neque
754 1296 813 1349 tam
829 1291 954 1366 egregiis
971 1290 1079 1349 laetior

74 1377 151 1439 erat,
166 1371 235 1448 quin
248 1371 273 1430 is
283 1369 419 1446 indignus
430 1370 479 1432 illo
491 1371 603 1433 bonore
614 1379 642 1432 et
653 1374 735 1451 quasi
745 1372 872 1449 pollutus
883 1372 1051 1432 baberetur.

157 1453 248 1531 Igitur
259 1452 310 1514 ubi
324 1455 433 1516 ilarius
448 1456 589 1532 aruspicis
603 1456 680 1517 diota
694 1456 798 1516 eodem
808 1456 960 1516 intendere
979 1456 1055 1515 ridet
1066 1452 1101 1513 (il

72 1555 132 1615 quo
147 1536 253 1615 cupido
269 1538 356 1598 animi
370 1537 552 1607 hortabatur,
566 1538 602 1598 ab
615 1538 730 1600 bletello
744 1539 866 1615 petundi
879 1539 971 1614 gratia
985 1542 1053 1599 mia·

72 1624 185 1682 sionem
207 1629 317 1700 rogat·
346 1622 399 1682 Cui
427 1640 605 1700 quamquam
625 1626 716 1684 virtus
737 1623 829 1699 gloria
851 1621 906 1682 alia
928 1623 1054 1697 optanda

71 1705 158 1766 bonis
178 1705 366 1782 superabant,
383 1713 480 1765 tamen
501 1708 595 1766 inerat
618 1715 801 1782 contemptor
820 1707 933 1766 animus
955 1714 983 1764 ct
1005 1722 1053 1764 su·

72 1789 190 1866 perbia,
209 1806 364 1851 commuue
374 1789 530 1850 nobibtatis
541 1789 660 1852 malum.
681 1790 781 1867 ltaque
794 1791 887 1866 primo
900 1796 1078 1848 conmotusa

71 1872 187 1933 insolita
202 1890 235 1933 re
249 1874 350 1933 mirari
368 1874 495 1950 primum
509 1875 571 1934 eius
587 1873 755 1942 eonsilium,
770 1881 799 1934 et
814 1875 896 1950 quasi
913 1890 966 1949 per
984 1874 1054 1932 ami-

70 1959 168 2019 citiam
190 1974 311 2016 monere
329 1974 367 2018 ne
388 1963 448 2017 mm
467 1974 556 2035 prava
574 1959 717 2034 inciperet
730 1977 788 2020 neu
803 1975 891 2033 super
906 1955 1055 2015 fortunam

68 2042 203 2101 animum
218 2049 349 2116 gereret:
365 2059 424 2100 non
439 2042 536 2100 omnia
550 2042 686 2103 omnibus
698 2042 842 2120 cupiunda
855 2059 930 2109 csse,
945 2039 1054 2101 debere

67 2125 110 2185 ilb
131 2141 183 2184 res
203 2140 271 2182 suas
293 2126 362 2184 satis
388 2124 518 2201 placere:
548 2132 697 2202 postremo
720 2134 836 2187 caveret
863 2125 891 2185 id
913 2132 1015 2202 petere
1037 2142 1053 2183 a

66 2206 180 2286 populo
199 2207 348 2277 Romano,
370 2210 448 2286 quod
469 2207 510 2268 illi
530 2210 594 2271 iure
609 2216 775 2288 negaretur.
806 2208 965 2287 Postquam
981 2208 1079 2268 baect

67 2300 160 2370 atque
179 2289 235 2351 alia
247 2290 314 2352 taba
330 2292 401 2352 dixit
415 2310 512 2369 neque
523 2295 636 2354 animus
652 2293 724 2354 llari
738 2293 880 2362 flectitur,
901 2291 1055 2367 respondit

66 2377 122 2438 ubi
133 2377 262 2454 primum
273 2376 414 2452 potuisset
424 2393 478 2452 per
489 2379 604 2454 negotia
615 2377 733 2454 publica
744 2378 889 2439 iacturum
903 2395 967 2436 sese
979 2394 1055 2453 quae

65 2466 194 2539 peteret.
227 2459 268 2519 Ac
282 2466 383 2537 postea
399 2462 514 2537 saepius
530 2461 632 2521 eadem
648 2461 806 2537 postulanti
820 2461 913 2522 fertur
930 2460 1079 2520 dixisseaa

65 2563 106 2605 ne
125 2544 279 2604 festinaret
293 2542 389 2604 abire:
409 2545 477 2603 satis
498 2552 613 2604 mature
635 2544 717 2605 illum
738 2564 805 2606 eum
826 2544 885 2604 tilio
907 2563 960 2604 suo
982 2560 1052 2603 oon-

66 2627 198 2688 sulatum
219 2630 386 2703 petiturum.
420 2626 449 2686 ls
466 2645 501 2688 eo
516 2636 649 2705 tempore
671 2629 863 2691 contubernio
886 2629 976 2704 patris
999 2627 1052 2687 ibi·

68 2714 140 2773 dem
161 2709 316 2779 militabat,
336 2729 429 2771 minos
448 2720 534 2772 natus
555 2713 670 2773 circiter
684 2715 790 2791 viginti.
835 2711 1052 2783 0000000110-

65 2799 148 2857 rium
170 2813 314 2872 cumpro
336 2794 465 2864 bonore,
489 2814 576 2874 quem
592 2797 769 2866 adfectabat,
793 2804 855 2856 tum
873 2803 974 2856 contra
992 2793 1053 2854 lie·

66 2878 170 2941 tellum
186 2879 374 2940 vehementer
389 2879 574 2941 adcenderat.
605 2881 646 2941 lta
664 2883 798 2960 cupidine
814 2888 901 2959 atque
914 2882 967 2948 ira,
986 2889 1079 2955 pes-5

67 2965 160 3024 sumis
176 2962 400 3031 consultoribus,
417 2966 551 3041 grassari,
575 2982 671 3042 negare
687 2967 763 3026 iacto
784 2964 843 3024 ullo
861 2982 958 3041 neque
973 2962 1050 3023 dioto

68 3047 232 3118 abstinere,
255 3047 334 3126 quod
356 3048 443 3107 modo
465 3048 649 3110 ambitiosum
667 3050 756 3119 soret,
780 3048 885 3109 milites
902 3045 1007 3127 quibus
1022 3048 1053 3107 in

67 3131 202 3209 tribernis
217 3139 354 3209 praeerat
368 3131 478 3192 laxiore
495 3133 607 3209 inperio
624 3150 711 3209 quam
726 3140 811 3193 antea
829 3131 954 3200 babere,
975 3130 1052 3207 apud

67 3216 276 3293 negotiatores,
298 3233 424 3294 quorum
445 3234 550 3293 magna
569 3215 722 3277 multitudo
740 3216 840 3277 Uticae
862 3223 939 3285 erat,
956 3216 1052 3275 orimi-

67 3316 145 3360 nose
162 3299 248 3360 simrd
263 3309 292 3363 et
305 3301 458 3378 magnitioe
472 3300 509 3361 de
522 3299 600 3362 bello
613 3299 707 3377 loqui:
727 3301 843 3360 dimidia
858 3318 927 3378 pars
941 3300 1052 3360 exerci-

67 3390 120 3447 tm
131 3382 222 3445 nisibi
234 3387 463 3463 permitteretur,
478 3386 579 3464 paucis
594 3384 697 3448 diebus
712 3385 884 3463 lugurtbam
896 3386 927 3445 in
943 3384 1053 3445 catenis
