2272 4176
58 319 89 379 in
101 317 194 378 Italia
207 325 303 392 atque
309 316 458 392 Hispania
472 320 645 393 coemptum
660 320 791 379 miserat.
808 317 854 379 iio
871 335 939 380 cum
951 318 1032 396 Epo·

10 416 13 454 2
60 402 185 463 rederix
208 402 487 477 Viridomarusque
514 404 671 463 venissent
683 411 718 464 et
738 403 777 462 de
800 411 880 464 statu
905 403 1033 465 civitatis

10 465 47 572 {-
44 486 299 562 cognovissent,
324 484 490 545 Litavicum
503 486 635 547 Bibracti
656 488 694 547 ab
709 488 848 547 Haeduis
868 496 1032 584 receptum,

10 556 141 648 q.·-·uod
155 578 208 631 est
223 570 372 645 oppidum
388 570 470 645 apud
484 585 539 631 eos
554 571 704 631 maximae
724 573 887 633 auctoritat
875 572 929 646 tis,
956 574 1032 634 con

64 655 259 716 victoiitavim
279 654 488 729 magistratum
502 670 705 730 niagnomque
721 663 839 730 partem
853 663 979 717 senatus
993 658 1033 719 ed

64 757 125 800 eum
141 738 349 812 convenisse,
372 739 490 814 legatos
506 740 544 798 ad
559 740 843 815 Vercingetorigem
859 741 897 800 de
912 757 989 817 pace
1004 748 1034 802 et

64 822 651 898 amicitiaconciliandapublicemissos,
660 841 720 884 non
730 825 1032 900 praetermittendum

64 916 173 973 unium
189 908 385 969 commodum
400 908 655 968 existimaverunt.
672 909 776 983 ltaque
793 909 959 971 interiectis
972 911 1032 971 No·

64 994 185 1055 vioduni
200 992 383 1054 custodibus
396 992 510 1067 quique
525 1008 562 1052 eo
578 994 753 1068 negotiandi
771 1010 865 1054 causa
880 1010 1029 1055 convene-

64 1086 124 1139 runt
137 1080 306 1154 pecuniam
324 1082 416 1151 atque
430 1092 527 1152 equos
543 1077 620 1137 inter
635 1093 670 1137 se
684 1079 784 1153 partiti
803 1084 889 1146 sunt;
905 1079 1031 1140 obsides

64 1163 212 1223 civitatum
233 1161 374 1222 Bibracte
395 1161 435 1219 ad
454 1162 661 1236 magistratum
682 1163 883 1222 deducendos
906 1180 1031 1224 curaveu

64 1255 142 1317 runt3
159 1247 327 1323 oppidum,
344 1244 426 1318 quod
443 1245 480 1303 ab
497 1261 531 1304 se
546 1247 640 1305 teneri
657 1263 717 1306 non
733 1262 831 1321 posse
846 1247 1030 1315 iudicabant

64 1348 96 1391 ne
111 1348 174 1409 qua
189 1336 276 1391 csset
288 1329 357 1389 usui
372 1329 532 1401 Romanis,
548 1330 763 1399 incenderunt;
792 1332 931 1392 frumenti
949 1333 1030 1408 quod

63 1417 158 1478 subito
172 1420 341 1491 potuerunt
351 1413 480 1472 navibus
493 1423 668 1487 avexerunt,
685 1416 839 1490 reliquum
850 1415 974 1477 flumine
988 1425 1028 1478 at·

63 1518 118 1576 que
143 1499 289 1560 incendio
312 1504 521 1571 corruperunt.
554 1499 617 1572 ipsi
639 1516 676 1558 ex
699 1500 831 1560 finitimis
856 1501 1031 1576 regionibus

453 162 568 225 LIBER
588 164 655 226 VH.
972 164 1034 229 149

22 702 31 745 i

63 1586 163 1661 copias
177 1598 300 1658 cogere,
316 1582 469 1656 praesidia
477 1584 695 1659 custodiasque
704 1585 741 1642 ad
750 1585 961 1661 ripasLigeris
970 1586 1031 1646 dis-

23 1718 26 1725 .
63 1685 174 1745 ponere
182 1667 412 1744 equitatumque
420 1667 559 1727 omnibus
567 1668 643 1729 locis
657 1668 798 1730 iniciendi
809 1669 925 1730 timoris
938 1686 1030 1734 causa

62 1761 214 1814 ostentare
237 1758 415 1826 coeperunt,
437 1751 461 1809 si
486 1751 524 1809 ab
544 1767 578 1810 re
599 1753 793 1812 frumentaria
808 1754 963 1815 Romanos
979 1770 1030 1814 ex·

19 1816 23 1838 ¹
62 1840 182 1899 cludere
198 1844 250 1897 aut
265 1835 414 1895 adductos
429 1835 534 1909 inopia
548 1836 576 1894 in
592 1838 780 1911 provinciam
791 1839 944 1913 expetiere
958 1855 1029 1914 pos·

61 1930 133 1984 sent.
164 1922 261 1996 Quam
278 1919 315 1978 ad
332 1934 418 1993 spem
433 1920 558 1979 muitum
574 1937 628 1981 eos
645 1922 824 1996 adiuvabat,
846 1924 928 1997 quod
942 1924 1032 1998 Liger

62 2022 96 2067 ex
110 2006 235 2067 nivibus
250 2010 403 2076 creverat,
429 2012 462 2064 ut
482 2004 605 2066 omnino
628 2008 707 2066 vado
723 2023 783 2067 non
801 2022 897 2083 posse
911 2007 1029 2070 transir‘

61 2091 221 2153 videretur.

62 2178 65 2183 '
135 2175 214 2234 LVI.
238 2173 353 2248 Quibus
368 2173 460 2232 rebus
477 2174 606 2249 cognitis
619 2175 731 2235 Caesar
746 2177 958 2237 maturandum
974 2177 1031 2238 sibi

18 2264 22 2296 ²
63 2260 192 2334 censuit,
219 2258 245 2318 si
268 2264 352 2317 esset
372 2257 401 2316 in
417 2258 612 2333 perficiendis
628 2261 771 2335 pontibus
790 2262 1031 2338 periclitandum,

15 2381 23 2428 t
62 2350 89 2404 ut
102 2344 189 2420 prius
206 2358 297 2419 quam
312 2349 417 2401 essent
437 2343 570 2403 maiores
586 2361 622 2404 eo
640 2353 764 2405 coactae
784 2346 892 2420 copiae
908 2346 1029 2406 dimica-

61 2436 109 2488 ret.
138 2429 216 2487 Nam
234 2441 275 2486 ne
290 2434 472 2487 commutato
490 2429 617 2489 consilio
634 2430 689 2490 iter
704 2430 732 2487 in
751 2430 942 2502 provinciam
958 2447 1028 2491 con-

14 2541 21 2602 ξ
61 2520 201 2585 v,erteret
217 2518 251 2572 ut
265 2527 354 2570 nemo
368 2528 429 2571 non
444 2518 507 2570 tum
523 2514 644 2588 quidem
660 2514 840 2574 necessario
858 2514 1030 2575 iaciendum

10 2597 266 2671 texistimabat,
293 2612 361 2655 cum
375 2596 498 2655 infamia
512 2604 603 2673 atquc
620 2598 783 2672 indignitas
802 2600 845 2658 rei
861 2606 889 2657 et
905 2601 1023 2674 opposi

62 2697 103 2742 tus
116 2697 210 2743 mons
227 2680 368 2740 Cevenna
382 2681 563 2756 viarumque
579 2683 740 2744 difficultas
760 2683 953 2780 impediebat,
969 2690 1031 2743 tum

10 2723 23 2819 ΙΙ
61 2767 200 2839 manime,
231 2765 314 2840 quod
339 2765 480 2824 abiuncto
506 2765 697 2828 Labienot
666 2774 758 2844 atque
787 2767 824 2826 iis
850 2767 1030 2843 legionibus,

17 2856 130 2963 quas
143 2866 209 2912 una
223 2849 357 2924 miserat
372 2848 569 2910 vehementer
582 2851 714 2912 timebat.
744 2853 851 2926 itaque
867 2852 1030 2912 admodum

10 2918 22 3046 ,τ’
60 2936 170 3033 magnis
187 2934 305 2995 diurnis
327 2934 547 3009 nocturnisque
568 2935 726 2997 itineribus
753 2936 900 2996 coniectis
924 2944 996 2996 cont
998 2954 1031 2995 ra

60 3021 186 3081 omnium
202 3020 378 3095 opinionem
394 3018 472 3076 adi
465 3034 578 3093 egerem
585 3021 667 3080 vemt
677 3021 826 3096 vadoque
838 3035 894 3093 per
909 3020 1030 3093 equites

10 3042 18 3184 1
59 3104 173 3166 invento
190 3121 248 3180 pro
264 3104 309 3163 rei
324 3103 509 3162 necessitate
524 3112 637 3179 opport
637 3122 714 3180 uno,
744 3112 778 3167 ut
797 3102 923 3162 brachia
936 3105 1031 3164 modo

10 3229 12 3242 .
58 3196 142 3267 atque
167 3188 288 3250 humeri
314 3188 353 3247 ad
374 3186 555 3247 sustinenda
582 3205 666 3250 arma
685 3189 775 3250 liberi
797 3186 835 3247 ab
857 3203 939 3262 aqua
958 3203 1032 3250 esse

57 3282 187 3349 possent,
204 3273 358 3349 disposito
374 3273 524 3346 equitatu,
542 3273 595 3349 qui
609 3274 669 3333 vim
686 3273 822 3335 fluminis
838 3272 1031 3352 refringeret,

55 3368 139 3436 aquo
153 3359 300 3420 hostibus
316 3359 413 3432 primo
430 3366 558 3432 aspectu
573 3359 760 3433 perturbatis
776 3358 962 3419 incolumem
976 3375 1030 3420 ex-

54 3446 173 3511 ercitum
185 3443 341 3519 traduxit,
366 3443 612 3525 morientumque
632 3444 664 3507 in
684 3444 771 3525 agris
786 3451 818 3509 et
838 3444 1030 3521 recenseo
