2272 4176
64 476 107 540 la
354 475 405 537 DE
426 475 551 541 BELLO
575 475 738 539 daucido

149 630 201 689 Vl.
225 630 314 704 Quod
328 630 405 692 iussi
416 638 496 706 sunt,
512 630 626 691 faciunt
640 645 676 689 ac
692 631 794 694 subito
809 630 954 694 omnibus
965 646 1015 707 por

66 715 103 775 tis
119 715 279 789 eruptione
292 717 373 776 facta
383 732 483 792 neque
500 716 718 790 cognoscendi,
737 718 812 791 quid
823 718 921 791 fleam,
937 732 1015 791 nequ

66 800 112 860 sui
136 800 298 875 colligendi
318 801 458 861 hostibus
480 800 654 858 facultatem
674 800 861 876 relinquunt.
888 801 935 860 lta
956 816 1015 860 com

67 879 180 944 inritata
194 882 315 945 fortuna
330 901 394 958 eos,
417 884 467 959 qui
482 882 515 957 in
528 898 616 958 spem
632 883 852 956 potiundorum
868 888 1014 946 castrolur

67 976 228 1044 venerant,
249 969 383 1043 undique
400 968 625 1027 circumventos
640 967 827 1030 interficiunt
841 976 927 1030 etex
941 968 1015 1029 homi

66 1071 137 1113 num
149 1054 269 1113 milibus
281 1053 409 1126 amplius
422 1051 552 1127 triginta,
565 1068 656 1127 quem
667 1069 827 1114 numerum
838 1054 1015 1115 barbarorur

26 1156 29 1161 ·
66 1140 105 1197 ad
125 1143 225 1197 castra
238 1136 363 1196 venisse
383 1137 557 1211 constabat,
581 1139 651 1212 plus
666 1137 755 1197 tertia
769 1145 858 1213 parte
879 1138 1015 1198 interfect

64 1222 201 1297 reliquos
215 1221 393 1295 perterritos
407 1223 436 1279 in
453 1223 555 1295 fugam
568 1222 721 1282 coniciunt
736 1238 772 1282 aa
784 1239 824 1281 ne
838 1224 868 1282 iu
882 1224 959 1284 locis
972 1222 1015 1298 qui

65 1307 134 1365 dem
150 1305 362 1380 superioribus
378 1305 550 1366 consistere
564 1307 730 1381 patiuntur.
758 1306 810 1366 Sic
825 1308 968 1367 omnibus
982 1306 1015 1367 bu

65 1390 155 1450 stimn
171 1386 269 1463 copiis
285 1390 362 1449 fusis
385 1391 539 1464 armisque
560 1390 660 1451 exutis
676 1406 711 1450 se
726 1390 756 1449 in
773 1398 877 1451 castra
897 1391 1015 1452 munilia

65 1489 184 1548 nesque
198 1490 272 1533 suas
286 1475 447 1549 recipiunt.
479 1474 544 1548 Quo
562 1475 678 1549 proelio
695 1476 785 1549 facto,
811 1477 896 1550 quod
912 1476 1015 1551 saepiu

65 1561 217 1620 fortunam
232 1566 380 1633 temptare
388 1560 485 1618 Galba
498 1560 621 1619 nolebat
636 1564 727 1635 atquc
743 1560 802 1619 alio
819 1576 855 1619 se
867 1561 897 1619 in
910 1559 1014 1620 hibern

65 1644 194 1704 consilio
209 1645 335 1702 venisse
355 1644 547 1717 meminerat,
570 1644 637 1701 aliis
654 1644 829 1703 occurrisse
843 1645 939 1704 rebus
953 1644 1015 1704 vide

64 1735 126 1803 rat,
153 1728 285 1787 maxime
306 1729 447 1787 frumenti
475 1734 724 1803 commeatusque
751 1728 859 1803 inopia
879 1737 1015 1803 permota

65 1820 191 1889 postero
208 1812 257 1871 die
279 1814 419 1872 omnibus
436 1813 501 1871 eius
519 1812 575 1871 vici
597 1812 746 1871 aedificiis
767 1813 905 1873 incensis
921 1813 1015 1888 in‘pro

64 1899 195 1958 vinciam
217 1898 327 1955 reverti
344 1898 500 1956 contendit
515 1912 551 1955 ac
572 1897 654 1956 nullo
670 1896 761 1955 hoste
781 1896 966 1971 prohibente
986 1913 1015 1957 aa

67 1983 122 2043 iter
138 1983 314 2041 demorante
328 1982 511 2041 incolumem
526 1981 677 2053 legionem
691 1979 722 2038 in
736 1980 907 2055 Nantuatis
921 1980 1015 2042 iudei

68 2069 252 2140 Allobroges
269 2067 412 2140 perduxit
426 2066 532 2140 ibique
547 2064 699 2123 hiemavit,

150 2153 213 2210 Vll.
236 2152 291 2209 His
304 2152 396 2210 rebus
409 2150 504 2224 gestis
517 2164 585 2208 cum
599 2149 740 2208 omnrbus
753 2146 793 2207 rie
809 2148 915 2209 causis
924 2150 1015 2210 Caesa

70 2242 206 2309 ‚circatam
224 2235 348 2292 Galliam
365 2235 566 2304 existimaret,
590 2233 743 2306 superatis
757 2232 880 2309 BelgiS,
896 2234 1015 2309 expulsi

69 2319 235 2388 Gerrnanis
253 2317 340 2375 lictis
356 2318 384 2374 in
394 2317 524 2388 Alpibus
535 2314 677 2389 Sedunis,
692 2324 785 2391 atque
797 2316 839 2376 iba
851 2318 927 2379 inita
938 2318 1015 2377 hiem

67 2403 96 2459 in
113 2401 265 2476 illyricum
281 2401 436 2472 profectus
459 2404 555 2471 esset,
580 2399 665 2472 quod
679 2416 733 2460 eas
750 2416 873 2478 quoque
895 2403 1015 2462 natione

67 2485 152 2542 adire
167 2491 197 2541 et
209 2482 354 2554 regiones
370 2497 560 2555 cognoscere
574 2483 706 2557 volebat,
729 2484 863 2545 subitum
879 2486 1014 2546 bellumi

67 2568 163 2626 Gallia
177 2572 313 2626 coortum
329 2572 384 2625 est.
404 2566 477 2624 Eius
495 2565 563 2625 belli
577 2566 654 2626 haec
670 2568 725 2627 fuit
736 2584 840 2627 causa.
861 2568 894 2627 P.
905 2570 1015 2630 Crassu

66 2651 248 2709 adulescens
260 2666 328 2709 cum
343 2651 463 2723 legione
474 2649 603 2723 septima
618 2653 777 2725 proximus
788 2652 1015 2714 mareOceanur

66 2734 95 2792 in
109 2734 250 2792 Andibus
272 2733 427 2792 lrienrarat.
461 2735 505 2806 Is,
528 2735 612 2809 quod
632 2735 662 2795 in
678 2736 726 2795 his
749 2737 826 2797 locis
847 2737 955 2812 inopia
975 2738 1015 2797 fm

65 2819 156 2878 menti
172 2824 252 2891 erat,
276 2818 449 2890 praefectos
465 2818 667 2896 tribunosque
681 2821 808 2880 militum
823 2823 990 2897 conplures
1004 2824 1015 2883 i

67 2903 207 2961 finitimas
223 2901 360 2960 civitates
377 2903 517 2962 frumenti
530 2920 624 2965 causa
640 2905 768 2973 dimisit3
785 2922 845 2980 quo
861 2905 893 2964 in
908 2922 1015 2966 numer

64 2994 130 3045 crat
143 2987 175 3044 T.
190 2985 382 3044 Terrasidius
397 2987 512 3046 missus
527 2988 558 3047 in
572 2989 714 3063 Esuvios,
729 2990 769 3049 lu.
785 2989 914 3049 Trebius
932 2992 1015 3051 Gallu

65 3069 95 3126 in
111 3070 318 3141 Coriosolitas,
342 3069 374 3142 Q.
391 3071 539 3132 Velanius
556 3089 624 3132 cum
638 3075 670 3132 Τ.
688 3073 761 3134 Silio
777 3074 807 3132 in
822 3075 972 3135 Venetos

146 3156 225 3212 Vlll.
248 3154 344 3214 Huius
361 3162 408 3213 cst
421 3156 550 3215 civitatis
562 3157 653 3230 longe
668 3158 857 3231 amplissima
869 3159 1015 3219 auctorita

65 3239 162 3300 omnis
185 3253 257 3298 orae
277 3238 444 3299 maritimae
464 3242 623 3314 regionum
645 3256 764 3316 eartun,
787 3242 872 3316 quod
894 3249 925 3302 et
939 3258 1015 3303 nave

64 3324 176 3383 habent
188 3323 299 3383 Veneti
321 3323 482 3399 plurimas,
504 3325 614 3399 quibus
636 3324 667 3381 in
681 3326 868 3385 Britanniam
890 3328 1015 3402 navigar

63 3413 259 3481 consuerunt,
281 3413 311 3465 et
325 3407 453 3467 scientia
467 3415 558 3483 atque
573 3424 632 3467 usu
646 3408 834 3468 nauticanmr
848 3427 950 3470 rerum
965 3410 1015 3471 reb

63 3509 143 3565 qrros
158 3492 344 3552 antecedunt
359 3499 389 3551 et
403 3493 433 3551 in
447 3509 557 3566 magno
573 3492 687 3564 impetu
702 3494 794 3552 maris
810 3500 904 3569 atque
925 3502 1013 3570 apert

63 3576 169 3647 paucis
187 3576 326 3651 portibus
342 3577 516 3649 interiectis,
532 3592 611 3651 quos
627 3582 730 3636 tenent
744 3577 812 3652 ipsi,
836 3594 944 3638 omnes
960 3581 1015 3639 ferr

62 3658 114 3732 qui
128 3673 165 3718 eo
180 3661 256 3723 irrari
270 3663 313 3721 uti
328 3668 530 3733 consuerunt,
546 3660 659 3720 habent
672 3661 849 3735 vectigales.
870 3663 920 3721 Ab
937 3662 1015 3723 hisfi

62 3741 176 3801 initium
197 3743 348 3803 retinendi
363 3746 426 3803 Silii
448 3753 540 3817 atoue
554 3744 688 3817 Velanii,
712 3748 795 3820 quod
812 3762 865 3820 per
882 3763 937 3805 eos
954 3762 1015 3807 suo:
