2272 4176
10 39 189 134 πῃπῇ-ν.
211 58 214 63 .

466 174 580 234 LIBER
593 175 643 234 III.
972 169 1033 234 291

57 326 119 391 dIei
133 327 348 390 detrimentum
362 326 486 404 sarcire,
501 327 622 402 reliquit
635 328 777 402 inopere
792 325 933 388 cohortes
946 327 1033 399 duas,

58 429 141 489 quae
154 412 294 490 speciem
306 413 481 474 munitionis
496 413 693 489 praeberent:
708 411 777 487 ipse
792 411 914 471 diverso
929 411 1035 470 itinere

59 514 152 575 quam
168 498 271 575 poluit
284 498 490 559 occultissime
504 496 640 571 reliquas
656 496 813 570 canonae,
830 509 956 555 numero
970 501 1033 555 tres

56 590 87 643 et
121 581 256 658 triginta,
273 582 304 642 in
320 582 432 658 quibus
448 589 513 643 crat
526 581 607 655 legio
623 597 705 641 nona
715 581 816 641 multis
829 580 950 639 amissis
964 595 1033 638 cen-

57 665 231 728 turionibus
258 667 476 743 deminutoque
501 666 627 726 militum
652 681 794 739 numero,
820 665 859 724 ad
883 663 1033 738 legionem

57 749 186 826 Pompei
202 757 366 827 castraque
380 753 499 811 minora
511 750 623 826 duplici
638 751 704 810 acie
719 750 831 809 eduxit.
846 749 953 824 Neque
965 764 1033 807 eum

58 836 157 910 prima
178 834 283 911 opinio
305 836 419 896 ielellit.
447 835 523 894 Nam
544 841 574 894 et
591 835 731 909 pervenit
752 834 930 909 priusquam
944 833 1032 892 Pom-

57 919 147 995 peius
163 919 278 980 sentire
292 927 416 995 posset,
439 927 469 980 et
483 918 602 979 tametsi
618 927 704 979 erant
717 918 900 978 munitiones
917 924 1031 978 castro-

56 1020 124 1064 rum
139 1019 280 1079 magnae,
294 1011 394 1065 tamen
407 1003 531 1065 siuistro
544 1020 648 1078 cornu,
664 1004 716 1064 ubi
727 1010 791 1063 erat
803 1003 881 1076 ipse,
897 1001 1034 1062 celeriter

57 1088 230 1163 adgressus
244 1088 449 1165 PompeIanos
464 1105 504 1148 ex
517 1090 597 1149 vallo
615 1089 793 1148 deturbavil.
808 1087 881 1146 Erat
895 1087 1033 1147 obiectus

57 1173 156 1249 portis
172 1173 294 1234 ericius.
323 1175 380 1235 Hic
396 1173 552 1250 paulisper
567 1178 614 1233 est
629 1180 810 1248 pugnaturn,
833 1188 901 1231 cum
922 1171 1032 1231 inrum-

57 1272 133 1333 pere
148 1259 248 1319 nostri
263 1265 456 1334 conarentur,
472 1258 512 1318 illi
529 1264 630 1318 castra
644 1258 844 1317 defenderent
869 1255 1033 1316 fortissime

56 1343 88 1402 Τ.
101 1341 248 1418 Pulione,
275 1344 361 1403 cuius
385 1359 482 1418 opera
502 1343 656 1417 proditum
679 1343 845 1402 exercitum
867 1340 898 1401 C.
919 1338 1033 1401 Antoni

57 1426 353 1502 demonstravimus,
375 1444 393 1487 e
407 1430 475 1488 loco
491 1433 714 1503 propugnante.
745 1425 807 1486 Sed
821 1432 921 1485 tamen
937 1422 1032 1485 nostri

57 1512 170 1572 virtute
185 1511 323 1572 vicerunt
337 1513 507 1588 excisoque
523 1512 615 1572 ericio
631 1512 728 1587 primo
744 1511 774 1568 in
790 1510 906 1571 maiora
921 1515 1031 1583 castra,

58 1602 130 1672 post
150 1596 241 1657 eliam
262 1598 292 1655 in
309 1599 482 1672 castellum,
510 1598 594 1671 quod
612 1602 677 1656 erat
695 1596 847 1656 inclusum
867 1594 1032 1654 maioribus

57 1680 179 1755 cestrie,
195 1681 374 1756 inruperunt
389 1688 431 1756 et,
458 1682 541 1758 quod
562 1697 599 1742 eo
622 1683 713 1757 pulsa
727 1679 806 1754 legio
823 1694 894 1739 sese
908 1692 1032 1755 recepe-

56 1772 112 1841 rat,
129 1767 295 1827 nonnullos
310 1766 350 1825 ibi
365 1772 572 1842 repugnantes
590 1766 815 1825 interfecerunt.

142 1849 274 1910 LXVIII.
298 1849 359 1910 Sed
376 1852 511 1925 fortuna,
534 1866 612 1926 qnae
627 1849 787 1925 plurimum
804 1854 905 1923 potest
920 1863 988 1906 cum
1001 1847 1031 1906 in

57 1934 186 2010 reliquis
206 1934 299 1994 rebus
319 1941 382 1995 tum
403 1935 569 2010 praecipue
584 1935 614 1994 in
629 1935 726 2009 bello,
752 1933 856 2009 parvis
872 1932 1032 1992 momentis

56 2034 187 2094 magnas
203 2034 303 2080 rerum
316 2020 565 2080 conmutationes
581 2017 690 2089 elficil;
706 2025 739 2078 ul
754 2026 816 2078 lum
831 2016 951 2076 accidit.
966 2016 1030 2076 Mu-

57 2104 220 2178 nitionem,
244 2120 334 2180 quam
356 2105 507 2179 pertinere
528 2120 547 2163 a
567 2103 674 2167 castris
690 2104 727 2163 ad
744 2102 856 2163 llunren
872 2117 965 2176 supra
980 2102 1030 2161 de·

59 2187 305 2262 monstravimus
322 2188 420 2248 dextri
436 2189 575 2248 Caesaris
592 2204 687 2248 cornu
704 2188 846 2248 cohortes
862 2185 1032 2261 ignorantia

57 2272 119 2334 loci
134 2279 208 2333 sunt
222 2279 361 2347 secutae,
389 2288 456 2333 cum
473 2282 589 2347 portam
606 2280 788 2348 quaererent
802 2277 1032 2346 castrorumque

57 2372 127 2417 eam
138 2355 336 2418 munitionem
350 2373 421 2417 esse
436 2358 662 2418 arbitrarentur.
685 2358 773 2431 Quod
789 2374 857 2418 cum
872 2361 955 2417 esset
969 2356 1031 2414 ani-

57 2442 257 2502 madversum
272 2441 463 2502 coniunctam
486 2459 556 2504 esse
571 2441 696 2518 flumini,
712 2443 846 2518 prorutis
861 2441 1030 2502 munitioni-

57 2527 117 2587 bus
139 2527 325 2587 defendente
347 2529 430 2588 nullo
451 2528 721 2605 transcenderunt,
743 2528 905 2601 omnisque
927 2532 1031 2586 noster

58 2611 213 2688 equitatus
229 2628 281 2672 eas
298 2611 440 2673 cobortes
456 2620 503 2672 est
518 2619 652 2673 secutus.

141 2696 243 2755 LXIX.
266 2697 387 2757 Interim
401 2697 565 2773 Pompeius
585 2697 643 2757 bac
664 2697 739 2758 satis
760 2699 852 2770 longa
875 2696 1030 2757 interiecta

58 2796 144 2840 mora
158 2787 191 2840 et
210 2796 244 2839 re
258 2781 393 2841 nuntiata
413 2800 434 2841 v
455 2782 592 2857 legiones
614 2782 652 2842 ab
674 2797 769 2858 opere
790 2781 937 2841 deductas
959 2781 1048 2845 sub,

58 2864 137 2926 sidio
149 2865 215 2925 suis
229 2865 327 2935 duxit;
344 2867 514 2942 eodemque
525 2874 663 2942 ternpore
674 2866 826 2942 equitatus
839 2865 905 2926 elus
917 2864 1030 2926 nostris

58 2949 212 3024 equitibus
237 2950 520 3026 adpropinquabat,
545 2956 576 3010 et
600 2951 682 3011 acies
708 2951 855 3011 instructa
875 2949 1029 3025 anostrIs,

59 3034 109 3109 qui
124 3041 228 3095 castra
242 3042 476 3111 occupaverant,
493 3036 681 3110 cernebatur,
697 3036 860 3109 omniaque
875 3031 1032 3095 suntsubi-

59 3126 91 3182 to
120 3125 246 3180 mutata.
275 3119 368 3195 Legio
383 3119 570 3195 Pompeiana
591 3119 699 3180 celeris
720 3135 778 3196 spe
803 3118 932 3179 subsidii
958 3135 1029 3180 con-

59 3204 177 3265 llrmata
191 3202 231 3263 ab
247 3205 417 3264 decumana
432 3211 521 3281 porta
535 3205 680 3264 resistere
696 3203 864 3265 conabatur
880 3209 970 3279 atque
984 3207 1028 3265 ul-

56 3295 103 3350 tro
117 3289 148 3349 in
164 3296 289 3350 nostros
304 3289 448 3365 impetum
461 3288 598 3350 faciebat.
613 3289 773 3364 Equitalus
782 3287 930 3364 Caesaris,
946 3290 1028 3364 quod

56 3380 187 3450 angusto
213 3373 321 3435 itinere
346 3390 402 3450 per
427 3389 556 3449 aggeres
582 3373 785 3449 ascendebat,
813 3373 950 3449 receptui
971 3391 1028 3436 suo

56 3459 165 3521 timens
180 3457 299 3519 initium
314 3458 405 3534 lugae
420 3457 559 3519 iaciebat.
585 3459 733 3522 Dextrum
747 3473 857 3537 cornu,
870 3459 1043 3536 quoderat

97 3588 120 3649 ἢ
774 3538 839 3608 re*
