2302 4192
388 144 546 208 BELLUM
563 144 743 207 AFRICAE.
986 139 1050 208 897

82 298 123 360 ad
136 296 291 375 Thapsum
305 300 476 376 legionibus
491 307 521 360 et
536 299 587 360 Cn.
602 299 732 359 Domitio
749 314 817 359 cum
831 297 950 361 duabus
963 298 1046 360 This·

82 383 173 458 drae,
187 384 239 445 ubi
254 383 415 446 Considius
430 388 585 461 praeerat,
612 384 651 443 ad
667 383 869 443 obsidendum
882 383 1048 456 relictisM.

81 465 217 528 Messala
224 468 341 529 Uticam
355 476 424 530 ante
439 468 610 545 praemisso
626 483 695 527 cum
710 467 845 543 equitatu
859 467 926 541 ipse
941 469 1049 529 eodem

81 552 141 612 iter
153 551 255 611 iacere
270 554 433 614 contendit.

165 634 335 697 LXXXVII.
362 637 488 712 Equites
510 635 628 695 interim
643 634 810 710 Scipionis,
840 634 890 710 qui
906 649 945 693 ex
961 650 1048 709 proe-

83 721 122 781 iio
139 720 286 794 fugerant,
303 735 370 781 cum
384 722 502 783 Uticam
516 735 625 779 versus
640 720 697 779 iter
712 721 853 795 facerent,
870 720 1050 794 perveniunt

83 805 123 865 ad
139 804 286 879 oppidum
300 802 456 868 Paradam.
468 804 526 866 Ubi
544 820 610 863 cum
626 804 664 862 ab
679 804 786 864 incolis
802 820 862 862 non
876 803 1048 878 reciperen-

81 896 140 963 tur,
155 887 226 947 ideo
243 887 326 963 quod
342 889 421 948 fama
434 887 615 949 de-vietoria
627 888 764 947 Caesaris
780 888 1048 962 praecucurrisset,

81 973 112 1032 vi
134 973 250 1046 oppido
271 972 356 1046 potiti
378 972 408 1030 in
429 972 528 1032 medio
552 973 617 1031 soro
640 972 728 1046 lignis
751 974 939 1032 coacervatis
955 971 1071 1043 omni,

82 1057 207 1131 busque
231 1056 323 1116 rebus
346 1071 453 1117 eorum
477 1056 633 1130 congestis
659 1056 757 1130 ignem
783 1056 936 1116 subiciunt
956 1061 1049 1130 atque

82 1142 148 1201 eius
161 1140 267 1215 oppidi
278 1140 393 1201 incolas
409 1140 556 1215 cuiusque
565 1141 685 1223 generis
699 1140 866 1214 aetatisque
876 1141 964 1199 vivos
977 1156 1048 1200 con·

82 1225 268 1298 strictosque
288 1225 319 1282 in
340 1223 491 1284 flammam
513 1224 664 1283 coniciunt
685 1232 776 1299 atque
796 1225 837 1283 ita
851 1225 1048 1285 acerbissimo

82 1309 230 1369 adficiunt
250 1308 418 1382 supplicio;
444 1308 554 1367 deinde
574 1309 711 1381 protinus
726 1309 843 1369 Uticam
859 1309 1047 1382 perueniunt.

82 1392 250 1468 Superiore
263 1398 399 1467 tempore
416 1392 455 1451 M.
473 1391 553 1464 Cato,
570 1393 653 1466 quod
669 1393 697 1451 in
713 1393 908 1453 Uticensibus
925 1400 1049 1468 propter

80 1477 263 1536 beneficium
277 1477 353 1550 legis
368 1477 460 1536 Iuliae
475 1492 582 1550 parum
594 1477 657 1535 suis
671 1478 808 1550 partibus
820 1476 965 1550 praesidii
978 1492 1048 1536 esse

80 1561 323 1632 existimaverat,
348 1561 468 1635 piebem
488 1561 633 1618 inermem
653 1561 768 1635 oppido
790 1561 921 1619 eiecerat
936 1567 965 1618 et
979 1568 1049 1620 ante

81 1653 200 1720 portam
213 1644 351 1704 beiiicam
366 1644 473 1704 castris
489 1646 637 1717 fossaque
653 1646 780 1718 parvula
794 1644 939 1703 duntaxat
953 1646 1048 1704 muni-

80 1736 146 1789 erat
167 1728 270 1803 ibique
292 1729 440 1789 custodiis
456 1728 649 1788 circumdatis
665 1728 800 1787 babitare
816 1732 974 1802 coegerat3
1001 1744 1047 1788 se·

79 1819 185 1872 netum
207 1819 305 1871 autem
327 1813 432 1887 oppidi
454 1813 591 1872 custodia
612 1812 740 1871 tenebat.
769 1812 881 1871 Eorum
904 1820 1005 1872 castra
1019 1812 1048 1875 hi

79 1897 202 1971 equites
218 1896 314 1957 adorti
330 1912 507 1972 expugnare
524 1903 703 1969 coeperunt,
720 1897 788 1955 ideo
807 1897 890 1970 quod
905 1912 960 1956 eos
977 1895 1048 1955 Cae·

80 1981 162 2041 saris
178 1980 313 2055 partibus
329 1982 443 2040 favisse
465 1981 615 2052 sciebant,
641 1989 673 2042 ut
693 1981 736 2039 eis
759 1981 924 2040 interiectis
945 1996 1048 2040 eorum

79 2064 219 2140 pernicie
240 2064 375 2123 dotorem
397 2080 485 2124 suurn
506 2066 733 2125 ulciscerentur.
769 2065 927 2124 Uticenses
950 2066 1049 2124 animo

79 2148 189 2208 addito
209 2162 247 2205 ex
259 2147 398 2207 Caesaris
414 2150 539 2209 victoria
555 2149 706 2222 lapidibus
722 2149 916 2223 fustibusque
932 2151 1049 2224 equites

79 2233 269 2306 repulerunt.
292 2232 396 2307 ltaque
412 2241 610 2307 posteaquam
628 2241 800 2315 castrando
818 2241 981 2307 potuerant
997 2250 1049 2307 po-

79 2317 140 2387 tiri,
156 2315 273 2375 Uticam
294 2330 328 2374 se
350 2316 378 2373 in
401 2317 546 2391 oppidum
563 2317 758 2376 coniecerunt
772 2323 864 2391 atque
885 2318 925 2377 ibi
940 2321 1050 2378 multos

77 2400 242 2461 Uticenses
263 2400 479 2460 interfecerunt
494 2401 663 2475 domosque
679 2415 783 2459 corum
800 2409 1052 2476 expugnaverunt

78 2499 117 2543 ac
143 2482 341 2556 diripuerunt.
383 2483 496 2557 Quibus
517 2500 584 2544 cum
601 2485 672 2544 Cato
695 2485 879 2558 persuadere
902 2486 984 2544 nulia
1004 2502 1050 2545 ra·

79 2570 165 2627 tione
181 2566 288 2640 quiret,
304 2574 337 2626 ut
351 2582 455 2626 secum
472 2569 618 2642 oppidum
635 2569 832 2627 defenderent
848 2577 877 2627 et
893 2571 987 2629 caede
1002 2586 1050 2629 ra·

79 2652 226 2727 pinisque
241 2651 432 2723 desisterent,
447 2661 477 2712 et
490 2652 563 2725 quid
575 2652 633 2711 sibi
645 2654 757 2711 velient
780 2652 880 2722 sciret,
896 2654 1051 2713 sedandae

79 2752 187 2796 eorum
203 2736 424 2807 inportunitatis
439 2736 535 2808 gratia
551 2736 677 2809 singuiis
695 2743 814 2793 centum
830 2735 940 2796 divisit.
969 2737 1052 2796 idem

80 2820 168 2880 Sutia
182 2818 311 2877 Faustus
328 2819 397 2877 iecit
413 2834 448 2878 ac
464 2821 502 2878 de
518 2836 573 2878 sua
590 2819 719 2892 pecunia
734 2819 858 2893 largitus
870 2828 917 2879 cst
929 2836 1052 2894 unaque

80 2920 150 2963 cum
165 2903 201 2962 iis
215 2903 253 2960 ab
268 2903 354 2962 Utica
369 2903 706 2976 proficiscituratquein
721 2919 846 2977 regnum
860 2904 903 2962 ire
917 2904 1050 2963 intendit.

166 2986 348 3046 LXXXVIII.
374 2987 551 3060 Complures
574 2988 689 3045 interim
712 3002 750 3045 ex
766 2988 967 3065 i'ugaUticum
984 3004 1051 3062 per-

79 3071 214 3131 veniunt.
243 3069 325 3142 Quos
347 3086 453 3129 omnes
476 3070 548 3130 Cato
572 3078 758 3130 convocatos
775 3087 835 3129 una
851 3087 919 3130 curn
934 3079 1050 3131 trecen·

80 3159 128 3229 tis,
145 3155 197 3229 equi
219 3154 378 3227 pecuniam
395 3153 529 3228 Scipioni
546 3155 585 3213 ad
607 3155 716 3214 betium
732 3154 901 3214 iaciendum
917 3157 1051 3215 contule-

79 3246 156 3311 rant,
172 3240 315 3310 bortatur,
333 3246 367 3298 ut
380 3238 503 3297 servitia
522 3239 762 3298 manumittercnt
776 3239 985 3313 oppidumque
1000 3239 1039 3300 de

80 3326 247 3384 tenderent.
282 3322 413 3396 Quorum
436 3338 502 3382 cum
526 3330 640 3396 quartem
666 3323 832 3393 adsentire,
860 3332 974 3398 partem
988 3323 1050 3384 uni·

82 3424 162 3469 mum
183 3413 375 3482 mentemque
393 3407 587 3482 perterritam
601 3414 695 3486 atque
707 3407 865 3485 iuiugam
876 3408 1071 3469 destinatus
