2272 4176
190 39 241 89 :r-

246 150 573 211 muneraremur.
595 150 794 211 mrsrotm
940 144 1004 215 stt

29 306 186 383 ganem'burr
197 310 346 381 poetam
356 314 384 364 ct
395 308 595 365 consuetudine
606 309 735 382 legendi,
754 310 794 365 sic
806 310 889 365 audio
901 308 1002 367 Caesu-

30 408 104 463 rcm,
125 392 192 449 c'um
212 393 357 451 volumina
375 394 432 448 iam
447 396 595 450 contecerit
615 380 867 469 ὡποφθημάτωιν,
890 396 1004 467 siquod

29 476 166 533 afferatur
184 476 225 533 ad
243 494 308 533 eum
326 494 379 549 pro
397 495 477 547 meu,
500 479 576 550 quud
589 496 682 533 meum
696 496 753 533 non
767 480 816 533 sil.
836 480 942 534 reicere
957 498 1003 534 so-

30 560 104 630 lere5
126 561 207 634 quud
220 579 256 618 ec
268 578 343 617 nunc
356 564 446 634 magis
462 566 541 631 lacit,
565 564 639 634 quod
652 564 749 617 risunt
764 580 872 617 mecum
886 566 944 618 tere
957 581 1002 618 co

31 645 94 701 tidie
108 646 184 701 illius
198 647 359 702 lamssiares.
400 647 525 706 Incidunt
538 656 629 703 autem
639 650 667 701 in
679 665 807 702 sermone
818 649 898 702 ruric
909 649 1003 713 multa,

32 744 102 800 quae
124 733 246 786 tortasse
263 731 332 801 illis,
355 748 418 785 cum
434 732 506 801 dixi,
527 749 580 787 nec
602 734 737 787 illitterata
751 750 804 786 nec
818 734 923 785 insulsa
938 749 1003 787 esse

32 814 188 883 videantur.
229 815 306 870 llaec
328 815 365 870 ad
378 817 455 870 illurn
471 834 533 870 curn
546 818 659 887 reliquis
675 818 741 871 actis
755 818 945 888 perterrmtur:
965 817 1004 869 ita

32 899 101 954 enim
120 900 186 972 ipse
207 898 360 955 mandarit.
403 898 450 955 Sic
469 900 515 955 fir.
538 908 580 959 ut,
601 902 624 955 si
649 901 715 972 quid
735 908 882 973 praeterea
903 900 938 955 de
958 916 1003 954 me

32 983 137 1055 audiat,
161 1000 219 1039 non
233 983 403 1039 audiendum
416 992 503 1055 putet

412 1136 619 1193 Eersrotau

106 1237 222 1294 Sueon.
238 1236 315 1293 cao.
329 1236 387 1296 56:
409 1237 552 1310 Epistolae
567 1255 677 1310 quoque
692 1240 751 1293 eius
767 1237 803 1293 ad
818 1244 943 1292 senatum
955 1254 1002 1293 ex·

25 1326 97 1390 lant3
121 1338 196 1393 quas
215 1322 322 1393 primus
343 1322 455 1377 ridetur
475 1324 511 1377 ad
531 1326 650 1394 paeinas
664 1332 691 1378 et
706 1325 821 1377 formam
835 1324 1003 1377 memorialis

23 1402 110 1463 loelli
122 1406 316 1473 convertisse,
336 1422 400 1460 cum
411 1414 493 1461 antea
505 1410 633 1462 consules
645 1416 671 1461 et
684 1408 770 1462 duces
783 1424 838 1460 non
852 1408 903 1461 nisi
914 1416 1003 1461 trans·

19 1504 112 1549 versa
128 1490 228 1546 charla
238 1491 356 1561 scriptas
368 1492 514 1546 mitterem.
546 1492 646 1546 Extant
657 1498 683 1546 et
695 1492 732 1545 ad
745 1490 921 1557 Ciceronem,
939 1493 1004 1545 item

17 1577 59 1634 ud
82 1576 241 1632 familiares
258 1574 419 1629 domesticis
434 1576 470 1630 de
485 1578 585 1641 rebus3
606 1578 633 1629 in
650 1578 748 1646 quibus
760 1576 786 1629 si
803 1591 856 1645 qua
871 1576 1003 1629 occultius

13 1658 202 1733 perferenda
223 1666 317 1725 erant,
337 1675 391 1730 per
409 1668 489 1715 notas
507 1662 616 1731 scripsit
630 1660 659 1714 id
674 1672 715 1715 est
730 1659 769 1714 sic
784 1666 886 1713 structo
901 1661 1003 1713 littera-

12 1758 83 1802 rum
100 1744 221 1810 ordine,
242 1750 271 1797 ut
285 1744 390 1797 nullum
404 1747 522 1799 verbum
537 1744 611 1799 effici
625 1751 738 1816 posset;
759 1759 831 1814 quae
847 1744 870 1797 si
886 1744 946 1813 quis
961 1743 1003 1796 in·

11 1830 171 1901 vestigare
195 1834 223 1881 et
241 1829 374 1898 persequi
388 1830 469 1896 velit,
491 1837 616 1900 quartam
631 1830 831 1883 elementorum
844 1828 961 1882 litteram
974 1824 1005 1882 id

10 1922 63 1971 est
78 1914 101 1970 d
115 1928 171 1986 pro
187 1928 204 1967 a
218 1918 246 1965 et
257 1912 376 1983 perinde
392 1914 513 1984 reliquas
529 1920 685 1968 commutet,

108 1998 178 2054 Gell.
190 1995 286 2051 XVII
290 2040 298 2065 ,
318 1998 354 2057 9:
382 1998 455 2052 Libri
472 2006 534 2053 sunt
549 2000 727 2070 epistolarum
742 1995 772 2052 C.
785 1994 913 2052 Caesaris
925 1996 962 2051 ad
974 1994 1003 2051 C.

10 2083 150 2157 Oppium
171 2087 199 2135 et
218 2080 334 2135 Balbum
355 2080 528 2149 Commium,
551 2084 597 2154 qui
616 2085 699 2138 rebus
715 2082 774 2137 eius
790 2082 911 2135 absentis
926 2097 1004 2135 cura·

10 2168 100 2227 bant.
145 2165 177 2220 ln
196 2164 240 2221 his
256 2166 379 2237 epistolis
401 2168 566 2237 quibusdam
581 2169 609 2221 in
624 2168 693 2222 locis
707 2167 884 2221 inveniuntur
898 2167 1004 2220 litterae

10 2250 200 2325 singulariae
215 2251 276 2305 sine
291 2253 462 2322 coagmentis
478 2254 663 2323 s5llabarum‚
684 2269 753 2323 quas
767 2258 795 2304 tu
806 2258 887 2322 putes
897 2252 1004 2322 positas

10 2335 187 2397 incondite:
208 2350 273 2389 nam
283 2337 371 2390 verba
383 2352 418 2390 er
429 2335 473 2390 his
483 2339 578 2392 litteris
590 2336 688 2391 confici
700 2338 774 2391 nulla
785 2341 911 2407 possunt.
938 2335 1005 2389 Erat

13 2428 124 2481 autern
140 2426 308 2475 conventum
322 2420 393 2473 inter
408 2438 457 2475 eos
473 2422 674 2476 clandestinum
689 2422 725 2476 de
740 2420 935 2475 commutando
951 2420 1005 2473 situ

13 2508 197 2574 litterarum,
218 2505 288 2558 utin
303 2505 406 2575 scripto
422 2507 534 2575 quidem
548 2508 602 2560 alia
616 2507 687 2561 aliae
702 2508 794 2560 locum
809 2512 836 2558 et
851 2520 952 2559 nomen
963 2510 1003 2556 te-

11 2596 122 2661 neret,
147 2588 199 2644 sed
219 2589 247 2642 in
268 2589 389 2661 legendo
410 2591 488 2644 locus
504 2592 603 2661 cuique
615 2608 682 2645 suus
691 2597 724 2679 ft
739 2595 861 2661 potestas
877 2589 1003 2642 restituc-

13 2682 111 2733 retur.
157 2672 300 2740 Quaenam
319 2690 388 2728 vero
409 2676 498 2730 littera
517 2692 569 2747 pro
591 2692 646 2746 qua
668 2676 850 2740 scriberetur,
876 2679 939 2727 ante
960 2672 1004 2742 iis,

15 2760 107 2817 sicuti
132 2757 205 2826 dixi,
228 2760 431 2828 complacebat,
460 2761 505 2830 qui
527 2759 600 2814 hanc
616 2759 754 2815 scribendi
774 2759 906 2812 latebram
921 2772 1004 2828 para-

15 2846 102 2901 bant.
148 2842 199 2898 Est
212 2843 284 2897 adeo
300 2843 381 2898 Probi
396 2845 568 2914 grammatici
583 2843 796 2899 commentarius
812 2844 878 2896 satis
894 2841 1003 2896 curiose

20 2930 116 2987 lactus
139 2927 176 2982 de
194 2928 301 2982 occulta
316 2928 465 2984 litterarum
480 2928 681 3000 significatione
697 2928 876 3000 epistolarum
891 2923 920 2981 G.
934 2923 1002 2980 Cae—

20 3014 98 3071 saris
114 3017 134 3083 's
150 3012 325 3085 scriptarum.

251 3114 287 3153 au
303 3113 332 3151 rr.
348 3114 464 3152 rvmrvrr
480 3114 638 3152 crcnnorrru.
660 3099 701 3165 (a.
715 3093 783 3165 56).

109 3181 164 3239 oie.
180 3182 220 3237 cd
240 3183 319 3237 Fam.
330 3181 361 3251 1,
383 3182 417 3250 9,
441 3181 497 3241 12:
525 3182 554 3235 ln
566 3181 619 3236 hac
630 3181 765 3236 sententia
777 3176 1003 3249 complectendus

23 3273 87 3325 crat
101 3266 169 3339 rnilrr
185 3266 306 3333 Caesar,
327 3274 356 3321 ut
367 3267 465 3335 rides,
487 3268 514 3320 in
528 3273 672 3320 coniuncta
686 3272 712 3320 et
724 3280 809 3320 causa
821 3269 848 3318 et
859 3262 1001 3335 dignitate.

25 3350 77 3423 llic
99 3353 215 3406 multum
237 3352 323 3406 valuit
345 3369 408 3406 curn
427 3358 507 3407 vetus
523 3351 657 3419 amicitia,
680 3366 762 3421 quam
778 3356 804 3403 tu
819 3364 874 3402 non
890 3349 1002 3420 ignoras

26 3435 94 3493 mihi
108 3442 137 3493 et
151 3436 252 3505 Quinto
273 3437 347 3493 tratri
363 3453 426 3493 curn
441 3429 678 3508 Commeruisse,
700 3442 758 3490 tum
771 3433 927 3491 humanitas
942 3436 1001 3491 eiua
