2272 4176
67 515 108 578 22
361 514 410 574 bit
430 513 554 576 BELLO
578 513 740 575 GALLIGO

67 677 115 733 tor
128 668 254 730 meritus
268 668 445 739 videbatur3
468 669 579 728 iactum
600 666 689 726 etiam
705 683 804 742 nuper
824 667 855 727 in
870 668 990 730 ltaliae

69 755 118 814 vili
132 756 269 829 tumultu,
288 771 365 830 quos
380 762 480 814 tamen
495 750 608 826 aliquid
627 767 701 811 usus
717 768 753 811 ac
769 753 941 828 disciplina,
958 773 990 830 qr

67 838 188 899 anobis
204 840 406 914 accepissent,
422 836 625 897 sublevarent.
647 835 694 893 Ex
710 852 770 910 quo
786 836 914 896 iudicari
931 854 991 912 pos

68 929 213 998 quantum
228 922 353 983 haberet
365 923 396 981 in
411 936 446 981 se
460 919 531 978 boni
553 921 737 993 constantia,
760 925 926 994 propterea
941 940 990 996 qut

67 1022 146 1082 quos
161 1006 348 1082 aliquamdiu
360 1005 493 1086 inermos
508 1002 575 1061 sine
590 1018 684 1062 causa
697 1005 883 1077 timuissent,
906 1005 964 1065 hos
980 1023 989 1081 ι

67 1099 133 1152 stea
153 1097 284 1149 armatos
299 1104 336 1147 ac
349 1089 482 1149 lictores
498 1094 706 1161 superassent.
736 1088 875 1162 Denique
888 1089 947 1149 hos
964 1107 990 1150 er

67 1174 202 1247 eosdem,
219 1172 401 1247 quibuscum
417 1186 638 1245 saepenumero
652 1172 781 1230 Helvetii
797 1174 958 1246 congressi
973 1191 990 1232 n

67 1260 166 1318 solum
186 1258 216 1315 in
237 1257 318 1331 suiS,
340 1257 506 1336 sedetiam
527 1255 557 1314 in
579 1256 698 1315 illorum
716 1250 830 1315 linibus
852 1258 990 1332 plerumq

67 1339 253 1416 superarint,
276 1339 328 1415 qui
349 1346 449 1399 tamen
471 1354 562 1414 pares
584 1355 655 1398 esse
676 1345 781 1398 nostro
803 1341 990 1401 exercituin

67 1423 228 1499 potuerint.
259 1422 385 1499 Siquos
402 1425 566 1482 adversum
581 1424 731 1498 proelium
746 1429 776 1481 et
790 1423 862 1498 luga
879 1424 990 1483 Gallort

66 1514 285 1582 commoveret,
302 1507 376 1583 hos,
396 1508 422 1567 si
438 1512 635 1582 quaererent,
651 1507 787 1580 reperire
806 1522 902 1580 posse
918 1508 990 1569 diulr

66 1593 158 1652 nitate
169 1591 238 1650 belli
251 1591 422 1665 defetigatis
435 1591 527 1650 Gallis
538 1591 732 1662 Ariovistum,
746 1605 815 1648 curn
827 1592 939 1650 multos
951 1608 990 1650 nu

65 1691 118 1737 ses
131 1675 239 1734 eastris
251 1691 286 1734 se
297 1690 334 1734 ac
344 1675 507 1749 paludibus
519 1675 668 1734 tenuisset
680 1689 780 1747 neque
792 1674 839 1734 sui
851 1681 990 1748 potestat

66 1759 206 1832 lecisset,
228 1759 428 1833 desperantes
444 1758 502 1817 iam
519 1759 557 1817 de
573 1773 676 1832 pugna
694 1764 724 1817 et
747 1757 907 1831 dispersos
931 1759 989 1819 s'ub

66 1844 205 1903 adortum
225 1842 322 1916 magis
336 1844 453 1903 ratione
470 1848 500 1900 el
518 1841 645 1902 consilio
668 1856 758 1914 <quam
774 1841 885 1901 virtute
907 1843 990 1901 vicis:

66 1928 119 1986 Ctri
138 1925 247 1985 rationi
264 1932 370 1985 contra
385 1925 524 1986 homines
539 1925 687 1984 barbaros
704 1929 796 1998 atque
811 1924 969 1999 imperitos
988 1979 990 1984 Α

66 2025 121 2069 cus
138 2010 255 2082 luisset,
278 2008 336 2068 hac
351 2024 390 2068 ne
405 2010 506 2084 ipsrun
523 2008 645 2085 quidem
660 2023 787 2082 sperare
802 2015 926 2070 nostros
945 2026 990 2068 ext

66 2095 143 2154 citus
159 2094 226 2167 oapi
244 2107 348 2168 posse.
377 2093 433 2167 Qui
450 2109 539 2152 suum
553 2093 691 2152 timorem
710 2092 741 2150 in
758 2092 803 2150 rei
819 2094 990 2153 frumentari

65 2179 286 2239 simulationem
303 2179 521 2252 angustiasque
536 2176 651 2235 itineris
668 2176 848 2250 conferrent,
865 2177 990 2236 lacerer

64 2267 223 2336 rogantur,
248 2276 316 2320 omn
332 2268 385 2319 aut
406 2262 445 2319 de
467 2260 569 2320 cilicio
591 2260 781 2333 imperatoris
798 2260 990 2334 desperares

33 2416 39 2423 .
65 2344 276 2419 praescribere
290 2343 475 2402 viderentur.
507 2344 591 2401 Haec
608 2343 666 2402 sibi
681 2358 753 2403 esse
769 2358 877 2402 curae=
899 2344 990 2404 frume

65 2436 127 2488 tum
142 2426 312 2502 Sequanos,
331 2427 461 2499 LeuooS,
476 2425 629 2499 Lingones
646 2426 893 2501 sumministrare,
910 2427 990 2502 ianrq

64 2527 136 2571 esse
158 2512 189 2569 in
211 2511 292 2583 agris
315 2509 465 2568 frumenta
485 2516 618 2580 matura;
647 2511 686 2569 de
699 2510 812 2570 itinere
835 2510 923 2585 ipsos
946 2511 990 2570 bn

64 2601 202 2669 tempore
218 2593 415 2653 iudicaturos.
445 2592 533 2666 Quod
547 2609 609 2653 non
625 2594 691 2654 iore
706 2595 787 2654 dicto
804 2593 963 2654 audientes
979 2612 990 2652 1

65 2693 126 2753 que
141 2678 229 2752 signa
242 2677 331 2737 laturi
347 2678 493 2749 dicantur,
510 2676 583 2735 nihil
595 2692 630 2736 se
641 2693 678 2736 ea
687 2694 721 2737 re
734 2678 933 2739 commoveri:
952 2693 990 2738 sc

64 2763 152 2837 enim,
178 2760 424 2836 quibuscumque
440 2761 592 2820 exercitus
610 2761 690 2822 dicto
709 2763 836 2822 audiens
853 2777 914 2820 non
931 2763 990 2823 iuer

64 2859 116 2907 aut
130 2846 210 2904 male
224 2860 259 2904 re
274 2851 362 2918 gesta
383 2845 533 2903 fortunam
549 2845 685 2904 defuisse
707 2852 759 2904 aul
775 2845 877 2920 aliquo
896 2845 990 2906 facin(

64 2936 220 3004 comperto
242 2929 398 2988 avaritiam
418 2943 490 2987 esse
507 2929 690 2989 convictam=
719 2944 806 2988 suam
828 2929 990 2995 innocentia

64 3020 214 3088 perpetua
228 3014 298 3085 vita,
317 3011 700 3089 felicitatcmHelvetiorum
715 3012 795 3071 bello
812 3027 884 3071 esse
901 3027 990 3087 persp

63 3105 150 3157 otatn.
174 3097 278 3170 ltaque
293 3110 328 3153 se
344 3095 428 3168 quod
443 3096 473 3154 in
487 3096 654 3170 longiorem
670 3095 750 3153 diem
765 3098 939 3156 conlaturus
957 3098 990 3156 iu

64 3186 119 3254 set,
136 3183 434 3254 repraesentaturam
450 3187 480 3241 et
496 3179 635 3254 proxima
649 3185 738 3238 nocte
750 3180 789 3238 de
807 3185 914 3254 quarta
929 3179 991 3254 vigi

64 3272 164 3324 castra
190 3269 356 3337 moturum,
386 3268 419 3323 ut
443 3263 686 3338 quamprimum
714 3261 889 3337 intellegere
913 3279 989 3337 poss

63 3357 163 3408 utrum
182 3348 266 3422 apud
285 3362 340 3407 eos
356 3348 458 3421 pudor
479 3353 571 3421 atque
593 3345 726 3406 ollicium
745 3362 783 3404 an
799 3347 888 3407 timor
904 3349 990 3407 valer

63 3432 193 3505 Quodsi
208 3438 367 3507 praeterea
382 3446 471 3510 nemo
490 3437 643 3506 sequatur,
660 3437 760 3489 tannen
772 3445 806 3488 se
818 3447 887 3490 cum
899 3432 990 3492 solat¹

63 3515 142 3574 cima
156 3516 277 3590 legione
292 3515 411 3589 iturum,
436 3516 474 3574 de
490 3531 551 3591 qua
566 3529 626 3573 non
642 3513 803 3587 dubitaret,
826 3514 947 3590 sibique
964 3531 990 3574 er

64 3599 248 3671 praetoriam
265 3597 422 3659 cohortem
437 3600 576 3660 futuram.
598 3596 676 3656 Huic
691 3597 801 3671 legioni
810 3600 923 3658 Caesar
941 3599 990 3658 eti

62 3681 199 3742 dulserat
206 3683 372 3757 praecipue
384 3689 414 3743 et
421 3690 549 3758 propter
557 3680 697 3742 virtutem
706 3681 879 3742 confidebat
888 3684 990 3742 manin

145 3764 220 3826 XLI.
241 3766 307 3826 Hac
321 3766 459 3828 oratione
473 3765 576 3827 habita
590 3764 699 3825 mirum
715 3764 747 3825 in
762 3766 886 3827 modum
901 3783 990 3828 conv«
