2272 4176
38 39 225 107 wilt*

480 158 640 253 imunt.
994 158 1058 225 21³

80 311 272 393 provinciam
295 313 462 389 adtingunt
490 314 640 373 Audierat
653 312 831 388 Pompeium
847 329 902 389 per
915 312 1056 375 Maurita-

80 401 159 460 niam
185 414 259 460 cum
280 399 452 475 legionibus
479 398 536 458 iter
561 398 592 456 in
618 398 798 473 Hispaniam
825 400 929 459 lacere
954 401 1057 460 conle-

82 484 214 559 stimque
229 498 304 543 esse
318 490 487 544 venturum.
514 480 609 543 Simul
624 499 644 542 a
663 481 794 542 tribunis
814 483 939 544 militum
954 489 1057 545 centu-

81 567 284 644 rionibusque
299 575 418 630 mutuas
434 566 583 643 pecunias
598 568 746 643 sumpsit;
760 566 818 628 has
833 567 980 628 exercitui
995 569 1056 628 dis·

81 653 191 713 tribuit.
216 652 284 727 Quo
299 654 379 715 laeto
396 654 473 713 duas
488 666 540 711 res
557 659 742 714 consecutus
759 660 815 728 est
831 653 914 729 quod
928 653 1058 728 pignore

81 737 201 798 animos
217 738 431 799 centurionum
445 736 582 799 devinxit
597 745 627 799 et
640 737 800 812 largitione
811 737 938 797 militum
948 739 1055 798 volun·

41 830 45 835 '
82 828 157 883 tates
171 822 313 882 redemit.

163 906 227 967 XL.
263 907 376 968 Fabius
404 911 597 971 finitimarum
627 908 780 968 civitatum
809 907 925 967 animos
950 907 1055 969 litteris

84 990 261 1067 nuntiisque
275 995 449 1069 temptabat.
477 995 511 1054 ln
528 993 633 1055 Sicore
649 991 773 1052 flumine
788 999 898 1066 pontes
914 990 1057 1054 effecerat

84 1079 163 1139 duos
179 1076 331 1137 distantes
346 1079 423 1139 inter
439 1095 473 1140 se
488 1079 570 1138 milia
583 1094 732 1153 passuum
745 1083 895 1152 quattuor.
911 1076 966 1135 llis
977 1092 1055 1151 pon·

83 1162 164 1222 tibus
178 1161 359 1237 pabulatum
372 1164 516 1239 mittebat,
533 1164 617 1239 quod
631 1178 683 1237 ea,
700 1177 779 1237 quae
794 1162 868 1222 eitra
882 1159 994 1220 flumen
1011 1164 1055 1222 lu-

38 1242 40 1251 '
85 1252 178 1321 erant,
194 1246 407 1323 superioribus
423 1250 531 1309 diebus
547 1254 789 1323 consumpserat.
818 1246 883 1306 Hoc
898 1246 978 1305 idem
993 1246 1057 1306 iere

38 1406 40 1411 Ι
85 1339 176 1407 atque
198 1333 308 1394 eadem
329 1333 368 1392 de
389 1350 483 1394 causa
496 1332 673 1408 Pompeiani
688 1331 839 1392 exercitus
855 1332 949 1390 duces
965 1330 1055 1390 lacie-

38 1492 40 1497 .
86 1417 156 1476 bant
178 1417 351 1493 crebroque
372 1418 449 1479 inter
471 1434 506 1478 se
529 1417 722 1494 equestribus
744 1416 868 1492 proeliis
891 1416 1055 1477 contende-

38 1508 40 1517 ·
86 1501 165 1561 bant.
194 1501 263 1563 Huc
280 1517 349 1562 eum
364 1504 517 1564 cotidiana
528 1503 754 1565 consuetudine
769 1516 914 1576 egressae
928 1501 1054 1576 pabula·

84 1585 202 1646 toribus
217 1586 373 1661 praesidio
393 1590 539 1664 propiore
564 1585 966 1664 pontelegionesFabianae
978 1586 1055 1645 duae

85 1669 198 1730 {lumen
225 1670 409 1733 transissent
435 1673 712 1748 impedimentaque
733 1678 763 1732 et
783 1671 881 1732 omnis
904 1672 1054 1746 equitatus

86 1762 275 1831 sequeretur,
290 1756 391 1819 subito
398 1758 429 1817 vi
435 1765 595 1820 ventorum
608 1765 637 1819 et
647 1772 745 1833 aquae
756 1756 963 1830 magnitudine
974 1771 1053 1831 pons

86 1848 132 1901 est
151 1840 341 1916 interruptus
362 1843 530 1919 etreliqua
549 1843 708 1903 multitudo
732 1842 867 1917 equitum
882 1841 1054 1901 interclusa.

86 1924 150 1998 Quo
166 1925 290 2000 cognito
307 1925 456 1988 aPetreio
478 1935 508 1989 et
527 1929 655 1989 Afranio
678 1943 717 1987 ex
733 1941 844 2002 aggere
859 1933 951 2001 atque
967 1927 1054 1986 crati·

85 2009 151 2084 buS,
168 2024 251 2086 quae
265 2009 389 2070 ilumine
404 2013 592 2088 iere-baum,
619 2013 757 2073 celeriter
780 2027 836 2073 suo
858 2017 951 2087 ponte
965 2012 1054 2071 Aira-

86 2094 162 2170 nluS,
179 2110 271 2170 quem
287 2096 402 2171 oppido
419 2098 591 2172 castrisque
602 2099 795 2158 coniunctum
805 2096 945 2170 habebat,
960 2097 1054 2171 legio-

85 2194 139 2239 nes
160 2185 224 2239 tres
239 2181 467 2257 equitatumque
483 2198 603 2244 omnem
617 2182 734 2242 traiecit
748 2182 931 2255 duabusque
945 2179 1052 2239 Fabia-

86 2263 130 2323 nIs
147 2265 281 2325 occurrit
295 2265 476 2340 legionibus.
507 2267 598 2328 Cuius
620 2269 755 2327 adventu
768 2265 903 2327 nuntiato
917 2265 950 2323 L.
966 2264 1053 2323 Plan·

38 2388 40 2393 -
85 2363 148 2423 cus,
165 2349 218 2425 qui
228 2349 401 2423 legionibus
415 2360 564 2427 praeerat,
576 2353 753 2413 necessaria
762 2367 796 2411 re
809 2357 942 2424 coactus,
954 2350 1054 2409 locum

85 2434 165 2509 capit
179 2434 372 2509 superiorem
387 2436 602 2514 diversamque
617 2439 714 2498 aciem
728 2437 759 2496 in
774 2437 851 2496 duas
865 2440 969 2510 partes
983 2450 1055 2493 eon-

83 2519 193 2593 stituit,
216 2534 256 2577 ne
276 2519 314 2578 ab
329 2520 465 2595 equitatu
481 2522 690 2582 circumveniri
705 2527 822 2598 posset.
850 2522 895 2580 Ita
910 2534 1054 2592 congres-

84 2618 136 2663 sus
152 2603 263 2678 impari
283 2620 409 2665 numero
430 2622 558 2681 magnos
574 2608 704 2682 impetus
719 2606 874 2680 legionum
889 2603 1055 2678 equitatus-

85 2704 143 2763 que
157 2688 299 2749 sustinet.
316 2688 485 2752 Commisso
501 2692 539 2751 ab
555 2691 708 2766 equitibus
724 2691 841 2766 proelio
859 2690 947 2763 signa
960 2688 1053 2762 legio-

84 2789 153 2833 num
176 2774 307 2834 duarum
322 2777 429 2849 procul
445 2776 483 2835 ab
504 2776 643 2852 utrisque
659 2776 903 2851 conspiciuntur,
930 2787 1006 2848 quas
1023 2772 1053 2831 C.

82 2856 194 2918 Fabius
215 2858 360 2919 ulteriore
374 2866 468 2934 ponte
490 2862 629 2921 subsidio
647 2862 760 2921 nostris
776 2861 901 2920 miserat
915 2857 1054 2932 suspica-

83 2948 129 3003 tus
151 2945 220 3004 lore
241 2942 273 3002 id
296 2944 378 3017 quod
394 2945 519 3022 accidit,
545 2953 578 3006 ut
593 2947 688 3006 duces
703 2945 949 3005 adversariorum
965 2957 1053 3002 ocea-

84 3028 169 3087 sione
185 3035 216 3087 et
235 3026 386 3089 beneficio
409 3030 548 3090 fortunae
563 3032 602 3090 ad
618 3038 740 3091 nostros
757 3029 975 3104 opprimendos
990 3032 1053 3086 ute-

83 3118 194 3173 rentur.
211 3112 344 3186 Quarum
359 3114 493 3177 adventu
507 3115 657 3190 proelium
673 3114 820 3176 dirimitur
834 3129 870 3174 ac
885 3128 959 3174 suas
974 3118 1054 3175 uter·

82 3212 141 3273 que
154 3198 295 3272 legiones
310 3198 429 3260 reducit
442 3199 472 3258 in
489 3208 598 3260 eastra.

159 3282 237 3342 XLI.
280 3282 326 3343 Eo
351 3282 445 3346 biduo
472 3284 585 3345 Caesar
610 3300 679 3345 eum
704 3283 857 3359 equitibus
883 3280 1052 3359 nongentis
1131 3303 1134 3311 ·

82 3384 161 3445 quos
176 3368 236 3430 sibi
251 3368 406 3444 praesidio
422 3369 603 3445 reliquerat,
624 3369 656 3428 in
672 3376 772 3430 eastra
786 3367 933 3444 pervenit.
961 3367 1052 3441 Pons,

83 3454 134 3533 qui
153 3455 253 3516 luerat
274 3461 456 3529 tempestate
478 3455 680 3533 interruptus,
707 3469 806 3532 paene
827 3452 965 3517 eratrei·
