2272 4176
66 517 108 578 40
364 516 415 576 DE
435 515 559 576 BELLO
584 514 747 575 GALLICO

150 668 240 729 XXII.
263 668 414 728 Instructo
430 669 566 727 exercitu
579 667 676 741 magis
698 673 733 728 ut
752 667 811 727 loci
827 674 937 727 natura
955 669 1037 729 deie-

68 763 198 829 ctusque
214 753 300 813 collis
316 759 346 812 et
360 753 531 811 necessitas
542 751 699 825 temporis,
718 768 810 826 quom
824 758 859 812 ut
871 752 918 811 rei
931 753 1038 812 milito·

68 839 108 897 ris
124 838 201 898 ratio
218 844 310 912 atque
326 837 401 896 ordo
417 835 607 909 postulabat,
633 851 702 895 cnm
717 836 849 896 diversis
864 836 1039 910 legionibus

67 923 145 981 aliae
160 922 219 981 alia
232 922 263 980 in
278 928 364 996 parte
379 919 519 978 hostibus
534 920 728 994 resisterent,
755 919 950 995 sepibusque
966 921 1038 980 den-

67 1006 208 1081 sissimis,
224 1011 257 1065 ut
271 1011 340 1064 ante
355 1002 642 1077 demonstravimus,
669 1004 835 1063 interiectis
850 1010 1040 1080 prospectus

67 1092 268 1166 inpediretur,
285 1102 386 1162 neque
401 1092 484 1146 certa
499 1086 638 1146 subsidia
652 1090 808 1148 conlocari
823 1104 942 1165 neque,
967 1090 1039 1164 quid

67 1175 95 1233 in
119 1190 242 1250 quaque
263 1179 348 1246 parte
370 1187 449 1245 opus
472 1177 570 1245 esset,
600 1173 756 1246 provideri
783 1188 887 1248 neque
912 1173 952 1232 ab
978 1190 1040 1234 nno

68 1260 169 1318 omnin
182 1256 310 1329 imperia
323 1255 527 1314 administrari
541 1260 692 1329 poterant.
724 1257 832 1331 ltaque
846 1258 877 1316 in
892 1264 979 1317 tanta
992 1274 1038 1316 re-

68 1359 133 1403 rum
140 1341 297 1415 iniquitate
305 1341 444 1401 fortunae
453 1354 576 1414 qnoque
588 1347 715 1400 eventus
727 1341 803 1399 varii
816 1341 1038 1416 sequebantur.

147 1424 250 1486 XXIII.
273 1423 416 1498 Legionis
432 1439 532 1483 nonae
549 1428 579 1481 et
593 1425 729 1483 decimae
744 1424 854 1484 milites
871 1426 951 1485 utin
967 1426 1034 1485 sini·

66 1516 128 1570 stra
143 1517 229 1582 parte
244 1508 310 1566 acie
325 1509 536 1579 constiterant,
559 1507 628 1580 pilis
651 1508 772 1568 emissis
789 1524 883 1569 cursu
898 1526 936 1569 ac
950 1510 1034 1570 lassi-

68 1594 169 1654 tudine
184 1592 373 1652 exanimatos
388 1591 631 1665 vulneribusque
646 1594 804 1652 coniectos
818 1594 986 1653 Atrebates
997 1626 1036 1637 -

66 1694 135 1737 nam
147 1677 194 1735 liis
210 1693 247 1735 aa
262 1693 334 1751 pars
351 1677 569 1737 obvenerat-
584 1677 721 1736 celeriter
735 1692 774 1735 ex
789 1679 859 1737 loco
876 1679 1039 1752 superiore

65 1763 95 1821 in
110 1759 224 1819 llnmen
240 1763 442 1836 conpulerunt
463 1766 493 1819 et
512 1758 642 1819 transire
664 1769 811 1822 conantes
826 1762 957 1823 insecuti
973 1765 1035 1837 gla-

67 1846 123 1905 diis
139 1861 280 1919 magnoni
295 1852 412 1920 partem
428 1860 533 1904 eorum
544 1843 711 1918 inpeditam
723 1845 950 1908 interfecerunt.
973 1845 1035 1920 Ipsi

67 1929 194 1989 transire
206 1930 319 1989 llnmen
331 1947 392 1990 non
404 1929 617 1988 dubitaverunt
629 1930 697 1988 etin
710 1930 957 2007 iocuminiquum
966 1947 1034 2005 pro-

66 2015 165 2088 gressi
190 2031 298 2074 rnrsus
320 2014 498 2073 resistentes
520 2013 626 2071 hostes
647 2015 853 2087 redintegrato
871 2014 988 2090 proelio
1005 2016 1034 2075 in

67 2100 168 2173 lugam
189 2099 393 2159 coniecerunt.
422 2099 496 2157 ltem
516 2098 575 2156 alia
596 2097 625 2154 in
640 2105 726 2172 parte
742 2098 884 2158 diversae
899 2100 980 2159 duae
996 2101 1034 2158 le-

66 2184 181 2258 giones,
198 2185 359 2244 undecima
370 2190 400 2243 et
412 2188 528 2255 octava,
544 2180 713 2257 profligatis
721 2183 957 2257 Veromanduis,
970 2184 1033 2258 qui-

66 2268 194 2328 buscum
210 2275 295 2327 erant
310 2268 477 2341 congressi,
494 2282 532 2324 ex
548 2267 615 2325 loco
632 2267 792 2340 superiore
805 2267 835 2326 in
848 2267 926 2342 ipsis
938 2267 1033 2328 ilumi·

66 2352 112 2412 nis
127 2353 202 2426 ripis
219 2352 457 2427 proeliabantur.
486 2352 528 2408 At
545 2350 615 2408 totis
638 2351 701 2409 lere
717 2367 735 2409 o
749 2353 848 2411 lronte
861 2359 894 2411 'et
909 2353 947 2412 ab
963 2351 1033 2412 sini·

65 2442 128 2494 stro
144 2443 228 2508 parte
244 2434 364 2493 nudatis
381 2433 498 2506 castris
516 2449 584 2492 cnm
595 2433 624 2491 in
638 2434 746 2494 dextro
761 2438 946 2510 cornulegio
959 2437 1034 2497 duo-

65 2519 183 2577 decIma
195 2527 224 2578 et
236 2536 297 2578 non
308 2534 418 2592 magno
431 2517 469 2575 ab
481 2532 518 2574 ea
530 2517 688 2578 intervallo
701 2520 1034 2597 septimaconstitisset,

65 2619 170 2663 omnes
186 2603 287 2662 Nervii
303 2600 526 2661 confertissinro
538 2603 657 2675 agmine
669 2604 746 2662 duce
754 2606 967 2679 Boduognato,
984 2607 1035 2682 qui

65 2703 212 2746 summam
233 2687 351 2760 imperii
373 2687 508 2758 tenebat,
537 2687 577 2744 ad
592 2702 660 2745 enm
674 2688 776 2747 locum
792 2692 1034 2759 contenderunt;

65 2788 193 2846 qnorum
216 2788 289 2846 pars
311 2777 418 2845 aperto
433 2772 528 2829 latero
542 2771 679 2844 legiones
695 2772 931 2849 circumvenire,
959 2790 1034 2849 pars

64 2873 213 2916 summum
230 2864 400 2915 castrorum
416 2856 515 2914 locum
531 2862 636 2929 petere
652 2856 763 2929 coepit.

147 2940 253 2999 ΠΝ.
274 2940 391 2999 Eodem
412 2947 550 3013 tempore
572 2941 691 3015 equites
714 2943 809 3002 nostri
833 2943 973 3018 levisque
988 2960 1034 3004 ar·

63 3029 199 3083 maturae
213 3025 342 3098 pedites,
359 3023 410 3099 qui
425 3040 493 3083 oum
508 3024 545 3083 iis
562 3042 623 3083 una
633 3027 761 3099 luerunt,
779 3042 856 3102 quos
869 3028 968 3101 primo
980 3029 1033 3089 ho-

64 3107 283 3182 stiumimpetn
297 3109 407 3183 pulsos
422 3109 574 3181 dixeram,
601 3125 668 3167 cnm
692 3126 726 3167 se
749 3111 778 3169 in
800 3117 901 3170 castra
914 3113 1034 3188 recipe-

64 3200 145 3265 rent,
171 3193 311 3251 adversis
333 3193 473 3253 hostibus
496 3192 697 3253 occurrebant
717 3210 754 3252 ac
774 3211 881 3254 rursus
898 3197 990 3255 aliam
1005 3197 1033 3255 in

65 3279 290 3351 partemlugam
298 3279 450 3352 petebant,
466 3279 636 3348 etcaloneS,
650 3278 700 3351 qni
713 3277 751 3335 ab
765 3279 935 3341 decumana
946 3288 1036 3355 porta

64 3376 100 3420 ac
121 3378 238 3421 summo
260 3362 332 3436 iugo
356 3362 442 3423 collis
465 3368 588 3421 nostros
603 3356 737 3421 victores
753 3362 867 3423 flumen
881 3366 1035 3425 transisse

64 3454 305 3522 conspexerunt,
333 3447 500 3522 praedandi
523 3460 617 3505 causa
632 3447 765 3519 egressi,
792 3465 861 3507 cum
875 3451 1033 3523 respexis-

64 3537 132 3589 sent
148 3540 177 3590 et
191 3532 297 3591 hostes
312 3532 342 3591 ln
358 3532 471 3592 nostris
487 3530 595 3590 castris
610 3531 727 3588 versari
740 3531 898 3606 vidissent,
913 3535 1034 3606 praeci-

65 3612 142 3685 pites
159 3615 249 3688 lngae
265 3631 336 3676 sese
350 3616 545 3676 mandabant.
574 3613 669 3673 Simul
685 3629 805 3691 eorum,
829 3618 880 3691 qui
896 3633 967 3677 cum
981 3619 1034 3678 irn-

65 3697 245 3771 pcdimentis
259 3701 431 3776 veniebant,
449 3703 562 3759 clamor
576 3697 775 3774 fremitusque
791 3701 954 3776 oriebatur,
971 3703 1032 3762 alii·

64 3796 124 3858 qne
139 3783 228 3841 aliam
243 3783 273 3842 in
288 3792 406 3860 partem
420 3782 572 3861 perterriti
586 3781 772 3847 serebantur.
803 3785 920 3862 Quibus
936 3786 1033 3849 omni·
