2272 4176
305 173 464 237 BELLUM
484 172 802 235 ALEXANDRINUM.
979 170 1041 236 325

64 328 104 389 ab
119 327 181 387 illis
196 342 237 386 cx
248 343 335 403 area,
362 343 441 403 quae
456 336 521 388 erat
536 329 687 390 adversus
700 336 841 406 pontem,
857 333 940 388 etex
955 327 1039 387 nari·

64 414 124 474 bus
140 419 249 474 contra
262 414 382 473 molem.

150 497 215 557 XX.
238 496 272 556 ln
292 496 340 557 his
361 496 455 557 rebus
472 506 622 572 occupato
639 496 771 557 Caesare
784 496 957 573 militesque
969 495 1037 557 hor·

64 589 148 645 tante
162 582 313 657 remigum
332 597 462 656 magnus
477 597 622 642 numerus
637 589 667 641 et
682 581 909 643 classiariorum
923 597 962 641 ex
976 581 1040 643 lon·

65 668 113 744 gis
129 666 262 726 navibus
278 665 389 726 nostris
409 667 439 725 in
460 669 571 726 molem
591 683 626 727 se
641 667 738 727 eiecit.
765 665 840 727 Pars
859 680 965 726 eorum
979 674 1041 727 stu·

66 753 118 812 dio
134 751 298 826 spectandi
312 750 480 823 ferebatur,
503 767 575 826 pars
591 752 681 811 etiam
696 750 860 827 cupiditate
873 751 1041 827 pugnandi.

65 836 103 895 lli
126 836 261 911 primum
284 835 407 909 navigia
425 835 557 896 hostitmr
579 835 732 910 lapidibus
754 851 790 895 ac
811 835 914 896 lundis
930 837 1041 896 amole

67 920 259 996 repellebant
280 935 316 978 ac
335 921 462 979 multum
483 920 634 995 proficere
648 920 838 980 multitudine
852 921 982 981 telorum
997 920 1042 980 vi·

67 1006 227 1066 debentur.
243 1001 307 1063 Sed
318 1011 483 1079 postquam
494 1006 572 1064 ultra
583 1021 651 1065 eum
663 1005 765 1065 locum
776 1004 814 1065 ab
829 1006 922 1064 latere
938 1021 1042 1066 eorum

68 1097 176 1165 aperto
192 1089 260 1149 ausi
276 1097 346 1149 sunt
360 1089 464 1163 egredi
478 1105 517 1148 ex
531 1089 660 1149 navibus
674 1089 874 1150 Alexandrini
888 1090 994 1165 pauci,
1009 1098 1043 1151 ut

69 1176 134 1234 sine
151 1174 249 1248 signis
266 1173 420 1249 certisque
436 1174 609 1248 ordinibus,
633 1174 700 1233 sine
720 1175 838 1234 ratione
853 1175 1040 1249 prodierant,

68 1259 113 1319 sic
124 1268 241 1320 temere
255 1257 286 1315 in
301 1273 397 1317 naves
411 1260 517 1333 lugere
531 1266 706 1333 coeperunt.
733 1259 866 1333 Quorum
881 1260 954 1333 luga
968 1259 1041 1319 inci·

69 1345 118 1404 tati
133 1341 335 1403 Alexandrini
350 1344 454 1416 plures
467 1359 506 1402 ex
517 1343 645 1403 navibus
658 1344 892 1417 egrediebantur
902 1350 1041 1404 nostros·

70 1445 129 1502 que
145 1426 247 1487 acrius
263 1427 459 1500 perturbatos
475 1428 724 1503 insequebantur.
754 1428 858 1502 Simul,
875 1429 927 1503 qui
942 1429 972 1488 in
989 1444 1041 1487 na·

71 1513 158 1572 vibus
174 1512 274 1586 longis
289 1519 506 1586 remanserant,
523 1514 624 1572 scalas
638 1528 749 1587 rapere
760 1528 920 1588 navesque
931 1529 949 1573 a
961 1520 1042 1573 terra

69 1598 220 1671 repellere
235 1597 450 1672 properabant,
465 1612 504 1655 ne
515 1596 623 1657 hostes
635 1597 764 1657 navibus
777 1597 955 1671 potirentur.
971 1596 1041 1670 Qui·

69 1681 125 1741 bus
153 1680 296 1741 omnibus
321 1681 414 1740 rebus
440 1680 607 1755 perturbati
626 1680 736 1740 milites
757 1681 852 1741 nostri
875 1681 1041 1742 cohortium

71 1765 173 1837 trium,
203 1781 282 1840 quae
303 1765 333 1823 in
354 1772 447 1840 ponte
469 1782 505 1825 ac
526 1766 624 1840 prima
638 1766 718 1825 mole
733 1766 944 1837 constiterant,
974 1782 1043 1825 cum

70 1857 140 1925 post
162 1866 197 1909 se
220 1852 381 1909 clamorem
403 1850 597 1924 exaudirent,
626 1851 729 1924 fugam
750 1867 876 1911 suorum
895 1851 1041 1922 viderent,

70 1950 212 2009 magnam
230 1934 293 1993 vim
312 1935 442 1994 telorum
457 1935 580 1994 adversi
596 1935 796 2008 sustinerent,
822 1936 923 2008 veriti,
950 1950 989 1994 ne
1004 1934 1042 1994 ab

70 2028 154 2093 tergo
172 2018 463 2078 circumvenirentur
477 2026 506 2079 et
520 2020 664 2080 discessu
675 2020 797 2079 navium
808 2020 931 2080 omnino
943 2020 1042 2081 reditu

69 2103 359 2176 intercluderentur,
384 2104 581 2164 munitionem
605 2106 635 2164 in
660 2112 754 2180 ponte
785 2105 950 2165 institutam
974 2104 1042 2163 reli-

70 2196 203 2263 querunt
220 2195 251 2247 et
269 2204 379 2262 magno
402 2204 493 2249 cursu
513 2189 626 2248 incitati
647 2190 687 2248 ad
701 2205 797 2249 naves
814 2190 1042 2250 contenderunt

70 2272 207 2346 Quorum
221 2289 295 2348 pars
310 2273 466 2348 proximas
478 2282 568 2333 nacta
578 2290 673 2334 naves
686 2274 875 2334 multitudine
886 2274 1043 2334 hominum

69 2366 163 2433 atque
178 2373 271 2417 onere
288 2359 438 2433 depressa
449 2366 505 2432 est,
519 2375 591 2433 pars
602 2360 750 2418 resistens
761 2366 792 2419 et
803 2357 955 2431 dubitans,
968 2356 1044 2433 quid

70 2450 155 2503 esset
170 2443 355 2516 capiendum
371 2443 503 2516 consilii,
520 2444 556 2502 ab
571 2443 787 2503 Alexandrinis
803 2442 964 2502 interiecta
977 2448 1042 2511 est;

68 2527 207 2588 nonnulli
223 2527 358 2587 feliciore
374 2528 457 2587 exitu
472 2528 628 2602 expeditas
644 2528 682 2587 ad
698 2544 841 2588 ancoram
854 2543 949 2587 naves
969 2543 1042 2587 eon·

69 2611 167 2672 secuti
189 2612 358 2672 incolumes
382 2613 604 2686 discesserunt,
633 2611 723 2688 pauci
740 2613 887 2673 adlevatis
904 2612 998 2673 scutis
1013 2617 1044 2671 et

69 2697 170 2757 animo
187 2696 226 2755 ad
244 2697 416 2757 conandum
433 2696 491 2755 nisi
507 2697 545 2755 ad
560 2698 700 2771 proxima
713 2697 836 2771 navigia
852 2697 1042 2757 adnatarunt.

152 2781 232 2841 XXI.
249 2781 369 2855 Caesar,
386 2782 488 2856 quoad
504 2782 601 2856 potuit
626 2782 814 2843 cohortando
827 2797 902 2842 suos
915 2782 955 2842 ad
966 2796 1042 2856 pon·

68 2874 128 2927 tem
144 2883 181 2927 ac
197 2867 382 2926 munitiones
399 2868 562 2939 continere,
580 2867 688 2926 eodem
703 2867 733 2925 in
749 2868 885 2941 periculo
901 2873 1043 2926 versatus

69 2958 131 3020 est;
163 2957 330 3026 postquam
345 2951 507 3011 universos
524 2951 633 3010 cedere
649 2951 874 3024 animadvertit,
901 2951 932 3011 in
953 2966 1042 3011 suum

68 3035 223 3111 navigium
245 3052 280 3095 se
300 3037 425 3110 recepit.
461 3037 525 3109 Quo
550 3035 708 3096 multitudo
728 3035 885 3095 hominum
906 3035 1044 3095 insecuta

69 3136 138 3182 cum
157 3121 348 3195 inrumperet
362 3136 463 3195 neque
479 3120 708 3179 administrandi
722 3136 823 3194 neque
838 3119 1005 3193 repellendi
1025 3135 1044 3179 a

66 3213 148 3267 terra
162 3206 294 3266 facultas
310 3205 441 3279 daretur,
458 3206 532 3276 fore,
550 3205 634 3279 quod
649 3205 767 3277 accidit,
783 3204 960 3277 suspicatus
971 3218 1043 3264 sese

67 3306 105 3351 ex
120 3291 244 3366 navigio
260 3289 350 3349 eiecit
364 3298 456 3365 atque
472 3290 510 3349 ad
526 3305 588 3363 eas,
606 3304 685 3364 quae
700 3287 821 3362 longius
837 3289 1041 3363 constiterant,

66 3390 162 3439 naves
179 3373 347 3437 adnatavit
361 3373 439 3436 Hine
454 3372 519 3435 suis
535 3373 742 3435 laborantibus
758 3372 897 3434 subsidio
909 3376 1041 3449 scaphas

68 3468 187 3525 mtttens
213 3459 384 3525 nonnullos
409 3459 614 3523 conservavit.
641 3458 806 3539 uanam
828 3458 963 3541 qudam
983 3460 1059 3520 eum

450 3688 470 3715 κ’
