2272 4176
66 484 128 548 108
356 486 404 548 DE
424 485 549 548 BELLO
573 487 736 549 GALLlco

64 642 220 719 pertinere
232 646 263 702 et
276 656 333 719 pro
345 642 447 704 nativo
462 657 549 704 muro
565 640 894 703 obiectamCheruscos
910 638 949 699 ab
958 637 1034 701 Sue-

63 726 111 785 vis
138 725 322 803 Suevosque
346 729 385 788 ab
411 727 572 788 Cheruscis
604 727 720 786 iniuriis
744 725 1036 800 incursionibusque

64 810 242 886 probibere:
271 812 311 872 ad
332 813 398 873 cius
420 811 534 871 initium
549 812 644 872 silvae
660 811 780 873 Suevos
795 810 960 871 adventum
973 810 1034 871 Ro·

65 911 221 956 manorum
236 904 400 973 expectare
415 897 619 956 constituisse.

147 981 196 1040 XI.
227 980 374 1055 Quoniam
394 979 534 1040 adhunc
554 983 654 1041 locum
680 987 860 1056 perventum
885 985 948 1053 est,
974 995 1035 1039 non

65 1065 196 1125 alienum
217 1082 288 1125 esse
309 1065 429 1125 videtur
450 1066 488 1123 de
505 1065 618 1125 Galliac
635 1066 876 1141 Germaniaeque
896 1063 1033 1124 moribus

64 1155 95 1208 ct
116 1167 177 1225 quo
199 1150 340 1209 differant
359 1148 417 1209 hae
438 1150 576 1210 nationes
597 1151 675 1210 inter
695 1165 766 1210 sese
787 1164 972 1225 proponere.
1001 1149 1034 1207 In

66 1234 161 1293 Gallia
180 1249 241 1293 non
263 1235 360 1294 solum
383 1234 414 1293 in
435 1234 576 1295 omnibus
598 1235 769 1295 civitatibus
785 1242 878 1310 atquc
893 1234 924 1292 in
940 1232 1033 1293 omni·

64 1319 121 1377 bus
138 1318 225 1393 pagis
241 1320 450 1394 partibusque,
466 1319 523 1378 sed
537 1335 636 1394 paene
650 1320 739 1379 ctiam
751 1318 878 1393 singulis
892 1317 1033 1378 domibus

64 1403 211 1463 factiones
234 1409 319 1477 sunt,
346 1418 512 1478 earumque
533 1404 698 1464 lactionum
718 1403 873 1478 principes
895 1407 968 1462 sunt
982 1401 1032 1477 qui

64 1502 212 1547 summam
233 1487 442 1547 auctoritatem
462 1504 568 1548 eorum
588 1488 699 1549 iudicio
720 1487 834 1547 habere
849 1487 1032 1546 existuman-

64 1577 120 1646 tur,
133 1587 262 1646 quorum
275 1572 315 1631 ad
325 1572 480 1632 arbitrium
494 1572 700 1648 iudiciumque
712 1588 830 1632 summa
842 1572 976 1632 omnium
987 1586 1032 1630 re-

62 1672 129 1716 rum
151 1658 410 1731 consiliorumque
429 1657 544 1716 redeat.
573 1658 680 1733 ltaque
702 1657 767 1716 eius
788 1656 833 1715 rci
849 1672 945 1716 causa
959 1656 1032 1715 anti-

65 1741 166 1817 quitus
182 1741 351 1802 institutum
365 1740 494 1816 videtur,
509 1757 548 1801 ne
563 1741 632 1817 quis
648 1757 686 1801 ex
702 1741 792 1817 plebe
808 1746 913 1801 contra
927 1747 1033 1815 poten-

65 1826 173 1886 tiorem
187 1827 293 1887 auxilii
307 1831 426 1901 egeret:
453 1842 528 1886 suos
544 1827 623 1886 enim
639 1825 771 1902 quisquc
785 1825 916 1902 opprimi
933 1832 964 1886 et
979 1824 1032 1884 cir-

64 1911 231 1971 cumveniri
244 1927 305 1971 non
321 1912 448 1986 patitur,
463 1926 564 1987 neque
579 1912 664 1971 aliter
679 1911 705 1970 si
720 1910 824 1984 faciat,
849 1912 942 1970 ullam
958 1911 1032 1969 inter

64 2012 138 2057 suos
153 1996 246 2056 habet
260 1996 478 2057 auctoritatem.
499 1997 582 2056 Haec
599 1997 705 2056 eadem
719 1997 795 2055 ratio
811 1994 901 2055 estin
917 2010 1032 2054 summa

66 2081 156 2141 totius
173 2082 302 2141 Galliae:
328 2097 460 2157 namque
475 2097 581 2142 omnes
599 2081 735 2141 civitates
751 2081 780 2139 in
796 2087 900 2156 partes
917 2080 1034 2139 divisae

66 2173 135 2226 sunt
151 2167 237 2226 duas.

147 2252 210 2311 Xll.
235 2251 307 2311 Cum
324 2251 435 2311 Caesar
450 2250 480 2309 in
496 2251 620 2309 Galliam
634 2249 732 2324 venit,
754 2249 877 2309 alterius
893 2247 1035 2310 factionis

65 2335 218 2413 principes
241 2341 325 2393 crant
345 2334 478 2408 Haedui,
505 2334 627 2394 alterius
650 2333 794 2409 Sequani.
829 2334 867 2393 Hi
889 2349 958 2393 cum
980 2350 1036 2413 per

66 2437 99 2481 se
113 2420 213 2479 minus
223 2420 367 2491 valerent,
384 2419 467 2493 quod
481 2434 599 2478 summa
613 2418 776 2478 auctoritas
792 2418 957 2493 antiquitus
971 2426 1037 2478 erat

64 2504 94 2565 ln
109 2503 243 2563 Haeduis
259 2517 448 2577 magnaeque
463 2519 569 2564 eorum
584 2507 669 2561 erant
684 2503 849 2577 clientelae,
867 2503 1035 2563 Germanos

64 2596 156 2664 atque
170 2587 357 2647 Ariovistum
371 2587 428 2646 sibi
444 2588 659 2660 adiunxerant,
681 2602 799 2662 eosque
812 2588 852 2647 ad
866 2603 901 2646 se
915 2589 1035 2661 magnis

66 2672 187 2733 iacturis
213 2672 544 2748 pollicitationibusque
568 2672 784 2747 perduxerant.
814 2670 942 2733 Proeliis
957 2689 1034 2734 vero

66 2756 261 2832 conpluribus
290 2757 377 2815 lactis
399 2758 542 2816 secundis
565 2763 657 2832 atque
679 2756 759 2817 omni
782 2756 936 2817 nobilitate
955 2755 1035 2817 Hae-

65 2842 194 2901 duorum
209 2840 366 2899 iuterlecta
380 2847 495 2902 tantum
509 2844 644 2917 potentia
658 2847 901 2915 antecesserant,
923 2848 958 2900 ut
972 2859 1034 2901 ma-

63 2941 154 3001 gnam
168 2932 284 3000 partem
301 2926 453 2985 clientium
468 2927 507 2986 ab
514 2928 650 2988 Haeduis
667 2928 707 2987 ad
721 2943 756 2986 se
770 2928 966 2986 traducerent
981 2927 1035 2986 ob-

64 3012 211 3086 sidesque
232 3011 270 3070 ab
285 3010 321 3070 iis
337 3011 508 3086 principum
523 3013 603 3072 filios
619 3014 793 3087 acciperent
807 3018 837 3071 et
852 3011 975 3086 publice
990 3012 1033 3072 iu-

62 3112 131 3157 rare
147 3102 306 3169 cogerent,
334 3096 405 3155 nihil
422 3112 456 3155 se
472 3104 577 3158 canna
593 3097 754 3174 Sequanos
768 3096 1033 3171 consiliiinituros,

63 3186 94 3241 et
114 3188 229 3256 partem
252 3180 379 3240 finitumi
400 3182 464 3256 agri
485 3183 620 3257 pervim
644 3189 823 3258 occupatam
837 3180 1036 3256 possiderent

65 3266 240 3342 Galliaeque
254 3266 347 3326 totius
363 3266 562 3341 principatum
579 3268 757 3328 obtinerent.
774 3267 838 3340 Qua
852 3267 1035 3325 necessitato

63 3350 214 3413 adductus
229 3350 396 3411 Divitiacus
418 3352 521 3411 auxilii
542 3354 664 3428 petendi
681 3368 775 3412 causa
788 3353 916 3412 Romam
931 3351 970 3408 ad
986 3367 1034 3410 se-

62 3443 165 3494 natum
180 3438 337 3512 profectus
353 3437 530 3511 imperfecta
544 3455 578 3497 rc
591 3438 731 3497 redierat.
766 3436 908 3495 Adventu
924 3433 1032 3496 Cacsa-

63 3520 105 3581 ris
121 3521 200 3580 lacta
215 3522 450 3583 commutatione
465 3539 580 3597 rerum,
608 3521 765 3583 obsidibus
781 3520 916 3579 Haeduis
931 3521 1033 3579 reddi·

64 3604 116 3678 tia,
141 3607 296 3667 veteribus
324 3608 470 3667 clientelis
495 3607 657 3680 restitutis,
681 3605 769 3664 novis
796 3621 851 3679 per
872 3606 1033 3665 Caesarem

64 3691 254 3764 comparatis,
272 3693 354 3766 quod
369 3693 408 3767 bi,
426 3693 478 3768 qui
493 3709 528 3752 sc
542 3692 581 3751 ad
596 3707 702 3751 eorum
716 3689 875 3749 amicitiam
885 3691 1033 3765 adgrega-

61 3781 177 3853 vcrant,
192 3774 317 3836 meliore
334 3777 515 3839 condicione
529 3782 621 3852 atque
636 3774 782 3851 aequiore
797 3775 924 3850 imperio
940 3791 975 3837 se
989 3777 1032 3837 uti
