2272 4176
65 432 129 498 294
378 434 428 494 DE
450 431 573 493 BELLO
596 432 712 495 ClVlLl

67 587 213 649 caderent
223 588 370 665 secunda,
386 589 537 649 fortunam
551 603 623 649 esse
636 587 791 650 industria
805 587 1030 655 sublevandum
1063 576 1066 631 l

67 672 155 749 Quod
169 678 254 733 esset
267 678 427 749 acceptum
448 673 631 749 detrimenti,
659 673 799 735 cuiusvis
819 674 924 749 potius
948 692 1030 752 quau
1062 717 1065 725 -

66 772 142 819 suae
157 758 265 833 culpae
280 758 392 818 debere
404 757 502 818 tribui.
517 758 632 819 Locum
646 774 682 818 se
693 774 829 835 aequum
839 759 880 819 ad
893 760 1030 821 dimican-

68 845 139 904 dum
154 843 295 917 dedisse,
311 843 440 918 potitum
454 858 526 903 esse
541 842 674 904 hostium
689 843 811 919 castris,
827 840 988 919 expulisse
1000 860 1031 905 ac

67 942 234 1003 superasse
248 933 430 1002 pugnantes.
454 925 516 987 Sed
531 927 597 988 sive
611 928 750 1003 ipsorum
767 929 958 1003 perturbatio
973 930 1031 990 sivo

66 1029 151 1072 error
172 1011 282 1085 aliquis
300 1012 367 1072 sive
382 1012 472 1071 etiam
486 1012 609 1072 fortuna
622 1019 740 1088 partam
755 1013 816 1073 iarn
831 1021 1030 1088 praesentem

67 1112 126 1172 que
140 1094 297 1155 victoriam
313 1096 582 1172 interpellavisset,
598 1097 729 1156 dandam
744 1097 889 1159 omnibus
904 1113 1029 1173 operam,

65 1188 99 1241 ut
123 1187 281 1255 acceptum
305 1181 530 1241 incommodum
555 1182 663 1241 virtute
688 1182 864 1243 sarciretur.
901 1182 987 1257 Quod
1008 1182 1030 1242 si

67 1271 150 1326 esset
169 1267 295 1339 factum,
328 1266 540 1325 detrimentum
566 1266 597 1324 in
617 1266 732 1326 bonum
756 1273 908 1343 verteret,
933 1266 975 1328 uti
997 1266 1031 1325 ad

67 1349 247 1423 Gergoviam
262 1350 432 1424 accidisset,
448 1356 540 1429 atque
555 1350 598 1433 ei,
609 1351 660 1425 qui
674 1357 744 1411 ante
760 1351 910 1412 dimicare
924 1351 1030 1412 timuis·

66 1441 148 1510 sent,
174 1435 252 1494 ultro
268 1450 303 1493 se
320 1434 436 1509 proelio
453 1434 607 1495 offerrent.
677 1429 680 1443 ²

16 1592 19 1597 Ι
148 1517 279 1577 LXXIV.
310 1520 375 1579 Hac
399 1518 502 1578 habita
527 1519 669 1579 contione
688 1520 858 1580 nonnullos
873 1520 1030 1596 signiferos

65 1602 230 1678 ignominia
250 1604 366 1664 notavit
380 1619 417 1663 ac
431 1606 499 1664 loco
515 1605 617 1665 movit.
645 1603 802 1663 Exercitui
816 1605 945 1680 quidem
959 1602 1030 1666 omni

66 1694 166 1748 tantus
188 1687 314 1748 incessit
335 1703 374 1747 ex
395 1688 589 1749 incommodo
605 1689 693 1748 dolor
707 1694 890 1764 tantumque
905 1689 1031 1749 studium

65 1772 206 1833 infamiae
221 1772 414 1847 sarciendae,
439 1780 472 1832 ut
487 1787 576 1833 nemo
592 1778 644 1843 aut
656 1772 768 1833 tribuni
783 1779 837 1833 aut
852 1773 1030 1835 centurionis

65 1856 224 1932 imperium
244 1857 434 1918 desideraret
454 1864 483 1916 et
504 1857 562 1916 sibi
581 1857 712 1933 quisque
727 1857 818 1918 etiam
832 1873 957 1932 poenae
970 1859 1030 1920 ioco

66 1942 223 2017 graviores
249 1941 412 2016 inponeret
435 1941 557 2001 labores
584 1943 736 2017 simulque
764 1956 876 2002 omnes
897 1943 1031 2003 arderent

67 2028 230 2102 cupiditate
244 2027 416 2102 pugnandi,
443 2042 510 2085 cum
532 2026 700 2101 superioris
723 2026 813 2085 etiam
828 2027 951 2088 ordinis
965 2043 1030 2088 non-

66 2113 139 2171 nulii
158 2112 275 2172 ratione
296 2111 424 2185 permoti
446 2112 629 2169 manendum
650 2126 686 2170 eo
708 2112 777 2170 loco
793 2119 825 2170 et
838 2127 905 2171 rem
921 2113 1030 2187 proelio

67 2197 310 2256 committendam
325 2195 539 2255 existimarent.
568 2194 678 2255 Contra
691 2209 728 2253 ea
743 2195 859 2255 Caesar
872 2211 976 2271 neque
989 2213 1031 2257 sa·

68 2282 104 2341 tis
118 2281 259 2340 militibus
273 2280 440 2354 perterritis
453 2279 625 2339 confidebat
636 2279 831 2354 spatiumque
841 2280 1029 2356 interponen-

67 2366 137 2425 dum
153 2366 193 2423 ad
213 2365 399 2425 recreandos
415 2364 533 2424 animos
550 2364 676 2438 putabat
690 2372 719 2423 et
733 2364 848 2424 relictis
865 2363 1030 2427 munitioni·

66 2449 122 2508 bus
138 2464 325 2522 magnopere
338 2450 383 2508 rei
397 2448 610 2508 frumentariae
625 2448 755 2507 timebat.

126 2532 240 2591 LXXV.
256 2534 361 2608 ltaque
373 2534 455 2592 nulia
468 2532 648 2608 interposita
661 2548 746 2591 mora
757 2532 937 2594 sauciorum
947 2534 1032 2595 mods

66 2627 96 2678 et
116 2633 276 2691 aegrorum
297 2617 400 2677 habita
419 2617 537 2677 ratione
557 2616 775 2691 impedimenta
797 2620 903 2678 omnia
917 2619 1032 2679 silentio

65 2703 164 2777 prima
177 2710 267 2762 nocte
281 2718 320 2760 ex
336 2701 444 2761 castris
458 2701 653 2776 Apolloniam
668 2701 834 2776 praemisit.
863 2703 951 2763 Haec
967 2720 1032 2764 con-

67 2788 225 2862 quiescere
241 2795 310 2846 ante
324 2787 380 2845 iter
397 2787 567 2845 confectum
582 2785 685 2846 vetuit.
700 2785 754 2844 His
769 2802 832 2845 una
845 2787 929 2862 legio
945 2788 1035 2848 missa

65 2871 219 2946 praesidio
236 2878 291 2931 est.
319 2871 373 2929 His
395 2869 547 2945 explicitis
567 2868 660 2930 rebus
675 2870 752 2929 duas
768 2869 799 2928 in
815 2872 928 2932 castris
944 2874 1034 2948 legio-

66 2972 120 3015 nes
135 2955 269 3030 retinuit,
291 2955 426 3030 reliquas
448 2954 486 3013 de
502 2961 609 3030 quarta
622 2953 725 3028 vigilia
740 2955 952 3030 compluribus
967 2974 1034 3033 por-

64 3042 102 3100 tis
125 3042 249 3100 eductas
272 3040 380 3100 eodem
400 3038 506 3098 itinere
528 3038 685 3114 praemisit
699 3054 859 3114 parvoque
875 3042 979 3116 spatio
993 3041 1032 3101 in·

66 3125 214 3198 termisso,
231 3132 263 3185 ut
277 3132 306 3185 et
320 3123 447 3182 mititare
462 3124 630 3183 institutum
645 3130 820 3183 servaretur
834 3130 866 3183 et
881 3141 975 3199 quam
988 3142 1034 3187 se-

66 3209 185 3268 rissime
206 3209 271 3268 eius
294 3208 441 3284 profectio
465 3214 718 3281 cognosceretur,
744 3210 933 3269 conclamari
951 3210 1035 3272 iussit

64 3294 226 3369 statimque
241 3310 385 3369 egressus
402 3301 431 3352 et
446 3294 645 3353 novissimum
660 3307 768 3366 agmen
785 3301 974 3356 consecutus
988 3311 1034 3355 ce

65 3379 166 3438 feriter
190 3395 229 3437 ex
256 3385 423 3451 conspectu
448 3386 617 3438 castrorum
643 3377 795 3436 discessit.
835 3377 945 3454 Neque
963 3394 1034 3439 vero

63 3459 227 3536 Pompeius
269 3463 388 3537 cognito
412 3464 539 3523 consilio
561 3463 627 3522 eius
648 3476 764 3520 moram
785 3462 879 3521 ullam
902 3463 942 3524 ad
957 3464 1032 3524 inse

67 3548 219 3618 quendum
234 3548 346 3617 intutit;
364 3548 419 3607 sed
435 3548 542 3607 endem
558 3552 718 3622 spectanS,
744 3544 770 3604 si
784 3545 895 3606 itinere
909 3547 1035 3623 impedi-

66 3632 114 3688 tos
129 3632 305 3703 perterritos
320 3631 552 3706 deprehendere
566 3637 688 3706 posset,
711 3630 879 3690 exercitum
895 3646 913 3691 e
928 3632 1033 3693 castris

66 3710 171 3773 eduxit
197 3716 424 3789 equitatumque
449 3716 606 3792 praemisit
632 3715 672 3774 ad
698 3715 902 3776 novissimum
928 3732 1030 3792 agmen
