2272 4176
71 444 135 512 190
370 445 421 509 DE
441 443 565 508 BELLO
588 443 751 508 armico

71 603 208 678 tingeret,
223 599 253 661 in
268 598 375 661 itinere
389 600 535 677 audierat,
549 606 649 661 tamen
665 615 726 661 non
740 597 842 659 minus
855 597 969 659 iustam
983 596 1043 661 eid

71 703 194 749 causam
208 684 374 761 municipia
391 692 422 745 et
436 686 572 748 colonias
588 684 721 747 adeundi
736 682 937 759 existimavit,
957 688 993 744 ut
1005 682 1042 745 lia

70 772 183 847 gratias
201 778 319 846 ageret,
346 771 429 846 quod
453 770 656 847 frequentiam
680 775 773 846 atque
798 767 935 829 ollicium
955 783 1043 829 suum

71 857 203 917 Antonio
228 855 467 931 praestitissent,
491 855 642 932 simulque
667 870 703 914 se
728 859 760 914 et
783 852 934 914 honorem
954 868 1042 914 suum

71 941 227 1017 sequentis
248 939 319 1000 anni
340 940 580 1015 commendaret,
613 946 779 1016 propterea
803 938 888 1014 quod
908 937 1041 999 insolen-

70 1034 116 1087 ter
130 1024 298 1086 adversarii
319 1025 367 1085 sui
381 1024 585 1099 gloriarentur
598 1024 632 1085 L.
646 1025 807 1085 Lentulum
821 1028 853 1083 et
867 1022 899 1083 (l.
914 1021 1040 1082 Marcel·

70 1111 132 1170 lum
147 1111 290 1171 consules
307 1116 436 1185 creatos,
452 1108 504 1186 qui
519 1125 639 1171 omnem
653 1109 802 1170 honorem
816 1113 847 1168 et
860 1106 1041 1182 dignitatem

71 1195 210 1256 Caesaris
235 1195 416 1270 spoliarent,
448 1202 585 1270 ereptum
613 1193 678 1254 Ser.
702 1193 815 1255 Galbae
840 1194 1041 1266 consulatum,

70 1295 139 1339 cum
159 1281 186 1339 is
208 1281 301 1341 multo
322 1281 392 1354 plus
413 1279 510 1354 gratia
530 1277 747 1355 suffragiisque
766 1276 932 1353 valuisset,
960 1275 1042 1353 quod

70 1364 128 1424 sibi
150 1364 330 1426 coniunctus
353 1370 383 1424 et
399 1363 600 1425 familiaritate
620 1370 651 1425 et
671 1361 895 1425 'consuetudine
915 1360 1040 1439 legatio·

71 1448 118 1508 nis
134 1454 226 1509 esset.

152 1532 199 1591 LI.
241 1533 398 1609 Exceptus
424 1540 472 1594 est
491 1532 631 1593 Caesaris
658 1533 808 1594 adventus
834 1531 873 1592 ab
900 1529 1039 1592 omnibus

69 1617 242 1693 municipiis
265 1624 294 1677 et
316 1617 444 1678 coloniis
469 1617 640 1678 incredibili
664 1618 783 1680 honore
808 1622 903 1692 atque
926 1630 1030 1677 amore

68 1704 143 1764 Tun
167 1703 297 1778 primum
323 1703 402 1763 enim
432 1701 575 1763 veniebat
598 1702 636 1763 ab
661 1704 712 1766 illo
737 1701 902 1764 universae
927 1699 1038 1761 Galliac

68 1787 158 1849 hello.
194 1788 272 1847 Nihil
286 1787 529 1864 relinquebatur,
556 1788 641 1867 quod
659 1787 699 1847 ad
720 1793 859 1848 umatum
873 1791 1037 1862 portarum,

69 1872 216 1948 itinerum,
231 1875 368 1933 loeormn
385 1866 532 1946 omnium,
554 1888 615 1947 qua
628 1872 741 1934 caesar
753 1870 850 1932 iturus
861 1876 937 1945 erat,
949 1886 1036 1931 exeo

68 1957 155 2032 gitari
176 1964 304 2034 poterat.
335 1957 408 2018 cum
422 1956 526 2017 liberis
542 1956 640 2019 omnis
655 1958 815 2020 multitudo
831 1955 955 2018 obviam
969 1970 1034 2031 pro·

69 2042 209 2118 cedebat,
242 2042 362 2104 hostiae
391 2041 531 2103 omnibus
559 2042 637 2103 locis
664 2042 913 2118 immolabantur,
949 2039 1036 2101 tricli-

69 2126 126 2187 niis
156 2128 258 2187 stratis
287 2129 353 2188 lora
380 2129 556 2202 templaque
577 2129 820 2205 occupabantur,
850 2133 884 2190 ut
908 2127 961 2187 vel
987 2139 1032 2185 ex·

67 2213 266 2286 pectatissimi
299 2211 443 2287 triumphi
477 2212 591 2273 laetitia
622 2213 760 2290 praecipi
786 2217 906 2290 posset
945 2211 1036 2272 Tanta

68 2304 132 2357 erat
145 2297 369 2376 magnificentia
381 2296 465 2372 apud
480 2298 698 2375 opulentiores,
718 2298 869 2375 cupiditas
886 2296 973 2372 apud
985 2293 1038 2355 hu·

68 2381 210 2442 mitiores.

148 2467 209 2525 LII.
244 2465 316 2525 Cum
342 2482 449 2527 omnes
473 2467 617 2542 regiones
644 2468 760 2529 Galliae
783 2473 906 2543 togatae
927 2466 1038 2528 Caesar

67 2549 326 2625 percucurrisset,
352 2567 471 2612 summa
493 2554 646 2615 celeritate
661 2554 701 2615 ad
716 2553 884 2613 exercitum
897 2551 1036 2613 Nemeto·

67 2649 195 2694 cennam
208 2634 297 2695 rediit
311 2636 544 2712 legionibusque
556 2655 595 2698 ex
607 2638 748 2699 omnibus
760 2636 897 2697 hibernis
909 2636 1038 2698 adfines

65 2720 266 2781 Treverorum
288 2721 423 2781 evocatis
445 2737 482 2781 eo
504 2723 661 2796 proiectus
683 2729 731 2784 est
752 2722 856 2797 ibique
870 2721 1038 2783 exercitum

66 2805 212 2866 'ustravit
256 2806 288 2864 Τ.
308 2805 475 2865 Labienum
497 2806 612 2867 Galliae
636 2811 758 2883 togatae
782 2806 948 2884 praefecit,
978 2822 1037 2883 quo

65 2889 179 2949 maiore
194 2890 455 2951 commendatione
472 2891 683 2953 conciliaretur
705 2893 744 2951 ad
767 2892 947 2952 consulatus
961 2891 1037 2969 peti·

64 2973 185 3035 tionem.
227 2976 299 3050 lpse
318 2981 432 3036 tantum
453 2975 593 3036 itinerum
617 2975 763 3049 iaciebat,
790 2981 936 3051 quantum
963 2975 1037 3037 satis

65 3074 137 3119 esse
151 3060 190 3119 ad
205 3060 402 3120 mutationem
416 3063 554 3121 locorum
568 3068 695 3137 propter
710 3061 920 3121 salubritatem
934 3060 1036 3123 existi·

64 3146 174 3204 mabat.
203 3144 248 3203 lbi
264 3161 449 3220 quamquam
463 3146 571 3205 crebro
587 3146 733 3205 audiebat
745 3144 914 3204 Labienum
928 3147 968 3206 ab
983 3144 1036 3206 ini-

65 3229 150 3289 micis
173 3228 237 3289 suis
261 3229 416 3289 sollicitari
438 3231 609 3306 certiorque
631 3230 723 3290 fiebat
743 3229 775 3288 id
795 3230 845 3304 agi
866 3245 1037 3305 paucorum

65 3313 215 3390 consiliis,
239 3320 272 3374 ut
292 3314 473 3389 interposita
491 3323 616 3375 senatus
638 3314 817 3375 auctoritate
833 3314 936 3391 aliqua
950 3321 1037 3391 parte

64 3400 216 3461 exereitus
232 3399 435 3475 spoliaretur,
459 3407 559 3460 tamen
581 3415 682 3476 neque
703 3400 742 3458 de
755 3398 891 3461 Labieno
908 3398 1038 3461 credidit

65 3483 228 3560 quicquam
242 3500 358 3561 nequo,
389 3491 494 3546 conda
508 3494 633 3546 senatus
649 3483 859 3545 auctoritatem
873 3491 907 3545 ut
921 3482 1036 3560 aliquid

64 3566 191 3645 laceret,
218 3570 315 3645 potuit
335 3569 456 3630 adduci.
490 3570 648 3631 Iudicabat
663 3570 740 3630 enim
756 3568 859 3628 liberis
875 3567 1034 3631 sententiis

64 3658 182 3728 patrum
196 3655 440 3730 conscriptorum
454 3671 579 3717 causam
593 3671 681 3716 suam
695 3654 785 3714 facile
799 3653 947 3716 obtinere.
961 3654 1034 3715 Nam

63 3735 94 3797 c.
111 3736 215 3805 Curio,
240 3740 380 3802 tribunus
393 3740 510 3819 plebis,
525 3755 594 3804 cum
609 3739 749 3802 Caesaris
766 3755 893 3803 causam
906 3739 1035 3817 diguita-

193 3996 285 4026 Δ
