2272 4176
340 124 383 163 ux
403 123 568 166 ursronns
591 122 790 165 uxounrrnn.
997 108 1056 167 115

10 314 13 319 -
71 274 214 353 quoniam
238 271 403 334 defectione
431 273 578 332 sociorum
607 278 635 330 11
657 272 768 332 Sertori
787 289 841 349 per
862 274 968 332 montis
989 272 1058 350 luga

71 373 172 435 neque
187 373 277 416 manu
293 363 407 417 certare
422 362 544 433 possunt
558 372 655 433 neque
672 356 751 415 utilia
767 373 880 432 parare.
903 355 1058 417 Exercitus
1092 356 1109 404 ⁷

71 442 103 501 iu
125 440 193 499 Asia
215 438 371 518 Ciliciaque
388 439 426 499 ob
447 441 550 499 nimias
569 457 639 517 opes
657 440 828 499 Mithridatis
849 439 976 507 aluntur,
997 439 1057 500 llla·

72 523 198 584 redonis
220 521 307 600 plena
328 522 456 583 hostium
479 530 531 592 est,
554 540 609 582 nec
631 525 727 583 minus
744 522 842 582 ltaliae
856 525 1010 583 marituma
1029 531 1059 584 et

31 668 34 673 ,
50 626 63 665 s
71 608 302 684 provinciarum,
319 625 387 667 oum
403 609 520 668 interim
535 607 683 683 vectigalia
699 624 789 683 parva
804 612 832 665 et
846 606 930 666 bellis
945 610 1058 667 ineerta

71 690 121 751 vix
143 697 257 768 partem
280 697 451 767 sumptuum
470 692 627 750 sustinent:
651 692 690 750 ita
706 689 806 757 classe,
829 709 904 768 quae
922 708 1057 751 conmea-

71 781 122 835 tus
142 774 291 844 tuebatur,
313 776 428 834 minore
450 791 538 852 quam
555 779 639 834 antea
658 775 836 852 navigamus.
857 774 937 834 llaec
952 776 976 832 si
991 773 1057 833 dolo
1092 789 1109 840 8

73 864 125 918 eut
151 857 287 919 socordia
316 864 416 917 nostra
439 862 588 917 contracta
609 864 691 927 sunt,
726 859 801 934 agite
828 863 861 916 ut
883 864 983 919 monet
1002 859 1055 923 ira,

73 940 251 1020 subplicium
266 943 388 1001 sumite:
410 943 455 1001 sin
469 940 588 1000 fortuna
605 942 768 1001 communis
783 944 914 1017 asperior
931 947 983 1009 est,
1000 957 1057 1018 qua

23 1036 107 1085 ··mrc
123 1025 242 1101 indigna
257 1024 339 1085 vobis
353 1024 498 1102 uobisque
516 1030 544 1084 et
558 1042 591 1084 re
608 1023 725 1101 publica
736 1025 879 1101 incipitis?

147 1109 254 1187 ·Atque
276 1125 345 1185 ego,
373 1109 456 1169 cuins
481 1108 566 1168 aetati
588 1125 669 1168 mors
688 1110 810 1190 propior
837 1114 893 1176 est,
921 1124 981 1166 nou
1006 1106 1057 1167 de·
1091 1117 1108 1170 9

73 1209 198 1270 precor,
221 1192 333 1272 siquid
355 1209 389 1251 11
409 1191 490 1252 vobis
511 1192 688 1252 incommodi
710 1191 852 1252 demitur:
873 1209 970 1270 neque
988 1208 1057 1250 mox

10 1318 17 1325 -
74 1278 104 1335 in
124 1277 207 1337 senio
219 1277 353 1355 corporis
374 1275 525 1337 honestius
548 1293 636 1353 quarn
657 1293 712 1353 pro
734 1282 832 1336 vostra
854 1275 946 1336 salute
967 1274 1057 1334 finem

10 1376 13 1383 ·
74 1360 150 1419 vitae
171 1359 302 1421 lecerim.
344 1358 454 1420 Adsum
475 1377 511 1419 en
535 1361 624 1421 Gaius
642 1359 724 1419 Cotta
746 1359 860 1419 consul:
884 1360 958 1419 facio
979 1358 1057 1436 quod
1076 1369 1109 1419 1⁰

10 1452 164 1521 ..υ-,1111111
184 1445 311 1504 maiores
339 1444 450 1520 asperis
469 1442 552 1503 bellis
579 1443 692 1504 secere:
730 1459 820 1500 voveo
844 1441 977 1519 dedoque
1009 1459 1057 1499 me

73 1543 130 1603 pro
155 1544 189 1587 re
215 1526 342 1606 publica.
394 1526 488 1597 Quam
516 1526 621 1587 deinde
649 1528 696 1588 eui
723 1525 866 1585 mandetis
887 1524 1057 1600 circumspi-

74 1611 145 1670 cite:
176 1626 244 1670 nam
265 1608 353 1670 talem
372 1609 516 1671 honorem
537 1609 633 1670 honus
655 1627 741 1670 nemo
762 1609 854 1678 volet,
877 1626 944 1668 cum
965 1607 1057 1665 lortu·
1076 1611 1107 1664 ll

72 1710 129 1753 nae
150 1698 179 1754 et
200 1695 291 1754 maris
311 1699 341 1754 et
355 1692 424 1753 belli
446 1692 483 1753 ah
504 1693 566 1753 aliis
587 1696 643 1754 acti
663 1695 737 1753 ratio
756 1692 909 1752 reddunda
929 1696 979 1751 aut
994 1698 1057 1750 tur-

10 1808 29 1853 ·.
71 1778 151 1855 piter
169 1776 359 1837 moriundum
383 1778 428 1836 sit.
451 1776 578 1837 Tantum
592 1778 680 1837 modo
693 1777 722 1835 in
734 1777 836 1836 animis
850 1774 987 1835 habetote
998 1791 1057 1833 non
1077 1780 1109 1831 12

11 1916 14 1921 .
35 1874 122 1921 rome
137 1858 177 1921 ob
192 1860 288 1921 scelus
310 1865 360 1919 eut
381 1862 531 1920 avaritiam
551 1878 678 1929 caesum,
701 1866 746 1920 set
761 1859 906 1920 volentem
921 1876 976 1936 pro
996 1876 1057 1917 ma·

71 1946 171 2006 xnmis
188 1943 330 2004 benificiis
347 1945 474 2004 animam
495 1943 572 2003 dono
598 1944 720 2005 dedisse.
757 1943 815 2004 Per
836 1961 896 2010 vos,
920 1941 1056 2011 Quirites,
1076 1945 1110 1999 m

72 2035 104 2089 et
129 2026 254 2104 gloriam
280 2029 442 2096 maiorum,
466 2027 590 2088 tolerate
611 2029 748 2096 advorsa,
783 2033 812 2087 et
839 2025 980 2087 consulite
1013 2026 1058 2084 rei

69 2110 219 2190 publicae.
246 2111 336 2172 Multa
358 2130 429 2173 cura
448 2128 563 2172 summo
584 2113 697 2188 inperio
717 2112 801 2179 inest,
824 2109 907 2171 multi
925 2112 1058 2187 ingentes
1077 2114 1109 2165 14

69 2194 201 2256 labores,
243 2194 323 2265 Quos
345 2196 524 2274 nequiquam
544 2194 684 2264 abnuitis,
715 2200 744 2254 et
775 2196 855 2272 pacis
878 2192 1057 2271 opulentiam

20 2279 223 2357 ²squaeritis
247 2295 315 2338 cum
343 2297 445 2339 omnes
469 2279 635 2356 provinciae
660 2294 762 2354 regna,
790 2279 883 2337 maria
900 2284 1058 2354 terraeque

71 2380 181 2442 aspera
201 2368 253 2422 aut
271 2360 348 2422 lessa
367 2361 452 2422 hellis
470 2366 536 2423 sint.

278 2547 416 2623 Epistola
439 2548 493 2606 Gn.
504 2548 627 2622 Pompei
647 2547 690 2606 ad
708 2551 852 2606 senatum.

19 2706 61 2755 ao
162 2696 345 2759 Siadvorsus
361 2716 412 2759 vos
434 2700 617 2778 patriamque
638 2704 666 2759 et
689 2698 759 2759 deos
779 2699 892 2775 penatis
911 2702 954 2755 tot
976 2692 1057 2754 laho-
1093 2700 1107 2751 1

71 2797 124 2841 res
137 2788 168 2842 et
179 2780 309 2858 pericula
328 2785 536 2861 suscepissem,
556 2783 689 2861 quotiens
707 2800 723 2841 a
744 2783 838 2859 prima
861 2779 1057 2840 adnleseentia

72 2864 166 2925 ductu
193 2882 261 2925 meo
281 2865 489 2945 scelestissumi
502 2866 601 2926 hostes
620 2865 678 2925 lusi
689 2872 718 2926 et
733 2864 814 2925 vohis
829 2863 906 2924 salus
927 2864 1058 2942 quaesita

72 2954 129 3016 ost,
142 2946 214 3007 nihil
233 2947 357 3025 amplius
369 2951 399 3010 in
421 2950 573 3010 absentem
591 2967 639 3009 me
659 2948 830 3008 statuissetis
853 2966 940 3026 quam
961 2947 1057 3006 adhuc

71 3030 174 3106 agitis,
202 3038 301 3108 patres
323 3035 496 3112 conscripti:
516 3049 603 3111 quem
624 3037 726 3092 eontra
748 3037 873 3093 aetatem
893 3033 1057 3107 proiectum
1080 3078 1087 3089 .

25 3128 60 3173 ss
71 3113 110 3173 ad
132 3111 243 3173 bellum
257 3117 467 3177 saevissumum
479 3135 547 3177 oum
558 3118 690 3176 exercitu
705 3122 823 3193 optume
836 3116 950 3182 merito,
965 3131 1056 3191 quan·

69 3205 138 3256 tum
161 3199 370 3267 enimvobis,
400 3199 486 3269 lame,
509 3202 683 3261 miserruma
708 3200 838 3260 omnium
861 3204 965 3266 morte,
987 3214 1056 3256 con·

70 3280 192 3340 lecistis.
215 3280 278 3343 Hac
296 3284 326 3342 in
347 3300 399 3360 spe
417 3283 544 3360 poprdus
556 3283 706 3343 Romanus
728 3282 837 3342 liberos
852 3298 921 3340 suos
942 3281 978 3340 ad
995 3279 1057 3340 bel·
1091 3290 1109 3341 2

67 3360 135 3423 lum
155 3364 253 3424 misit?
269 3365 344 3426 lmec
364 3372 433 3426 sunt
446 3369 576 3443 praemia
597 3384 653 3443 pro
668 3365 837 3427 volneribus
850 3369 879 3424 et
893 3366 1001 3424 totiens
1019 3363 1056 3423 oh

869 3453 916 3520 Q*
