2302 4192
458 167 573 231 LIBER
593 168 615 231 1.
966 162 1024 229 tat

54 320 222 400 Pompeius
244 323 352 384 codem
372 318 438 397 illa,
464 337 543 398 quae
564 337 619 396 per
642 318 817 395 Scipionem
842 321 1026 396 ostenderat,

54 409 135 483 agit3
158 413 282 471 senatus
299 408 437 467 virtutem
450 406 712 479 constantiamque
727 405 903 473 conlaudat3
920 404 1026 480 copias

55 508 131 553 suas
146 495 289 568 exponit=
304 493 440 567 legiones
455 491 569 551 habere
585 506 656 551 sese
668 496 792 564 paratas
805 506 853 557 1x3
869 494 1027 564 praeterea

55 577 213 651 cognitum
229 584 479 652 compertmnque
495 576 567 651 sibi,
592 576 689 635 alieno
706 591 776 634 esse
792 574 891 636 animo
906 575 936 633 in
953 573 1025 633 Cac-

55 678 158 722 sarem
172 662 282 721 milites
296 676 397 737 neque
411 661 447 721 iis
463 677 558 737 posse
570 660 766 735 persuaderi,
782 659 824 719 uti
839 675 906 718 eum
923 660 1026 717 delen-

56 747 130 821 dant
146 753 198 807 aut
212 754 379 821 sequantur
395 748 510 805 saltem.
526 746 571 805 Do
586 745 711 819 reliquis
726 745 818 803 rebus
834 745 873 803 ad
888 750 1026 803 senatum

56 831 203 890 refertur:
229 838 293 891 tcta
313 830 399 890 ltalia
420 831 556 889 delectus
580 829 765 897 habeantur3
789 828 921 888 Faustus
944 826 1028 887 Sulla

55 929 193 990 propere
206 915 237 973 in
251 914 461 974 Mauritaniam
476 917 623 982 mittatur3
645 913 777 988 pecunia
797 913 839 973 uti
855 928 893 972 cx
909 911 1026 971 aerario

53 999 205 1073 Pompeio
221 1000 318 1059 datm.
347 1000 488 1061 Refertur
509 1000 598 1058 etiam
619 999 658 1057 de
672 1014 746 1072 rege
760 998 849 1071 Iuba,
876 1005 909 1057 ut
923 997 1026 1056 socius

57 1084 97 1144 sit
111 1092 206 1158 atque
222 1085 355 1143 amicus:
369 1083 531 1143 Marcellus
545 1100 619 1143 vero
632 1099 796 1158 passurum
810 1083 840 1140 in
855 1081 1029 1157 praesentia

55 1176 159 1242 negat.
185 1169 230 1228 De
244 1168 358 1228 Fausto
372 1168 499 1243 impedit
511 1168 678 1242 Philippus,
695 1168 832 1226 tribunus
848 1166 955 1241 plebis.
983 1167 1029 1226 De

54 1252 184 1327 reliquis
200 1253 293 1312 rebus
310 1255 575 1313 senatusconsulta
590 1252 829 1327 perscribuntur.
851 1251 1029 1312 Provinciae

55 1337 187 1412 privatis
203 1337 423 1411 decernuntur,
445 1339 524 1397 durae
540 1338 733 1410 consulares,
758 1337 894 1411 reliquae
910 1343 1026 1410 praeto-

54 1422 132 1480 riae.
162 1420 299 1495 Scipioni
320 1423 443 1482 obvenit
458 1422 563 1501 Syria,
588 1421 621 1480 L.
637 1420 766 1481 Domitio
783 1421 886 1479 Gallia.
916 1420 1026 1495 Philip-

56 1521 118 1581 pus
147 1510 176 1564 et
202 1508 345 1566 consules
371 1509 489 1582 privato
516 1506 644 1568 consilio
670 1511 902 1580 praetereuntur
926 1520 1029 1580 neque

56 1605 165 1651 eorum
180 1598 280 1650 sortes
296 1591 464 1650 deiciuntur
477 1593 506 1650 in
521 1593 657 1667 reliquas
670 1589 853 1665 provincias.
869 1588 1029 1649 Praetores

56 1676 215 1734 mittuntur
228 1691 329 1750 neque
344 1684 521 1751 expectant,
545 1677 628 1751 quod
650 1674 860 1749 superioribus
876 1674 963 1733 annis
980 1689 1029 1733 ac·

57 1759 191 1833 ciderat,
215 1766 249 1818 ut
263 1760 301 1819 de
317 1775 422 1819 eorum
437 1762 562 1836 imperio
579 1761 617 1819 ad
632 1760 779 1835 populum
793 1760 921 1833 feratur,
944 1760 1028 1833 palu-

57 1844 186 1916 datique
200 1844 279 1903 votis
301 1847 482 1919 nuncupatis
505 1851 626 1904 exeunt.
657 1844 804 1904 Consules
820 1859 858 1901 ex
873 1842 948 1901 urbe
960 1859 1029 1918 pro-

58 1927 241 1987 ficiscuntur
255 1929 440 2003 lictoresque
454 1929 567 1989 habent
580 1929 610 1987 iu
625 1929 701 1988 urbe
716 1936 746 1988 et
761 1927 907 2002 Capitolio
920 1925 1028 2002 privati

58 2018 169 2071 contra
184 2013 285 2071 onmia
299 2014 457 2073 vetustatis
473 2016 622 2088 exempla.
638 2015 714 2073 Tota
727 2014 812 2073 ltalia
826 2013 961 2071 delectus
977 2011 1028 2071 ha-

59 2096 185 2169 uentu,
201 2112 284 2155 arma
297 2098 498 2172 imperantur,
521 2097 669 2173 pecuniae
685 2097 888 2171 amunicipiis
904 2097 1030 2171 exigun-

57 2187 116 2255 tur,
134 2196 151 2239 c
166 2180 244 2240 lanis
259 2183 419 2256 tolluntur,
442 2183 542 2244 omnia
556 2183 658 2242 divina
671 2182 864 2258 humanaque
880 2181 946 2241 iura
961 2197 1029 2256 per-

58 2265 239 2324 miscentur.

146 2351 212 2408 Vll.
236 2351 349 2425 Quibus
364 2352 456 2412 rebus
472 2352 721 2426 cognitisCaesar
736 2352 818 2426 apud
832 2351 941 2411 milites
958 2368 1030 2412 con-

56 2435 199 2496 tionatur.
237 2435 374 2496 Omnium
395 2444 567 2512 temporum
587 2437 712 2506 iniurias
734 2436 922 2496 inimicorum
943 2436 973 2494 in
996 2454 1030 2497 se

58 2528 292 2590 commemorat;
319 2538 337 2581 a
359 2521 469 2597 quibus
492 2523 655 2581 deductum
677 2538 712 2580 ac
729 2521 928 2595 depravatum
942 2520 1029 2581 Pom·

58 2604 160 2679 peium
184 2605 320 2678 queritur
340 2607 453 2667 invidia
474 2614 565 2681 atque
586 2606 805 2666 obtrectatione
825 2605 924 2664 laudis
946 2621 1030 2683 suae,

57 2689 145 2749 cuius
169 2688 238 2762 ipse
257 2689 366 2751 honori
388 2697 418 2750 et
439 2691 575 2765 dignitati
590 2706 712 2764 semper
727 2690 835 2750 laverit
849 2691 1031 2767 adiutorque

57 2774 156 2834 luerit.
187 2772 305 2832 Novum
326 2775 357 2833 in
378 2777 535 2849 republica
549 2776 752 2836 introductum
767 2778 941 2851 exemplum
956 2793 1029 2853 que-

10 2925 12 2936 ,
55 2859 140 2931 ritur,
158 2865 192 2917 ut
206 2859 367 2919 tribunicia
382 2860 561 2919 intercessio
580 2860 672 2919 armis
688 2869 843 2920 notaretur
868 2869 959 2937 atque
975 2878 1028 2937 op·

10 2937 14 2980 t
57 2944 250 3022 primerctur‚
265 2962 343 3019 quae
358 2946 568 3020 superioribus
585 2944 671 3004 annis
687 2946 930 3005 essctrestituto.
962 2946 1028 3006 Sul·

10 3048 17 3067 ··
57 3028 114 3087 lam
132 3027 250 3086 nudata
265 3029 405 3089 omnibus
420 3030 512 3089 rebus
529 3029 689 3089 tribunicia
702 3037 854 3105 potestate
868 3036 968 3089 tamen
984 3031 1027 3089 in-

10 3110 12 3125 '
55 3112 277 3172 tercessionem
293 3114 417 3173 liberam
432 3115 611 3188 reliquisse3
635 3113 827 3189 Pompeium,
850 3114 901 3189 qui
916 3115 1028 3177 amissa

57 3198 231 3257 restituisse
245 3198 399 3274 videatur,
423 3199 584 3259 ademisse.
614 3199 892 3273 Quotienscumque
912 3200 952 3258 sit
976 3201 1028 3261 de·

58 3291 188 3355 cretum,
215 3282 324 3343 darent
338 3301 462 3359 operam
479 3284 688 3358 magistratus,
714 3300 752 3343 nc
767 3283 841 3359 quid
854 3284 1028 3359 respublica

55 3366 226 3429 detrimenti
243 3376 366 3443 caperet
380 3378 454 3445 (qua
470 3385 547 3431 voce
562 3376 592 3432 et
615 3386 677 3449 quo
692 3372 972 3433 senatusconsulto
985 3386 1045 3443 po-

10 3453 12 3477 ’
50 3454 143 3523 palus
154 3452 313 3512 Romarm
327 3454 369 3513 ad
382 3471 469 3520 arma
483 3456 525 3522 sit
539 3464 704 3543 vocatus),
718 3462 845 3531 lactum
854 3461 893 3523 in
902 3455 1069 3539 pernicto-
