2302 4192
454 150 571 214 LIBER
591 152 641 215 ΠΙ.
981 156 1044 222 285

66 310 168 371 relato
189 304 328 369 Scaevae
348 304 535 368 centurionis
556 306 680 368 inventa
700 309 822 372 suntin
843 325 881 371 eo
895 311 1043 375 foramina

66 411 140 455 cxx.
167 392 264 468 Quem
275 390 395 467 Caesar,
411 398 444 453 ut
457 397 522 452 crat
536 389 575 451 de
589 407 625 452 se
638 392 763 454 meritus
780 401 810 454 ct
824 396 863 455 do
877 397 1042 473 republica,

67 480 219 540 donatum
231 475 353 535 milibus
369 476 518 549 ducentis,
533 481 627 552 atque
641 478 678 537 ab
695 478 812 540 octavis
829 480 988 542 ordinibus
1003 483 1043 543 ad

66 562 299 640 primipilumsc
310 559 470 621 traducere
482 560 690 635 pronuntiavit
700 564 781 638 (eius
793 565 874 624 enim
886 580 981 641 opera
993 582 1041 627 ca-

66 650 191 709 stellum
205 661 317 720 magna
330 660 369 705 ex
383 651 471 720 parte
486 653 701 708 conservatum
716 663 788 708 csse
803 650 976 723 constabat)
991 667 1041 713 co·

65 732 251 806 hortemque
272 737 382 805 postea
403 730 514 805 duplici
537 729 706 806 stipendio,
728 734 879 796 frumento
894 741 986 809 atque
1001 736 1041 796 ci-

66 817 163 878 bariis
178 814 421 890 militaribusque
435 814 525 874 donis
541 815 728 889 amplissime
744 818 877 879 donavit.

152 900 228 961 LIV.
272 898 436 973 Pompeius
457 905 550 959 noctu
565 900 683 974 magnis
699 901 809 962 additis
824 904 1040 967 munitionibus

65 986 196 1062 reliquis
219 983 328 1044 diebus
349 990 449 1044 turres
470 984 604 1043 extruxit
622 990 653 1044 ct
672 985 703 1044 in
723 987 910 1049 altitudinem
925 991 1039 1064 pedum

67 1069 243 1147 quindecim
259 1065 377 1128 eiicctis
393 1068 537 1143 operibus
548 1068 650 1128 vineis
662 1084 730 1128 cam
742 1080 858 1146 partem
871 1081 1040 1136 castrorum

66 1155 185 1217 obtexit
198 1160 228 1213 et
239 1152 373 1229 quinque
383 1153 564 1213 intermissis
577 1152 686 1213 diebus
698 1156 824 1216 alteram
836 1165 956 1220 noctem
967 1161 1038 1221 sub-

66 1240 202 1301 nubilam
216 1244 324 1297 nactus
340 1237 505 1298 obstructis
517 1238 658 1298 omnibus
671 1247 841 1302 castrorum
852 1244 948 1319 portis
960 1253 990 1306 et
999 1246 1038 1305 ad

65 1322 293 1400 impediendum
306 1321 433 1383 obiectis
445 1323 533 1382 tertia
542 1323 616 1384 inita
626 1323 728 1399 vigilia
739 1325 859 1388 silentio
871 1329 1036 1391 exercitum

65 1408 174 1471 eduxit
187 1414 218 1468 et
231 1422 266 1467 se
280 1405 310 1465 in
326 1407 467 1483 antiquas
482 1407 665 1469 munitiones
679 1410 805 1486 recepit.

148 1492 212 1552 LV.
254 1490 383 1565 Aetolia,
398 1491 580 1568 Acarnania,
600 1493 812 1567 Amphilochis
827 1512 883 1572 per
899 1498 1036 1559 Cassium

67 1577 236 1651 Longinum
250 1583 280 1635 et
295 1575 458 1636 Calvisium
471 1576 626 1652 Sabinum,
641 1584 675 1639 ut
689 1578 973 1658 demonstravimuS,
988 1599 1035 1644 re-

64 1664 164 1738 ceptis
185 1659 390 1735 temptandam
411 1661 468 1720 sibi
487 1660 636 1721 Achaiam
647 1678 684 1723 oc
704 1666 797 1738 paulo
821 1666 941 1740 longius
964 1684 1035 1742 pro-

63 1745 264 1822 grediendtun
286 1743 478 1804 existimabat
492 1745 613 1806 Caesar.
642 1747 749 1823 ltaque
769 1765 806 1809 eo
823 1750 965 1811 Calenum
981 1754 1034 1813 mi-

63 1832 104 1891 sit
125 1830 215 1905 elque
232 1827 379 1889 Sabinum
398 1836 428 1890 et
442 1829 580 1890 Cassium
600 1846 669 1891 cum
690 1832 867 1894 cohortibus
889 1835 1033 1911 adiungit

62 1916 199 1992 Quorum
221 1914 343 1989 cognito
365 1915 499 1975 adventu
517 1915 647 1976 Rutilius
668 1915 789 1993 Lupus,
816 1919 868 1994 qui
887 1919 1033 1981 Achaiam

62 2002 178 2061 missus
186 1997 356 2074 aPompcio
369 1999 532 2075 obtinebat
544 2000 690 2061 Isthmum
697 2004 893 2077 praemunire
900 2004 1033 2080 instituit,

64 2092 98 2147 ut
111 2083 230 2145 Achaia
242 2083 361 2143 Fufium
377 2084 562 2159 prohiberet.
592 2086 721 2147 Calenus
737 2088 883 2164 Delphos,
903 2090 1033 2164 Thebas,

64 2169 290 2230 Orchomenum
310 2169 465 2229 voluntate
485 2169 623 2243 ipsarum
638 2172 790 2233 civitatum
804 2174 935 2249 recepit,
958 2192 1032 2235 non-

62 2256 163 2315 nullas
182 2252 276 2313 urbes
294 2267 350 2328 per
371 2254 429 2312 vim
451 2255 652 2330 expugnavit,
673 2257 809 2333 reliquas
825 2258 961 2319 civitates
977 2260 1033 2319 cir·

62 2336 238 2401 cummissis
252 2336 454 2411 legationibus
469 2339 600 2399 amicitia
615 2340 738 2401 caesari
753 2343 916 2403 concibare
931 2345 1032 2404 stude·

63 2423 124 2485 bat
152 2423 187 2482 In
201 2421 249 2481 his
266 2421 360 2481 rebus
375 2423 438 2481 lere
454 2429 518 2481 erat
529 2424 635 2484 Fufius
651 2434 830 2500 occupatus.

148 2507 224 2566 LVI.
269 2505 415 2567 Omnibus
438 2506 586 2583 deinceps
608 2510 717 2570 diclms
733 2510 846 2571 Caesar
867 2511 1034 2571 exercitum

62 2596 91 2655 in
106 2592 206 2653 aciem
220 2605 352 2667 aequum
367 2591 513 2651 inlocum
528 2593 682 2667 produxit,
697 2594 724 2654 si
737 2594 901 2671 Pompeius
915 2597 1034 2670 proelio

63 2678 223 2739 decertare
243 2677 348 2750 vellet,
369 2683 403 2737 ut
423 2691 523 2751 paene
545 2678 654 2738 castris
667 2677 794 2755 Pompei
808 2680 946 2755 legiones
962 2681 1033 2741 sub-

61 2764 175 2831 iceret;
195 2768 371 2837 tantumque
385 2777 405 2820 a
417 2762 498 2821 vallo
513 2761 579 2821 eius
594 2762 693 2837 prima
706 2764 790 2825 acics
804 2765 918 2837 aberat,
938 2765 981 2825 uti
996 2781 1034 2825 ne

62 2850 121 2909 telo
137 2853 328 2908 tormentovc
343 2846 421 2905 adici
437 2852 554 2921 posset.
582 2846 747 2922 Pompeius
763 2855 863 2911 autem
877 2855 910 2909 ut
923 2850 1033 2909 lamam

61 2932 302 3010 opinionemque
312 2930 468 2992 hominum
479 2938 604 3007 teneret,
620 2934 665 2992 sic
677 2949 734 3007 pro
747 2934 855 2994 castris
868 2935 1035 2995 exercitum

61 3015 282 3090 constituebat,
310 3023 343 3076 ut
363 3016 451 3075 tertia
471 3016 555 3075 acies
575 3018 687 3078 vallum
709 3020 913 3094 contingeret,
936 3021 1034 3079 omnis

61 3102 188 3179 quidem
202 3099 368 3165 instructus
383 3100 536 3161 exercitus
550 3102 620 3162 telis
635 3116 674 3161 ex
685 3105 766 3163 vallo
779 3104 904 3164 abiectis
915 3104 1033 3179 protegi

59 3192 179 3264 posset.

145 3270 236 3331 LVII.
278 3268 363 3329 Ilaec
384 3269 497 3329 cumin
511 3270 630 3331 Achaia
643 3278 736 3346 atque
751 3271 834 3347 apud
848 3271 1032 3349 Dyrrhachi·

57 3358 302 3432 umgercrentur
313 3352 549 3431 Scipionemque
561 3356 591 3415 in
602 3356 815 3417 Macedoniam
825 3356 951 3418 uenisse
961 3373 1033 3418 con-

58 3446 171 3519 staret,
191 3454 254 3500 non
274 3438 386 3503 oblitus
398 3440 523 3521 prl’stini
539 3441 673 3511 instituti
685 3443 803 3509 Caesar
815 3442 975 3509 mttittah
984 3456 1063 3499 eum
