<?xml version="1.0" encoding="UTF-8"?>
<!DOCTYPE html PUBLIC "-//W3C//DTD XHTML 1.0 Transitional//EN"
    "http://www.w3.org/TR/xhtml1/DTD/xhtml1-transitional.dtd">
<html xmlns="http://www.w3.org/1999/xhtml" xml:lang="en" lang="en">
 <head>
  <title>
</title>
<meta http-equiv="Content-Type" content="text/html;charset=utf-8" />
  <meta name='ocr-system' content='tesseract 3.04.00' />
  <meta name='ocr-capabilities' content='ocr_page ocr_carea ocr_par ocr_line ocrx_word'/>
</head>
<body>
  <div class='ocr_page' id='page_1' title='image "./commentarii00caesgoog_0329.png"; bbox 0 0 2272 4176; ppageno 0'>
   <div class='ocr_carea' id='block_1_1' title="bbox 61 496 801 564">
    <p class='ocr_par' dir='ltr' id='par_1_1' title="bbox 61 496 801 564">
     <span class='ocr_line' id='line_1_1' title="bbox 61 496 801 564; baseline -0.007 0"><span class='ocrx_word' id='word_1_1' title='bbox 61 500 124 564; x_wconf 76' lang='lat'>³16</span> <span class='ocrx_word' id='word_1_2' title='bbox 301 500 459 562; x_wconf 83' lang='lat' dir='ltr'>BELLUM</span> <span class='ocrx_word' id='word_1_3' title='bbox 478 496 801 563; x_wconf 83' lang='lat' dir='ltr'><strong>ALEXANDRINUM.</strong></span> 
     </span>
    </p>
   </div>
   <div class='ocr_carea' id='block_1_2' title="bbox 62 652 1065 3768">
    <p class='ocr_par' dir='ltr' id='par_1_2' title="bbox 62 652 1056 1069">
     <span class='ocr_line' id='line_1_2' title="bbox 62 652 1017 730; baseline -0.002 -16"><span class='ocrx_word' id='word_1_4' title='bbox 62 655 121 715; x_wconf 90' lang='lat' dir='ltr'>bus</span> <span class='ocrx_word' id='word_1_5' title='bbox 143 655 280 715; x_wconf 91' lang='lat' dir='ltr'>succurri</span> <span class='ocrx_word' id='word_1_6' title='bbox 301 662 392 730; x_wconf 87' lang='lat' dir='ltr'>atque</span> <span class='ocrx_word' id='word_1_7' title='bbox 414 669 451 712; x_wconf 87' lang='lat' dir='ltr'>ex</span> <span class='ocrx_word' id='word_1_8' title='bbox 468 655 561 713; x_wconf 89' lang='lat' dir='ltr'>altera</span> <span class='ocrx_word' id='word_1_9' title='bbox 576 653 683 730; x_wconf 86' lang='lat' dir='ltr'>oppidi</span> <span class='ocrx_word' id='word_1_10' title='bbox 698 661 787 729; x_wconf 90' lang='lat' dir='ltr'>parte</span> <span class='ocrx_word' id='word_1_11' title='bbox 803 652 946 715; x_wconf 87' lang='lat' dir='ltr'>auxilium</span> <span class='ocrx_word' id='word_1_12' title='bbox 960 652 1017 712; x_wconf 88' lang='lat' dir='ltr'>iem&#39;</span> 
     </span>
     <span class='ocr_line' id='line_1_3' title="bbox 62 737 1016 816; baseline -0.004 -15"><span class='ocrx_word' id='word_1_13' title='bbox 62 745 184 816; x_wconf 90' lang='lat' dir='ltr'>posset,</span> <span class='ocrx_word' id='word_1_14' title='bbox 213 739 351 814; x_wconf 88' lang='lat' dir='ltr'>inprimis</span> <span class='ocrx_word' id='word_1_15' title='bbox 374 754 466 812; x_wconf 90' lang='lat' dir='ltr'>vero,</span> <span class='ocrx_word' id='word_1_16' title='bbox 495 746 630 814; x_wconf 80' lang='lat' dir='ltr'>utaque</span> <span class='ocrx_word' id='word_1_17' title='bbox 655 740 836 815; x_wconf 89' lang='lat' dir='ltr'>pabuloque</span> <span class='ocrx_word' id='word_1_18' title='bbox 856 737 1016 808; x_wconf 87' lang='lat' dir='ltr'>abundaret,</span> 
     </span>
     <span class='ocr_line' id='line_1_4' title="bbox 63 823 1056 900; baseline -0.004 -15"><span class='ocrx_word' id='word_1_19' title='bbox 63 841 193 900; x_wconf 90' lang='lat' dir='ltr'>quarum</span> <span class='ocrx_word' id='word_1_20' title='bbox 218 825 340 884; x_wconf 89' lang='lat' dir='ltr'>alterius</span> <span class='ocrx_word' id='word_1_21' title='bbox 364 823 409 882; x_wconf 91' lang='lat' dir='ltr'>rei</span> <span class='ocrx_word' id='word_1_22' title='bbox 435 823 554 897; x_wconf 89' lang='lat' dir='ltr'>copiam</span> <span class='ocrx_word' id='word_1_23' title='bbox 579 823 736 898; x_wconf 88' lang='lat' dir='ltr'>exiguam,</span> <span class='ocrx_word' id='word_1_24' title='bbox 773 824 898 883; x_wconf 91' lang='lat' dir='ltr'>alterius</span> <span class='ocrx_word' id='word_1_25' title='bbox 922 823 1017 881; x_wconf 87' lang='lat' dir='ltr'>nullam</span> <span class='ocrx_word' id='word_1_26' title='bbox 1052 839 1056 849; x_wconf 93' lang='grc'><strong><em>·</em></strong></span> 
     </span>
     <span class='ocr_line' id='line_1_5' title="bbox 63 906 1017 984; baseline -0.003 -15"><span class='ocrx_word' id='word_1_27' title='bbox 63 909 186 969; x_wconf 92' lang='lat' dir='ltr'>omnino</span> <span class='ocrx_word' id='word_1_28' title='bbox 208 909 380 968; x_wconf 81' lang='lat' dir='ltr'><strong>facultatem</strong></span> <span class='ocrx_word' id='word_1_29' title='bbox 400 906 547 977; x_wconf 62' lang='lat' dir='ltr'>habebam</span> <span class='ocrx_word' id='word_1_30' title='bbox 570 908 653 983; x_wconf 92' lang='lat' dir='ltr'>quod</span> <span class='ocrx_word' id='word_1_31' title='bbox 668 916 832 984; x_wconf 86' lang='lat' dir='ltr'>utrumque</span> <span class='ocrx_word' id='word_1_32' title='bbox 847 908 930 983; x_wconf 86' lang='lat' dir='ltr'>large</span> <span class='ocrx_word' id='word_1_33' title='bbox 944 908 1017 982; x_wconf 88' lang='lat' dir='ltr'>palus</span> 
     </span>
     <span class='ocr_line' id='line_1_6' title="bbox 63 993 353 1069; baseline -0.007 -17"><span class='ocrx_word' id='word_1_34' title='bbox 63 993 211 1069; x_wconf 86' lang='lat' dir='ltr'>praebere</span> <span class='ocrx_word' id='word_1_35' title='bbox 224 999 353 1067; x_wconf 86' lang='lat' dir='ltr'>poterat.</span> 
     </span>
    </p>

    <p class='ocr_par' dir='ltr' id='par_1_3' title="bbox 62 1075 1065 2839">
     <span class='ocr_line' id='line_1_7' title="bbox 144 1075 1017 1152; baseline -0.002 -15"><span class='ocrx_word' id='word_1_36' title='bbox 144 1076 181 1137; x_wconf 86' lang='lat' dir='ltr'>Il.</span> <span class='ocrx_word' id='word_1_37' title='bbox 224 1076 331 1152; x_wconf 81' lang='lat' dir='ltr'>Neque</span> <span class='ocrx_word' id='word_1_38' title='bbox 350 1092 424 1136; x_wconf 90' lang='lat' dir='ltr'>vero</span> <span class='ocrx_word' id='word_1_39' title='bbox 445 1077 662 1137; x_wconf 82' lang='lat' dir='ltr'>Alexandrinis</span> <span class='ocrx_word' id='word_1_40' title='bbox 684 1076 714 1135; x_wconf 93' lang='lat' dir='ltr'>in</span> <span class='ocrx_word' id='word_1_41' title='bbox 736 1075 884 1150; x_wconf 80' lang='lat' dir='ltr'>gerendis</span> <span class='ocrx_word' id='word_1_42' title='bbox 904 1091 1017 1150; x_wconf 86' lang='lat' dir='ltr'>negotus</span> 
     </span>
     <span class='ocr_line' id='line_1_8' title="bbox 62 1160 1017 1235; baseline -0.004 -13"><span class='ocrx_word' id='word_1_43' title='bbox 62 1160 212 1223; x_wconf 88' lang='lat' dir='ltr'>cunctatio</span> <span class='ocrx_word' id='word_1_44' title='bbox 235 1163 297 1221; x_wconf 90' lang='lat' dir='ltr'>ulla</span> <span class='ocrx_word' id='word_1_45' title='bbox 317 1169 367 1221; x_wconf 91' lang='lat' dir='ltr'>aut</span> <span class='ocrx_word' id='word_1_46' title='bbox 386 1176 472 1221; x_wconf 89' lang='lat' dir='ltr'>mora</span> <span class='ocrx_word' id='word_1_47' title='bbox 485 1161 679 1221; x_wconf 84' lang='lat' dir='ltr'>inferebatur.</span> <span class='ocrx_word' id='word_1_48' title='bbox 694 1161 785 1220; x_wconf 87' lang='lat' dir='ltr'>·Nam</span> <span class='ocrx_word' id='word_1_49' title='bbox 799 1161 830 1219; x_wconf 92' lang='lat' dir='ltr'>in</span> <span class='ocrx_word' id='word_1_50' title='bbox 846 1175 951 1220; x_wconf 88' lang='lat' dir='ltr'>omnes</span> <span class='ocrx_word' id='word_1_51' title='bbox 964 1176 1017 1235; x_wconf 89' lang='lat' dir='ltr'>par-</span> 
     </span>
     <span class='ocr_line' id='line_1_9' title="bbox 64 1246 1017 1322; baseline -0.003 -16"><span class='ocrx_word' id='word_1_52' title='bbox 64 1256 118 1318; x_wconf 77' lang='lat' dir='ltr'>teS,</span> <span class='ocrx_word' id='word_1_53' title='bbox 142 1262 198 1321; x_wconf 90' lang='lat' dir='ltr'>per</span> <span class='ocrx_word' id='word_1_54' title='bbox 213 1263 290 1320; x_wconf 89' lang='lat' dir='ltr'>quas</span> <span class='ocrx_word' id='word_1_55' title='bbox 306 1246 384 1306; x_wconf 88' lang='lat' dir='ltr'>fines</span> <span class='ocrx_word' id='word_1_56' title='bbox 400 1246 534 1322; x_wconf 79' lang='lat' dir='ltr'>Aegypti</span> <span class='ocrx_word' id='word_1_57' title='bbox 548 1260 738 1321; x_wconf 84' lang='lat' dir='ltr'>regnumque</span> <span class='ocrx_word' id='word_1_58' title='bbox 752 1246 895 1320; x_wconf 78' lang='lat' dir='ltr'>pertinet,</span> <span class='ocrx_word' id='word_1_59' title='bbox 916 1246 1017 1319; x_wconf 84' lang='lat' dir='ltr'>legatos</span> 
     </span>
     <span class='ocr_line' id='line_1_10' title="bbox 63 1330 1017 1404; baseline -0.002 -15"><span class='ocrx_word' id='word_1_60' title='bbox 63 1331 352 1404; x_wconf 89' lang='lat' dir='ltr'>conquisitoresque</span> <span class='ocrx_word' id='word_1_61' title='bbox 373 1330 510 1389; x_wconf 89' lang='lat' dir='ltr'>delectus</span> <span class='ocrx_word' id='word_1_62' title='bbox 533 1331 666 1389; x_wconf 89' lang='lat' dir='ltr'>habendi</span> <span class='ocrx_word' id='word_1_63' title='bbox 689 1346 785 1390; x_wconf 86' lang='lat' dir='ltr'>causa</span> <span class='ocrx_word' id='word_1_64' title='bbox 806 1330 954 1390; x_wconf 84' lang='lat' dir='ltr'>miserant</span> <span class='ocrx_word' id='word_1_65' title='bbox 970 1344 1017 1387; x_wconf 91' lang='lat' dir='ltr'>ma·</span> 
     </span>
     <span class='ocr_line' id='line_1_11' title="bbox 62 1414 1018 1489; baseline -0.001 -17"><span class='ocrx_word' id='word_1_66' title='bbox 62 1430 216 1489; x_wconf 90' lang='lat' dir='ltr'>gnumque</span> <span class='ocrx_word' id='word_1_67' title='bbox 236 1431 395 1473; x_wconf 90' lang='lat' dir='ltr'>numerum</span> <span class='ocrx_word' id='word_1_68' title='bbox 409 1414 440 1472; x_wconf 92' lang='lat' dir='ltr'>in</span> <span class='ocrx_word' id='word_1_69' title='bbox 456 1415 603 1488; x_wconf 90' lang='lat' dir='ltr'>oppidum</span> <span class='ocrx_word' id='word_1_70' title='bbox 618 1417 747 1475; x_wconf 87' lang='lat' dir='ltr'>telorum</span> <span class='ocrx_word' id='word_1_71' title='bbox 763 1420 859 1489; x_wconf 90' lang='lat' dir='ltr'>atque</span> <span class='ocrx_word' id='word_1_72' title='bbox 873 1420 1018 1474; x_wconf 88' lang='lat' dir='ltr'>tormento·</span> 
     </span>
     <span class='ocr_line' id='line_1_12' title="bbox 63 1497 1018 1559; baseline 0 -3"><span class='ocrx_word' id='word_1_73' title='bbox 63 1515 128 1559; x_wconf 91' lang='lat' dir='ltr'>rum</span> <span class='ocrx_word' id='word_1_74' title='bbox 150 1507 357 1558; x_wconf 88' lang='lat' dir='ltr'>convexerant</span> <span class='ocrx_word' id='word_1_75' title='bbox 377 1504 407 1558; x_wconf 89' lang='lat' dir='ltr'>et</span> <span class='ocrx_word' id='word_1_76' title='bbox 426 1499 676 1558; x_wconf 84' lang='lat' dir='ltr'>innumerabilem</span> <span class='ocrx_word' id='word_1_77' title='bbox 696 1499 920 1559; x_wconf 86' lang='lat' dir='ltr'>multitudinem</span> <span class='ocrx_word' id='word_1_78' title='bbox 941 1497 1018 1557; x_wconf 89' lang='lat' dir='ltr'>addu-</span> 
     </span>
     <span class='ocr_line' id='line_1_13' title="bbox 63 1581 1065 1643; baseline 0.003 -3"><span class='ocrx_word' id='word_1_79' title='bbox 63 1591 179 1643; x_wconf 86' lang='lat' dir='ltr'>xerant.</span> <span class='ocrx_word' id='word_1_80' title='bbox 209 1582 271 1642; x_wconf 92' lang='lat' dir='ltr'>Nec</span> <span class='ocrx_word' id='word_1_81' title='bbox 292 1583 392 1641; x_wconf 91' lang='lat' dir='ltr'>minus</span> <span class='ocrx_word' id='word_1_82' title='bbox 414 1584 444 1641; x_wconf 91' lang='lat' dir='ltr'>in</span> <span class='ocrx_word' id='word_1_83' title='bbox 466 1582 542 1643; x_wconf 89' lang='lat' dir='ltr'>urbe</span> <span class='ocrx_word' id='word_1_84' title='bbox 555 1583 707 1643; x_wconf 86' lang='lat' dir='ltr'>maximae</span> <span class='ocrx_word' id='word_1_85' title='bbox 721 1599 879 1642; x_wconf 90' lang='lat' dir='ltr'>armorum</span> <span class='ocrx_word' id='word_1_86' title='bbox 894 1581 1018 1641; x_wconf 88' lang='lat' dir='ltr'>erantin·</span> <span class='ocrx_word' id='word_1_87' title='bbox 1062 1624 1065 1643; x_wconf 77' lang='grc'>,</span> 
     </span>
     <span class='ocr_line' id='line_1_14' title="bbox 64 1666 1019 1743; baseline -0.001 -18"><span class='ocrx_word' id='word_1_88' title='bbox 64 1669 183 1727; x_wconf 90' lang='lat' dir='ltr'>stitutae</span> <span class='ocrx_word' id='word_1_89' title='bbox 199 1667 349 1727; x_wconf 84' lang='lat' dir='ltr'>cilicinae.</span> <span class='ocrx_word' id='word_1_90' title='bbox 381 1666 495 1727; x_wconf 90' lang='lat' dir='ltr'>Servos</span> <span class='ocrx_word' id='word_1_91' title='bbox 510 1674 669 1741; x_wconf 86' lang='lat' dir='ltr'>praeterea</span> <span class='ocrx_word' id='word_1_92' title='bbox 681 1667 814 1743; x_wconf 88' lang='lat' dir='ltr'>puberes</span> <span class='ocrx_word' id='word_1_93' title='bbox 827 1673 1019 1733; x_wconf 84' lang='lat' dir='ltr'>armaverant;</span> 
     </span>
     <span class='ocr_line' id='line_1_15' title="bbox 64 1749 1019 1826; baseline -0.004 -16"><span class='ocrx_word' id='word_1_94' title='bbox 64 1751 174 1826; x_wconf 90' lang='lat' dir='ltr'>quibus</span> <span class='ocrx_word' id='word_1_95' title='bbox 198 1750 312 1810; x_wconf 93' lang='lat' dir='ltr'>domini</span> <span class='ocrx_word' id='word_1_96' title='bbox 333 1752 548 1826; x_wconf 87' lang='lat' dir='ltr'>locupletiores</span> <span class='ocrx_word' id='word_1_97' title='bbox 563 1753 673 1812; x_wconf 89' lang='lat' dir='ltr'>victum</span> <span class='ocrx_word' id='word_1_98' title='bbox 690 1752 878 1812; x_wconf 88' lang='lat' dir='ltr'>cotidianum</span> <span class='ocrx_word' id='word_1_99' title='bbox 892 1749 1019 1826; x_wconf 89' lang='lat' dir='ltr'>stipendi·</span> 
     </span>
     <span class='ocr_line' id='line_1_16' title="bbox 64 1835 1020 1911; baseline -0.003 -17"><span class='ocrx_word' id='word_1_100' title='bbox 64 1851 175 1910; x_wconf 90' lang='lat' dir='ltr'>umque</span> <span class='ocrx_word' id='word_1_101' title='bbox 189 1835 384 1910; x_wconf 88' lang='lat' dir='ltr'>praebebant.</span> <span class='ocrx_word' id='word_1_102' title='bbox 413 1835 478 1896; x_wconf 91' lang='lat' dir='ltr'>Hac</span> <span class='ocrx_word' id='word_1_103' title='bbox 490 1837 678 1896; x_wconf 91' lang='lat' dir='ltr'>multitudine</span> <span class='ocrx_word' id='word_1_104' title='bbox 690 1837 843 1911; x_wconf 89' lang='lat' dir='ltr'>disposita</span> <span class='ocrx_word' id='word_1_105' title='bbox 854 1836 1020 1896; x_wconf 87' lang='lat' dir='ltr'>munitiones</span> 
     </span>
     <span class='ocr_line' id='line_1_17' title="bbox 65 1920 1020 1994; baseline -0.002 -15"><span class='ocrx_word' id='word_1_106' title='bbox 65 1928 248 1980; x_wconf 83' lang='lat' dir='ltr'>semotarum</span> <span class='ocrx_word' id='word_1_107' title='bbox 259 1920 388 1994; x_wconf 89' lang='lat' dir='ltr'>partium</span> <span class='ocrx_word' id='word_1_108' title='bbox 400 1921 577 1989; x_wconf 86' lang='lat' dir='ltr'>tuebantur;</span> <span class='ocrx_word' id='word_1_109' title='bbox 590 1929 752 1981; x_wconf 89' lang='lat' dir='ltr'>veteranas</span> <span class='ocrx_word' id='word_1_110' title='bbox 764 1921 910 1981; x_wconf 81' lang='lat' dir='ltr'>cohortes</span> <span class='ocrx_word' id='word_1_111' title='bbox 923 1933 1020 1980; x_wconf 89' lang='lat' dir='ltr'>vacuas</span> 
     </span>
     <span class='ocr_line' id='line_1_18' title="bbox 62 2004 1021 2080; baseline -0.003 -16"><span class='ocrx_word' id='word_1_112' title='bbox 62 2005 92 2064; x_wconf 87' lang='lat' dir='ltr'>in</span> <span class='ocrx_word' id='word_1_113' title='bbox 108 2005 311 2064; x_wconf 83' lang='lat' dir='ltr'>celeberrimis</span> <span class='ocrx_word' id='word_1_114' title='bbox 326 2004 410 2063; x_wconf 88' lang='lat' dir='ltr'>urbis</span> <span class='ocrx_word' id='word_1_115' title='bbox 425 2005 502 2064; x_wconf 88' lang='lat' dir='ltr'>locis</span> <span class='ocrx_word' id='word_1_116' title='bbox 517 2005 685 2079; x_wconf 89' lang='lat' dir='ltr'>habebant,</span> <span class='ocrx_word' id='word_1_117' title='bbox 708 2011 755 2078; x_wconf 87' lang='lat' dir='ltr'>ut,</span> <span class='ocrx_word' id='word_1_118' title='bbox 780 2020 975 2080; x_wconf 87' lang='lat' dir='ltr'>quacumque</span> <span class='ocrx_word' id='word_1_119' title='bbox 986 2019 1021 2061; x_wconf 93' lang='lat' dir='ltr'>re·</span> 
     </span>
     <span class='ocr_line' id='line_1_19' title="bbox 65 2089 1021 2164; baseline 0 -17"><span class='ocrx_word' id='word_1_120' title='bbox 65 2089 153 2162; x_wconf 89' lang='lat' dir='ltr'>gione</span> <span class='ocrx_word' id='word_1_121' title='bbox 168 2098 363 2164; x_wconf 78' lang='lat' dir='ltr'>pugnaretur,</span> <span class='ocrx_word' id='word_1_122' title='bbox 386 2090 512 2162; x_wconf 84' lang='lat' dir='ltr'>integris</span> <span class='ocrx_word' id='word_1_123' title='bbox 529 2089 644 2149; x_wconf 89' lang='lat' dir='ltr'>viribus</span> <span class='ocrx_word' id='word_1_124' title='bbox 661 2090 700 2149; x_wconf 88' lang='lat' dir='ltr'>ad</span> <span class='ocrx_word' id='word_1_125' title='bbox 715 2090 864 2151; x_wconf 89' lang='lat' dir='ltr'>auxilium</span> <span class='ocrx_word' id='word_1_126' title='bbox 880 2090 1021 2148; x_wconf 86' lang='lat' dir='ltr'>serendum</span> 
     </span>
     <span class='ocr_line' id='line_1_20' title="bbox 65 2172 1022 2249; baseline -0.004 -17"><span class='ocrx_word' id='word_1_127' title='bbox 65 2175 177 2248; x_wconf 89' lang='lat' dir='ltr'>opponi</span> <span class='ocrx_word' id='word_1_128' title='bbox 196 2181 333 2248; x_wconf 89' lang='lat' dir='ltr'>possent.</span> <span class='ocrx_word' id='word_1_129' title='bbox 365 2172 509 2233; x_wconf 87' lang='lat' dir='ltr'>Omnibus</span> <span class='ocrx_word' id='word_1_130' title='bbox 525 2174 583 2233; x_wconf 89' lang='lat' dir='ltr'>viis</span> <span class='ocrx_word' id='word_1_131' title='bbox 600 2182 691 2248; x_wconf 88' lang='lat' dir='ltr'>atque</span> <span class='ocrx_word' id='word_1_132' title='bbox 706 2174 877 2248; x_wconf 89' lang='lat' dir='ltr'>angiportis</span> <span class='ocrx_word' id='word_1_133' title='bbox 889 2174 1022 2249; x_wconf 89' lang='lat' dir='ltr'>triplicem</span> 
     </span>
     <span class='ocr_line' id='line_1_21' title="bbox 64 2258 1023 2332; baseline -0.003 -16"><span class='ocrx_word' id='word_1_134' title='bbox 64 2259 173 2318; x_wconf 84' lang='lat' dir='ltr'>vallum</span> <span class='ocrx_word' id='word_1_135' title='bbox 195 2258 386 2318; x_wconf 86' lang='lat' dir='ltr'>obduxerant</span> <span class='ocrx_word' id='word_1_136' title='bbox 406 2265 485 2331; x_wconf 88' lang='lat' dir='ltr'>(erat</span> <span class='ocrx_word' id='word_1_137' title='bbox 507 2265 605 2318; x_wconf 90' lang='lat' dir='ltr'>autem</span> <span class='ocrx_word' id='word_1_138' title='bbox 621 2258 770 2332; x_wconf 90' lang='lat' dir='ltr'>quadrato</span> <span class='ocrx_word' id='word_1_139' title='bbox 786 2266 946 2318; x_wconf 86' lang='lat' dir='ltr'>extructus</span> <span class='ocrx_word' id='word_1_140' title='bbox 961 2270 1023 2317; x_wconf 83' lang='lat' dir='ltr'>saxo</span> 
     </span>
     <span class='ocr_line' id='line_1_22' title="bbox 62 2342 1024 2416; baseline -0.001 -16"><span class='ocrx_word' id='word_1_141' title='bbox 62 2358 163 2415; x_wconf 84' lang='lat' dir='ltr'>neque</span> <span class='ocrx_word' id='word_1_142' title='bbox 195 2343 295 2402; x_wconf 91' lang='lat' dir='ltr'>minus</span> <span class='ocrx_word' id='word_1_143' title='bbox 329 2343 530 2416; x_wconf 88' lang='lat' dir='ltr'>quadraginta</span> <span class='ocrx_word' id='word_1_144' title='bbox 560 2343 658 2416; x_wconf 91' lang='lat' dir='ltr'>pedes</span> <span class='ocrx_word' id='word_1_145' title='bbox 692 2343 859 2403; x_wconf 88' lang='lat' dir='ltr'>altitudinis</span> <span class='ocrx_word' id='word_1_146' title='bbox 885 2342 1024 2413; x_wconf 88' lang='lat' dir='ltr'>habebat),</span> 
     </span>
     <span class='ocr_line' id='line_1_23' title="bbox 64 2426 1025 2501; baseline 0 -16"><span class='ocrx_word' id='word_1_147' title='bbox 64 2442 206 2501; x_wconf 89' lang='lat' dir='ltr'>quaeque</span> <span class='ocrx_word' id='word_1_148' title='bbox 221 2434 324 2500; x_wconf 84' lang='lat' dir='ltr'>partes</span> <span class='ocrx_word' id='word_1_149' title='bbox 340 2426 425 2486; x_wconf 90' lang='lat' dir='ltr'>urbis</span> <span class='ocrx_word' id='word_1_150' title='bbox 440 2426 601 2486; x_wconf 82' lang='lat' dir='ltr'>interiores</span> <span class='ocrx_word' id='word_1_151' title='bbox 617 2435 710 2500; x_wconf 88' lang='lat' dir='ltr'>erant,</span> <span class='ocrx_word' id='word_1_152' title='bbox 732 2427 790 2486; x_wconf 90' lang='lat' dir='ltr'>has</span> <span class='ocrx_word' id='word_1_153' title='bbox 806 2427 964 2487; x_wconf 78' lang='lat' dir='ltr'>altissimus</span> <span class='ocrx_word' id='word_1_154' title='bbox 978 2435 1025 2485; x_wconf 86' lang='lat' dir='ltr'>tur-</span> 
     </span>
     <span class='ocr_line' id='line_1_24' title="bbox 62 2510 1025 2571; baseline 0 -3"><span class='ocrx_word' id='word_1_155' title='bbox 62 2510 147 2569; x_wconf 90' lang='lat' dir='ltr'>ribus</span> <span class='ocrx_word' id='word_1_156' title='bbox 170 2511 319 2570; x_wconf 91' lang='lat' dir='ltr'>denorum</span> <span class='ocrx_word' id='word_1_157' title='bbox 342 2511 545 2571; x_wconf 87' lang='lat' dir='ltr'>tabulatorum</span> <span class='ocrx_word' id='word_1_158' title='bbox 567 2513 744 2571; x_wconf 87' lang='lat' dir='ltr'>munierant.</span> <span class='ocrx_word' id='word_1_159' title='bbox 781 2511 949 2571; x_wconf 89' lang='lat' dir='ltr'>Praeterea</span> <span class='ocrx_word' id='word_1_160' title='bbox 963 2510 1025 2571; x_wconf 87' lang='lat' dir='ltr'>alias</span> 
     </span>
     <span class='ocr_line' id='line_1_25' title="bbox 63 2594 1025 2656; baseline 0.001 -3"><span class='ocrx_word' id='word_1_161' title='bbox 63 2594 276 2654; x_wconf 77' lang='lat' dir='ltr'>ambulatorius</span> <span class='ocrx_word' id='word_1_162' title='bbox 302 2596 427 2655; x_wconf 93' lang='lat' dir='ltr'>totidem</span> <span class='ocrx_word' id='word_1_163' title='bbox 446 2597 649 2655; x_wconf 87' lang='lat' dir='ltr'>tabulatorum</span> <span class='ocrx_word' id='word_1_164' title='bbox 672 2596 863 2656; x_wconf 82' lang='lat' dir='ltr'>confixerant</span> <span class='ocrx_word' id='word_1_165' title='bbox 878 2595 1025 2656; x_wconf 88' lang='lat' dir='ltr'>subiectis·</span> 
     </span>
     <span class='ocr_line' id='line_1_26' title="bbox 64 2678 1026 2756; baseline -0.002 -18"><span class='ocrx_word' id='word_1_166' title='bbox 64 2695 123 2753; x_wconf 89' lang='lat' dir='ltr'>que</span> <span class='ocrx_word' id='word_1_167' title='bbox 138 2695 190 2739; x_wconf 88' lang='lat' dir='ltr'>eas</span> <span class='ocrx_word' id='word_1_168' title='bbox 205 2681 280 2739; x_wconf 90' lang='lat' dir='ltr'>rotis</span> <span class='ocrx_word' id='word_1_169' title='bbox 296 2679 418 2739; x_wconf 77' lang='lat' dir='ltr'>funibus</span> <span class='ocrx_word' id='word_1_170' title='bbox 434 2681 638 2755; x_wconf 85' lang='lat' dir='ltr'>iumentisque</span> <span class='ocrx_word' id='word_1_171' title='bbox 650 2681 776 2740; x_wconf 89' lang='lat' dir='ltr'>obiectis</span> <span class='ocrx_word' id='word_1_172' title='bbox 789 2681 916 2740; x_wconf 88' lang='lat' dir='ltr'>directis</span> <span class='ocrx_word' id='word_1_173' title='bbox 930 2678 1026 2756; x_wconf 87' lang='lat' dir='ltr'>plateis</span> 
     </span>
     <span class='ocr_line' id='line_1_27' title="bbox 63 2764 843 2839; baseline -0.001 -17"><span class='ocrx_word' id='word_1_174' title='bbox 63 2764 92 2822; x_wconf 93' lang='lat' dir='ltr'>in</span> <span class='ocrx_word' id='word_1_175' title='bbox 109 2779 333 2839; x_wconf 89' lang='lat' dir='ltr'>quamcumque</span> <span class='ocrx_word' id='word_1_176' title='bbox 349 2771 413 2823; x_wconf 91' lang='lat' dir='ltr'>crat</span> <span class='ocrx_word' id='word_1_177' title='bbox 426 2766 525 2823; x_wconf 90' lang='lat' dir='ltr'>visum</span> <span class='ocrx_word' id='word_1_178' title='bbox 541 2773 657 2839; x_wconf 89' lang='lat' dir='ltr'>partem</span> <span class='ocrx_word' id='word_1_179' title='bbox 670 2766 843 2824; x_wconf 87' lang='lat' dir='ltr'>movebant.</span> 
     </span>
    </p>

    <p class='ocr_par' dir='ltr' id='par_1_4' title="bbox 63 2848 1031 3768">
     <span class='ocr_line' id='line_1_28' title="bbox 146 2848 1028 2923; baseline 0.003 -18"><span class='ocrx_word' id='word_1_180' title='bbox 146 2849 195 2906; x_wconf 89' lang='lat' dir='ltr'>lli.</span> <span class='ocrx_word' id='word_1_181' title='bbox 227 2848 307 2908; x_wconf 84' lang='lat' dir='ltr'>Urbs</span> <span class='ocrx_word' id='word_1_182' title='bbox 320 2849 505 2908; x_wconf 86' lang='lat' dir='ltr'>fertilissima</span> <span class='ocrx_word' id='word_1_183' title='bbox 518 2858 547 2908; x_wconf 95' lang='lat' dir='ltr'>et</span> <span class='ocrx_word' id='word_1_184' title='bbox 560 2850 776 2923; x_wconf 89' lang='lat' dir='ltr'>copiosissima</span> <span class='ocrx_word' id='word_1_185' title='bbox 788 2851 925 2910; x_wconf 91' lang='lat' dir='ltr'>omnium</span> <span class='ocrx_word' id='word_1_186' title='bbox 937 2865 1028 2909; x_wconf 89' lang='lat' dir='ltr'>rerum</span> 
     </span>
     <span class='ocr_line' id='line_1_29' title="bbox 63 2933 1029 3008; baseline -0.003 -16"><span class='ocrx_word' id='word_1_187' title='bbox 63 2942 228 3008; x_wconf 88' lang='lat' dir='ltr'>apparatus</span> <span class='ocrx_word' id='word_1_188' title='bbox 242 2934 433 3006; x_wconf 87' lang='lat' dir='ltr'>suggerebat.</span> <span class='ocrx_word' id='word_1_189' title='bbox 464 2934 527 3007; x_wconf 90' lang='lat' dir='ltr'>Ipsi</span> <span class='ocrx_word' id='word_1_190' title='bbox 539 2933 677 2993; x_wconf 91' lang='lat' dir='ltr'>homines</span> <span class='ocrx_word' id='word_1_191' title='bbox 690 2934 935 3007; x_wconf 88' lang='lat' dir='ltr'>ingeniosissimi</span> <span class='ocrx_word' id='word_1_192' title='bbox 948 2943 1029 3008; x_wconf 89' lang='lat' dir='ltr'>atque</span> 
     </span>
     <span class='ocr_line' id='line_1_30' title="bbox 63 3017 1028 3091; baseline -0.002 -14"><span class='ocrx_word' id='word_1_193' title='bbox 63 3017 239 3089; x_wconf 88' lang='lat' dir='ltr'>acutissimi,</span> <span class='ocrx_word' id='word_1_194' title='bbox 264 3032 342 3091; x_wconf 90' lang='lat' dir='ltr'>quae</span> <span class='ocrx_word' id='word_1_195' title='bbox 360 3019 505 3077; x_wconf 90' lang='lat' dir='ltr'>anostris</span> <span class='ocrx_word' id='word_1_196' title='bbox 522 3018 588 3077; x_wconf 87' lang='lat' dir='ltr'>fieri</span> <span class='ocrx_word' id='word_1_197' title='bbox 603 3017 751 3089; x_wconf 86' lang='lat' dir='ltr'>viderant,</span> <span class='ocrx_word' id='word_1_198' title='bbox 774 3033 812 3076; x_wconf 91' lang='lat' dir='ltr'>ca</span> <span class='ocrx_word' id='word_1_199' title='bbox 830 3019 960 3079; x_wconf 89' lang='lat' dir='ltr'>solertia</span> <span class='ocrx_word' id='word_1_200' title='bbox 974 3017 1028 3077; x_wconf 85' lang='lat' dir='ltr'>eiii-</span> 
     </span>
     <span class='ocr_line' id='line_1_31' title="bbox 64 3102 1029 3177; baseline -0.003 -16"><span class='ocrx_word' id='word_1_201' title='bbox 64 3103 191 3174; x_wconf 88' lang='lat' dir='ltr'>ciebant,</span> <span class='ocrx_word' id='word_1_202' title='bbox 207 3111 239 3161; x_wconf 92' lang='lat' dir='ltr'>ut</span> <span class='ocrx_word' id='word_1_203' title='bbox 257 3102 353 3161; x_wconf 90' lang='lat' dir='ltr'>nostri</span> <span class='ocrx_word' id='word_1_204' title='bbox 368 3103 488 3162; x_wconf 91' lang='lat' dir='ltr'>illorum</span> <span class='ocrx_word' id='word_1_205' title='bbox 503 3119 599 3177; x_wconf 91' lang='lat' dir='ltr'>opera</span> <span class='ocrx_word' id='word_1_206' title='bbox 612 3103 715 3161; x_wconf 91' lang='lat' dir='ltr'>imitati</span> <span class='ocrx_word' id='word_1_207' title='bbox 729 3102 925 3162; x_wconf 71' lang='lat' dir='ltr'>riderentur:</span> <span class='ocrx_word' id='word_1_208' title='bbox 942 3111 1029 3162; x_wconf 88' lang='lat' dir='ltr'>etsua</span> 
     </span>
     <span class='ocr_line' id='line_1_32' title="bbox 63 3187 1027 3261; baseline -0.001 -15"><span class='ocrx_word' id='word_1_209' title='bbox 63 3195 173 3261; x_wconf 89' lang='lat' dir='ltr'>sponte</span> <span class='ocrx_word' id='word_1_210' title='bbox 187 3187 280 3247; x_wconf 90' lang='lat' dir='ltr'>multa</span> <span class='ocrx_word' id='word_1_211' title='bbox 292 3187 485 3259; x_wconf 89' lang='lat' dir='ltr'>reperiebant</span> <span class='ocrx_word' id='word_1_212' title='bbox 499 3202 624 3261; x_wconf 87' lang='lat' dir='ltr'>unoque</span> <span class='ocrx_word' id='word_1_213' title='bbox 638 3194 775 3260; x_wconf 88' lang='lat' dir='ltr'>tempore</span> <span class='ocrx_word' id='word_1_214' title='bbox 791 3194 822 3246; x_wconf 91' lang='lat' dir='ltr'>et</span> <span class='ocrx_word' id='word_1_215' title='bbox 836 3195 961 3247; x_wconf 91' lang='lat' dir='ltr'>nostras</span> <span class='ocrx_word' id='word_1_216' title='bbox 973 3203 1027 3245; x_wconf 92' lang='lat' dir='ltr'>mu·</span> 
     </span>
     <span class='ocr_line' id='line_1_33' title="bbox 63 3270 1029 3346; baseline -0.001 -17"><span class='ocrx_word' id='word_1_217' title='bbox 63 3273 193 3331; x_wconf 90' lang='lat' dir='ltr'>nitioncs</span> <span class='ocrx_word' id='word_1_218' title='bbox 206 3271 389 3330; x_wconf 82' lang='lat' dir='ltr'>infestabant</span> <span class='ocrx_word' id='word_1_219' title='bbox 400 3277 429 3329; x_wconf 89' lang='lat' dir='ltr'>et</span> <span class='ocrx_word' id='word_1_220' title='bbox 441 3288 514 3332; x_wconf 90' lang='lat' dir='ltr'>suas</span> <span class='ocrx_word' id='word_1_221' title='bbox 528 3271 740 3331; x_wconf 84' lang='lat' dir='ltr'>defendebant.</span> <span class='ocrx_word' id='word_1_222' title='bbox 756 3272 859 3345; x_wconf 86' lang='lat' dir='ltr'>Atque</span> <span class='ocrx_word' id='word_1_223' title='bbox 867 3270 947 3331; x_wconf 89' lang='lat' dir='ltr'>haec</span> <span class='ocrx_word' id='word_1_224' title='bbox 956 3270 1029 3346; x_wconf 89' lang='lat' dir='ltr'>prin-</span> 
     </span>
     <span class='ocr_line' id='line_1_34' title="bbox 63 3354 1028 3431; baseline 0 -17"><span class='ocrx_word' id='word_1_225' title='bbox 63 3357 148 3431; x_wconf 91' lang='lat' dir='ltr'>cipes</span> <span class='ocrx_word' id='word_1_226' title='bbox 162 3357 192 3414; x_wconf 94' lang='lat' dir='ltr'>in</span> <span class='ocrx_word' id='word_1_227' title='bbox 207 3357 341 3416; x_wconf 90' lang='lat' dir='ltr'>consiliis</span> <span class='ocrx_word' id='word_1_228' title='bbox 354 3356 611 3430; x_wconf 90' lang='lat' dir='ltr'>contionibusque</span> <span class='ocrx_word' id='word_1_229' title='bbox 624 3356 790 3428; x_wconf 83' lang='lat' dir='ltr'>agitabant:</span> <span class='ocrx_word' id='word_1_230' title='bbox 812 3354 966 3429; x_wconf 89' lang='lat' dir='ltr'>Populum</span> <span class='ocrx_word' id='word_1_231' title='bbox 976 3356 1028 3415; x_wconf 90' lang='lat' dir='ltr'>Ro·</span> 
     </span>
     <span class='ocr_line' id='line_1_35' title="bbox 63 3437 1029 3515; baseline -0.004 -16"><span class='ocrx_word' id='word_1_232' title='bbox 63 3457 184 3499; x_wconf 91' lang='lat' dir='ltr'>manum</span> <span class='ocrx_word' id='word_1_233' title='bbox 206 3441 350 3514; x_wconf 89' lang='lat' dir='ltr'>paulatim</span> <span class='ocrx_word' id='word_1_234' title='bbox 364 3440 395 3498; x_wconf 92' lang='lat' dir='ltr'>in</span> <span class='ocrx_word' id='word_1_235' title='bbox 411 3440 663 3501; x_wconf 87' lang='lat' dir='ltr'>consuetudinem</span> <span class='ocrx_word' id='word_1_236' title='bbox 678 3441 744 3498; x_wconf 92' lang='lat' dir='ltr'>eius</span> <span class='ocrx_word' id='word_1_237' title='bbox 760 3441 846 3512; x_wconf 88' lang='lat' dir='ltr'>regni</span> <span class='ocrx_word' id='word_1_238' title='bbox 862 3437 1029 3515; x_wconf 87' lang='lat' dir='ltr'>occupandi</span> 
     </span>
     <span class='ocr_line' id='line_1_36' title="bbox 65 3524 1030 3585; baseline -0.001 -4"><span class='ocrx_word' id='word_1_239' title='bbox 65 3526 176 3583; x_wconf 87' lang='lat' dir='ltr'>venire.</span> <span class='ocrx_word' id='word_1_240' title='bbox 204 3524 313 3584; x_wconf 88' lang='lat' dir='ltr'>Paucis</span> <span class='ocrx_word' id='word_1_241' title='bbox 336 3526 422 3585; x_wconf 91' lang='lat' dir='ltr'>annis</span> <span class='ocrx_word' id='word_1_242' title='bbox 435 3533 524 3585; x_wconf 90' lang='lat' dir='ltr'>antea</span> <span class='ocrx_word' id='word_1_243' title='bbox 537 3525 695 3584; x_wconf 89' lang='lat' dir='ltr'>Gabinium</span> <span class='ocrx_word' id='word_1_244' title='bbox 708 3540 776 3583; x_wconf 92' lang='lat' dir='ltr'>cum</span> <span class='ocrx_word' id='word_1_245' title='bbox 788 3524 928 3584; x_wconf 90' lang='lat' dir='ltr'>exercitu</span> <span class='ocrx_word' id='word_1_246' title='bbox 940 3524 1030 3583; x_wconf 91' lang='lat' dir='ltr'>luisse</span> 
     </span>
     <span class='ocr_line' id='line_1_37' title="bbox 63 3606 1031 3685; baseline -0.001 -18"><span class='ocrx_word' id='word_1_247' title='bbox 63 3608 93 3667; x_wconf 91' lang='lat' dir='ltr'>in</span> <span class='ocrx_word' id='word_1_248' title='bbox 105 3611 266 3685; x_wconf 84' lang='lat' dir='ltr'>Aegypto;</span> <span class='ocrx_word' id='word_1_249' title='bbox 280 3609 458 3685; x_wconf 91' lang='lat' dir='ltr'>Pompeium</span> <span class='ocrx_word' id='word_1_250' title='bbox 470 3626 505 3670; x_wconf 92' lang='lat' dir='ltr'>se</span> <span class='ocrx_word' id='word_1_251' title='bbox 517 3626 556 3668; x_wconf 83' lang='lat' dir='ltr'>ex</span> <span class='ocrx_word' id='word_1_252' title='bbox 568 3610 640 3683; x_wconf 89' lang='lat' dir='ltr'>iuga</span> <span class='ocrx_word' id='word_1_253' title='bbox 652 3609 761 3668; x_wconf 90' lang='lat' dir='ltr'>eodem</span> <span class='ocrx_word' id='word_1_254' title='bbox 773 3609 952 3682; x_wconf 84' lang='lat' dir='ltr'>recepisse;</span> <span class='ocrx_word' id='word_1_255' title='bbox 965 3606 1031 3668; x_wconf 81' lang='lat' dir='ltr'>Car·</span> 
     </span>
     <span class='ocr_line' id='line_1_38' title="bbox 64 3692 1030 3768; baseline 0 -17"><span class='ocrx_word' id='word_1_256' title='bbox 64 3692 849 3768; x_wconf 87' lang='lat' dir='ltr'>saremvenissecumcopiis;nequemortePompei</span> <span class='ocrx_word' id='word_1_257' title='bbox 872 3692 1030 3767; x_wconf 85' lang='lat' dir='ltr'>quicquam</span> 
     </span>
    </p>
   </div>
   <div class='ocr_carea' id='block_1_3' title="bbox 62 3776 1029 3857">
    <p class='ocr_par' dir='ltr' id='par_1_5' title="bbox 62 3776 1029 3857">
     <span class='ocr_line' id='line_1_39' title="bbox 62 3776 1029 3857; baseline -0.005 -20"><span class='ocrx_word' id='word_1_258' title='bbox 62 3776 247 3857; x_wconf 84' lang='lat' dir='ltr'>profectum,</span> <span class='ocrx_word' id='word_1_259' title='bbox 281 3793 342 3852; x_wconf 92' lang='lat' dir='ltr'>quo</span> <span class='ocrx_word' id='word_1_260' title='bbox 366 3778 466 3837; x_wconf 92' lang='lat' dir='ltr'>minus</span> <span class='ocrx_word' id='word_1_261' title='bbox 490 3777 573 3852; x_wconf 90' lang='lat' dir='ltr'>apud</span> <span class='ocrx_word' id='word_1_262' title='bbox 594 3792 629 3835; x_wconf 91' lang='lat' dir='ltr'>se</span> <span class='ocrx_word' id='word_1_263' title='bbox 653 3776 765 3836; x_wconf 86' lang='lat' dir='ltr'>Caesar</span> <span class='ocrx_word' id='word_1_264' title='bbox 787 3784 1029 3837; x_wconf 87' lang='lat' dir='ltr'>commoraretur.</span> 
     </span>
    </p>
   </div>
   <div class='ocr_carea' id='block_1_4' title="bbox 0 0 1149 4176">
    <p class='ocr_par' dir='ltr' id='par_1_6' title="bbox 0 0 1149 4176">
     <span class='ocr_line' id='line_1_40' title="bbox 0 0 1149 4176; baseline 0 0"><span class='ocrx_word' id='word_1_265' title='bbox 0 0 1149 4176; x_wconf 95' lang='lat' dir='ltr'> </span> 
     </span>
    </p>
   </div>
  </div>
 </body>
</html>
