2272 4176
126 121 188 184 332
364 123 520 183 BELLUM
542 124 862 186 ALEXANDRINUM.

124 281 153 338 ci
177 278 364 337 dediderunt.
395 278 506 336 Caesar
526 279 555 336 in
578 279 668 337 fidem
690 288 833 354 receptos
850 279 1026 340 consolatus
1040 294 1086 358 pet

125 363 257 421 hostium
272 363 454 422 munitiones
470 365 498 421 in
515 379 601 422 suam
616 372 732 437 partem
748 365 855 440 oppidi
869 379 980 438 magna
995 370 1085 438 grabr-

126 448 236 507 latione
256 447 338 506 venit
358 462 499 515 suorum;
528 448 578 522 qui
599 464 660 508 non
680 456 796 508 tantum
817 450 931 508 bellum
945 448 1046 522 ipsum
1058 464 1086 509 ao

126 532 362 606 dimicationem,
391 532 560 593 sedetiam
584 534 675 592 talem
699 533 864 594 adventum
892 532 958 592 eius
980 533 1086 593 felicem

125 616 221 676 sulsse
235 617 434 676 laetabantur.

206 742 336 803 XXXIII.
360 743 472 802 Caesar
490 743 635 819 Aegypto
658 749 750 817 atque
770 742 963 804 Alexandria
981 746 1085 820 potitus

31 850 33 855 ¹
123 842 213 902 reges
231 828 399 900 constituit,
426 842 505 901 quos
520 825 712 887 Ptolemaeus
733 833 916 889 testamento
934 830 1087 904 scripserat

124 919 215 986 atque
231 913 400 972 obtestatus
416 917 481 970 erat
495 911 642 985 populum
648 910 828 986 Romanum,
844 927 884 972 ne
899 919 1086 974 mutarentur.

123 997 197 1054 Nam
208 997 323 1056 maiore
338 993 512 1055 exduobus
528 994 641 1069 pueris,
656 1010 739 1069 rege,
754 997 869 1057 amisso
881 998 994 1058 nnnori
1007 999 1086 1059 tradi·

123 1081 167 1140 dit
155 1088 307 1178 tregnum
321 1079 491 1155 maiorique
506 1095 545 1139 cx
559 1079 679 1138 duabus
694 1079 780 1154 tiliis,
803 1080 1002 1157 cleopatrae,
1018 1097 1086 1158 quae

124 1173 277 1225 manserat
290 1165 321 1223 in
336 1165 397 1224 fide
411 1162 635 1260 praesidiisque
649 1163 732 1223 eius
753 1164 902 1226 minorem
911 1166 1130 1240 ,Arsinoen

124 1250 211 1309 culus
226 1250 346 1310 nominc
361 1249 414 1308 diu
427 1262 575 1323 regnasse
590 1248 761 1322 inpotenter
774 1248 978 1328 Ganymeden
994 1251 1086 1313 dood-

124 1350 200 1408 mus,
217 1334 369 1393 deducere
383 1348 422 1392 cx
436 1348 533 1407 regno
548 1336 609 1391 stat
596 1333 660 1406 tuit,
682 1348 721 1392 ne
737 1348 798 1407 qua
812 1350 922 1395 rursus
939 1352 1021 1396 nova
1033 1336 1130 1401 dis:

123 1418 236 1491 sensio,
253 1419 432 1492 prinsquam
447 1416 641 1477 diuturnitate
657 1416 910 1479 confirmarentur
923 1435 1030 1495 regum
1042 1420 1085 1479 im·
1120 1442 1130 1595 ¹

125 1503 217 1577 peria,
231 1519 287 1578 per
299 1501 438 1562 hommes
451 1501 616 1561 seditiosos
628 1507 815 1561 nasceretur
826 1502 982 1578 Legiones
993 1504 1033 1564 rbi
1043 1520 1085 1564 ve

1126 1232 1130 1279 1

1126 1294 1130 1375 1

1124 1386 1130 1437 1

125 1595 228 1646 terana
243 1593 313 1647 sext
314 1603 332 1647 a
347 1602 453 1646 secum
466 1585 575 1646 reduct
563 1593 594 1645 ta
608 1593 726 1646 ceteras
741 1586 878 1663 reliquit,
902 1605 964 1664 quo
980 1589 1084 1649 iirmiiu
1126 1556 1130 1659 1

123 1679 205 1731 essct
220 1687 326 1731 eorum
350 1686 457 1745 regum
481 1670 656 1746 Imperium,
683 1670 735 1746 qui
756 1685 858 1746 neque
873 1687 1011 1733 amorem
1025 1690 1084 1734 suo·

123 1772 188 1816 rum
203 1756 387 1816 haberet
332 1771 373 1832 po
375 1761 482 1828 terant,
499 1756 583 1830 quod
597 1755 727 1814 fideliter
737 1758 993 1829 permanserant
984 1775 1014 1817 tn
1024 1757 1085 1819 cae
1126 1774 1130 1785 ·

121 1841 199 1900 saris
214 1840 359 1916 amicitia,
385 1855 486 1915 neque
508 1839 667 1899 vetustatis
683 1840 893 1900 auctoritatem
909 1843 1019 1917 paucis
1033 1843 1085 1903 die
1124 1730 1130 1929 1

120 1926 178 1985 bus
199 1941 290 2000 reges
313 1924 476 1985 constituti.
506 1923 600 1984 Simul
620 1923 660 1982 ad
674 1924 793 1999 imperii
806 1925 905 1985 nostri
922 1927 1087 2002 dignitatem
1126 1938 1130 1969 1

121 2009 339 2084 utilitatemque
360 2009 511 2082 publicam
532 2008 685 2083 pertinere
701 2009 908 2085 existimabat,
936 2013 963 2071 si
977 2027 1085 2087 perma-

121 2101 229 2152 nerent
242 2096 272 2152 in
288 2094 348 2152 fide
362 2109 468 2168 regen,
484 2093 646 2167 praesidIIs
663 2108 717 2153 cos
734 2093 848 2153 nostris
865 2109 939 2155 esse
954 2102 1052 2166 tutos;
1065 2094 1086 2155 si

122 2186 227 2239 essent
241 2178 364 2251 ingrati,
391 2193 486 2252 posse
506 2178 606 2237 isdem
620 2178 784 2252 praesidiis
800 2180 950 2239 coerceri.
983 2181 1034 2244 Sic
1045 2195 1075 2240 re

120 2264 179 2323 bus
196 2262 335 2322 omnibus
357 2263 503 2322 confectis
525 2269 556 2322 et
569 2263 726 2324 collocatIs
741 2262 810 2338 ipse
826 2265 989 2338 proiectus
1004 2264 1084 2326 estio

121 2347 251 2426 Syriam.

195 2470 335 2533 XXXIV.
358 2473 435 2532 Dum
450 2471 526 2531 haec
540 2472 570 2531 in
585 2474 730 2551 Aegypto
746 2470 908 2549 geruntur,
934 2491 993 2535 rex
1007 2476 1084 2536 Deio

118 2566 203 2618 tarus
219 2559 258 2617 ad
271 2558 433 2617 Domitium
442 2557 605 2632 Calvinum,
622 2559 669 2618 cui
687 2558 799 2618 Caesar
813 2559 922 2618 Asiam
937 2560 1085 2621 finitimas·

120 2659 180 2718 que
195 2643 369 2718 provincIas
385 2641 641 2702 adnnnistrandas
657 2643 837 2717 tradiderat,
864 2644 953 2704 venit
967 2652 1084 2720 oratum,

119 2743 158 2787 ne
172 2727 346 2787 Armeniam
361 2726 523 2800 minorem,
549 2743 676 2801 regnum
699 2743 803 2802 suum,
829 2743 910 2787 neve
933 2730 1085 2807 Cappado-

19 2856 26 2885 ·.
119 2814 211 2886 ciam,
233 2826 360 2885 regnum
379 2811 609 2885 Ariobarzanis,
633 2811 788 2888 possideri
807 2813 990 2891 vastarique
1011 2822 1084 2891 pate

117 2906 200 2957 retur
219 2895 424 2962 aPharnace;
452 2911 512 2969 quo
533 2899 612 2957 malo
628 2896 686 2955 nisi
700 2896 918 2972 liberarentur,
945 2900 1084 2975 imperata

118 2981 276 3041 sefacere
301 2979 526 3054 pecunIamquc
551 2982 734 3054 promissam
760 2981 883 3041 Caesari
906 3000 970 3044 non
997 2998 1084 3060 posse

118 3066 305 3142 persolvere.
334 3063 482 3124 Domitius
504 3080 565 3125 non
587 3071 702 3125 tantum
723 3065 763 3125 ad
785 3067 990 3140 explicandos
1011 3086 1082 3130 sum·

119 3157 188 3224 ptus
203 3150 248 3208 rei
263 3148 398 3208 militaris
408 3164 476 3208 cum
491 3150 652 3223 pecuniam
666 3151 874 3210 necessariam
889 3167 962 3213 esse
977 3154 1072 3214 iudica

116 3241 170 3308 ret,
187 3234 242 3292 sed
257 3234 346 3293 etlam
360 3239 449 3307 turpe
464 3236 580 3309 populo
595 3235 733 3296 Romano
749 3241 779 3295 et
794 3234 824 3295 C.
843 3234 968 3298 Caesari
982 3234 1082 3298 victori

120 3316 238 3392 sibique
252 3319 363 3377 insane
377 3333 448 3378 esse
463 3325 616 3394 statueret,
632 3335 728 3396 regna
742 3319 897 3380 sociorum
909 3327 1003 3398 atque
1017 3321 1081 3383 arni·

17 3396 20 3401 '
117 3417 223 3464 corum
243 3403 280 3463 ab
302 3411 429 3465 externo
450 3420 523 3481 rege
544 3405 705 3482 occupari,
735 3403 858 3466 nunti0s
875 3404 1081 3471 confestlmad
