2302 4192
339 162 498 231 BELLUM
517 166 782 232 Hispaniense.
985 162 1048 242 417
1129 207 1132 211 ⁴

66 340 91 384 ts
118 324 454 402 nostrorumporttom
470 324 646 385 conservabo
661 330 691 386 ct
706 325 811 386 bellom
823 326 924 401 primo
934 344 1045 405 quoqne

66 422 202 485 tenpore
212 408 375 481 mrtfiofam
398 406 533 468 dotans
548 410 581 467 io
598 412 695 470 animo
706 410 798 470 babeo
808 409 910 471 advos
922 415 1046 474 mittere.

66 492 212 566 ’rosceto
222 493 838 569 nosoocommeatuprtaattnecessartoad
846 494 1046 557 dimicandum

66 576 259 638 bsccndent.

152 660 275 720 XXVII.
297 661 472 736 Insequenti
487 667 624 735 tempore
639 677 708 722 cum
722 662 817 722 nostri
833 662 863 720 iu
876 678 971 739 opere
983 664 1044 726 dfe—

66 744 143 805 enti
159 750 281 818 essent,
297 745 415 820 equites
430 744 460 803 in
477 746 604 821 olivete,
623 747 695 806 dum
710 747 877 822 figmentum
894 747 1043 823 interfecti

66 836 142 907 tunt
157 828 283 903 aliquot.
313 828 400 889 Servi
414 830 650 905 transfugerunt,
666 831 718 906 qui
732 831 954 906 mundaverunt,
970 849 996 891 a.
1014 834 1044 893 d.

69 931 97 973 11
114 912 199 974 Non.
214 911 300 972 Mart.
316 914 466 988 proelium
480 913 519 973 ad
536 912 673 975 Soricam
692 916 775 990 quod
790 915 902 975 factum
918 923 983 988 est,
1005 933 1044 977 ex

66 1014 102 1060 eo
119 1005 263 1071 tempore
277 1005 389 1057 metum
410 1012 481 1063 esse
495 1013 652 1072 magnum,
679 1006 708 1059 et
728 999 843 1059 Attium
857 1000 973 1060 Varum
987 1000 1043 1060 cir-

66 1099 141 1145 cum
165 1081 291 1141 castella
315 1096 471 1157 praeesse.
508 1081 554 1142 Eo
575 1083 624 1149 die
639 1082 803 1159 Pompeius
826 1090 926 1144 castra
951 1087 1042 1148 movit

66 1178 96 1229 et
119 1173 231 1226 conue
243 1165 393 1241 Hispalim
413 1165 443 1223 in
466 1166 576 1227 oliveto
603 1168 768 1228 coustituit.
810 1167 923 1228 Caesar
943 1170 1042 1244 prius·

66 1266 165 1329 quam
180 1250 289 1310 eodem
303 1256 351 1310 est
364 1251 535 1325 profectus,
562 1252 633 1310 luna
647 1251 724 1321 hora
739 1252 858 1312 circiter
873 1259 961 1313 sexta
974 1255 1043 1315 visa

66 1344 126 1397 est.
142 1335 190 1394 Ite
204 1335 310 1395 castris
326 1334 415 1405 mous
425 1334 554 1394 Ucubim
566 1334 733 1410 Pompeius
746 1337 941 1412 praesidium,
958 1340 1042 1413 quod

66 1419 208 1495 reliquit,
234 1418 323 1478 iussit
335 1424 369 1477 ut
383 1418 580 1478 incenderent
594 1427 624 1479 et
638 1421 747 1481 deusto
763 1420 878 1496 oppido
894 1422 924 1479 in
940 1431 1040 1483 castre

66 1505 188 1565 maiora
208 1517 243 1562 se
266 1503 446 1578 reciperent.
481 1503 657 1578 Insequenti
680 1511 819 1579 tempore
838 1505 1040 1580 Ventiponem
1094 1580 1097 1585 ⁴

66 1588 220 1665 oppidum
235 1602 302 1646 cum
315 1602 492 1662 oppugnare
515 1587 683 1662 coepisset,
707 1589 860 1649 deditione
881 1589 961 1648 facta
985 1591 1040 1650 iter

66 1674 140 1733 fecit
153 1673 184 1731 In
201 1671 369 1744 Carrucam,
387 1679 492 1731 contra
506 1669 683 1745 Pompeium
699 1679 800 1732 castra
813 1673 925 1746 posuit.
952 1672 1038 1733 Pom-

66 1758 159 1834 peius
176 1755 335 1831 oppidum,
362 1756 445 1830 quod
467 1762 573 1814 contra
594 1772 651 1815 sua
670 1757 824 1831 praesidia
838 1762 942 1831 portas
959 1758 1036 1818 cfau-

67 1842 179 1913 eisset,
205 1840 353 1908 incendit;
379 1840 544 1915 milesque,
572 1840 623 1914 qui
643 1840 766 1899 fratrem
781 1839 914 1901 suumin
930 1842 1036 1902 castris

67 1924 255 2001 Iugulassem
281 1923 469 1998 interceptus
491 1929 539 1983 est
559 1940 577 1983 a
599 1925 712 1985 nostris
729 1930 759 1983 et
773 1924 845 1985 fusti
859 1939 1035 1998 percussus.

67 2008 146 2069 IIiuc
159 2009 266 2068 itinere
280 2008 359 2067 facto
376 2010 405 2066 in
422 2024 560 2082 campum
575 2007 776 2068 Mundensem
792 2018 860 2068 cum
871 2015 956 2069 esset
966 2024 1033 2068 ven

70 2099 141 2167 tum,
160 2099 263 2152 castra
277 2099 382 2151 contm
394 2092 572 2166 Pompeium
587 2093 750 2153 constituit.

152 2175 286 2236 XXVIII.
322 2174 467 2250 Sequenti
490 2177 539 2235 dfe
561 2192 629 2237 cum
649 2178 705 2236 iter
726 2178 827 2237 facere
844 2176 956 2237 Caesar
971 2195 1035 2240 cum

71 2262 169 2339 copiis
184 2261 284 2332 vellet,
298 2261 500 2320 renuntiatum
513 2267 559 2320 cst
572 2277 591 2319 a
605 2259 848 2336 speculatoribus
862 2259 1035 2337 Pompeium

72 2346 108 2406 de
122 2345 214 2407 tertia
226 2344 329 2418 vigata
349 2344 378 2403 fn
400 2345 465 2404 acie
480 2346 611 2405 stetisse.
639 2346 705 2404 Hoc
719 2345 822 2405 nuntio
839 2346 929 2405 allato
943 2348 1036 2406 vexit-

73 2430 129 2491 Ium
145 2428 318 2506 proposuit.
348 2428 465 2488 Idcirco
480 2429 560 2488 enim
575 2430 680 2504 coptas
696 2430 858 2504 eduxerat,
884 2429 966 2504 quod
981 2431 1038 2492 Ur·

72 2513 269 2576 saonenstum
283 2512 407 2586 civitati,
430 2513 482 2586 qui
497 2513 544 2572 sui
558 2514 688 2573 fuissent
708 2514 858 2586 fautorem
889 2520 978 2573 antea
991 2515 1039 2574 fit-

73 2604 152 2659 teras
166 2597 306 2669 mIserat,
332 2597 492 2656 Caesarem
511 2599 592 2657 nolle
606 2598 636 2656 in
657 2599 825 2657 convallem
839 2597 1036 2672 descendere,
1082 2626 1085 2632 ·

72 2683 155 2759 quod
176 2681 321 2741 maiorem
342 2688 459 2754 partem
480 2681 632 2741 exercitus
658 2681 786 2740 tIronem
811 2679 944 2740 haberet.
972 2680 1037 2741 Hac

70 2766 187 2832 litterae
211 2765 406 2824 vehementer
428 2765 648 2825 confirmabant
671 2772 787 2824 mentes
803 2764 1036 2838 oppidanorum.

68 2848 111 2915 Ita
134 2852 196 2910 hac
217 2848 359 2924 opinione
373 2851 467 2909 fretus
482 2856 546 2909 tuto
562 2850 711 2908 sefacere
727 2863 823 2923 posse
837 2848 1037 2909 existimabat.

66 2932 192 3019 Etenim
209 2942 239 2994 et
259 2941 366 2993 natura
385 2934 444 2994 loci
465 2932 683 2993 defendebatur
697 2939 727 2991 et
740 2932 837 3008 Ipsius
854 2933 959 3006 oppidi
973 2949 1037 2993 mu·

66 3023 200 3092 uitione,
222 3018 273 3077 ubi
289 3024 389 3078 castra
404 3019 572 3101 constituta.
601 3017 738 3092 Namque
756 3016 897 3091 superius
913 3018 1037 3077 demon·

66 3105 237 3169 stravimus
259 3102 329 3162 loca
349 3103 528 3162 excellentia
548 3101 669 3160 tumulis
691 3092 853 3175 contineri,
879 3100 1036 3161 intervallo

66 3187 204 3267 plantate
219 3187 328 3256 uvida
344 3186 375 3246 id
391 3187 474 3262 quod
489 3201 525 3246 eo
542 3185 646 3244 incidit
658 3192 805 3260 tempore.
865 3188 871 3199 '

153 3270 259 3331 XXIX.
290 3270 438 3331 Planicies
462 3272 539 3330 inter
563 3276 690 3344 utraque
714 3274 815 3328 castra
833 3266 1038 3332 intercedebat

66 3358 193 3421 circiter
206 3355 288 3414 milia
301 3371 448 3429 passuum
464 3356 606 3430 quinque,
621 3359 654 3414 ut
665 3351 907 3429 auiniaPompei
919 3354 1038 3415 duabus

66 3439 309 3505 defenderentur
318 3439 428 3517 rebus,
445 3440 563 3519 oppido
579 3446 611 3502 et
627 3437 748 3503 exceIs't
758 3437 1062 3501 IoetuutxquXma

102 3538 130 3579 c¹
150 3535 251 3579 ruerus
272 3537 404 3584 caesar.
822 3530 861 3588 'rt
