2272 4176
133 469 195 533 256
450 474 499 534 DE
521 473 645 534 BELLO
668 474 783 534 clvltl

930 592 947 619 Ι

134 627 280 703 opinione
294 628 401 690 hostes
416 630 523 704 lugere
537 630 699 689 arbitratus
715 629 823 703 copias
837 645 877 691 ex
891 631 968 692 loeis
983 630 1100 707 superi·

132 713 237 773 oribus
252 713 282 771 in
298 729 438 788 campum
453 715 544 774 ducit.

215 797 289 856 XLI.
312 798 426 871 Quibus
442 815 481 857 ex
495 798 572 858 locis
589 815 657 859 cum
671 799 792 874 longius
808 806 895 859 esset
906 816 1100 877 progressus,

133 884 271 943 conlecto
287 882 346 940 iam
361 883 467 943 labore
483 884 618 944 exercitu
634 884 770 943 sedecim
784 883 899 943 milium
914 887 1017 960 spatio
1034 902 1099 946 con-

131 967 213 1026 stitit.
243 968 301 1025 Dat
322 967 386 1025 suis
407 969 527 1042 signum
543 966 693 1041 Saburra,
718 968 815 1027 aciem
832 971 990 1029 constituit
1004 978 1035 1029 et
1048 971 1098 1030 cir·

132 1051 245 1111 cumire
267 1050 390 1111 ordines
411 1059 504 1126 atque
517 1051 630 1111 hortari
645 1051 764 1127 incipit;
791 1052 848 1110 sed
868 1054 1008 1127 peditatu
1029 1055 1098 1115 duu-

130 1142 214 1195 taxat
234 1136 340 1210 procul
362 1136 401 1194 ad
424 1136 559 1210 speciem
580 1138 686 1210 utitur,
714 1135 832 1211 equites
848 1136 879 1194 in
894 1138 993 1197 aciem
1007 1140 1097 1199 mittit

129 1220 195 1280 Non
225 1220 313 1278 deest
340 1222 461 1294 negotio
488 1219 576 1279 Curio
606 1236 744 1296 suosque
771 1219 926 1296 hortatur,
956 1229 989 1282 ut
1018 1240 1097 1298 spem

131 1319 250 1364 omnem
261 1305 290 1361 in
302 1304 412 1363 virtute
422 1311 581 1379 reponant.
597 1304 641 1363 Ne
652 1305 797 1363 militibus
811 1306 946 1382 quidem,
958 1314 992 1367 ut
1004 1308 1096 1367 deles-

130 1390 188 1462 sis,
204 1404 305 1463 neque
320 1389 489 1463 equitibus,
512 1396 545 1449 ut
559 1389 666 1463 paucis
682 1395 712 1447 et
725 1388 831 1448 labore
846 1392 1015 1466 conlectiS,
1040 1399 1096 1452 stu-

129 1474 211 1532 dium
232 1473 271 1530 ad
292 1474 489 1547 pugnandum
509 1474 668 1548 virtusque
684 1473 804 1542 deerat;
830 1474 888 1532 sed
901 1474 933 1534 hi
949 1482 1036 1535 erant
1048 1495 1095 1537 nu-

128 1573 212 1616 mero
229 1557 365 1630 ducenti,
387 1558 497 1634 reliqui
511 1559 541 1615 in
555 1558 663 1616 itinere
679 1557 887 1617 substiterant.
916 1558 970 1634 Hi,
998 1578 1095 1635 quam-

129 1656 258 1716 cumque
273 1641 302 1698 in
319 1650 433 1716 partem
447 1644 592 1716 impetum
608 1643 758 1715 fecerant,
782 1641 891 1702 hostes
906 1645 977 1705 loco
993 1646 1095 1704 cedere

129 1725 292 1799 cogebant,
318 1728 372 1786 sed
397 1743 496 1801 neque
511 1727 631 1800 longius
647 1725 796 1799 fugientes
813 1729 964 1802 prosequi
978 1745 1038 1788 nec
1049 1745 1095 1788 ve-

128 1810 296 1869 hementius
313 1826 410 1885 equos
426 1811 550 1870 incitare
565 1816 715 1884 poterant.
743 1810 785 1868 At
799 1811 953 1885 equitatus
969 1813 1094 1874 hostium

128 1896 310 1969 ab'utroque
325 1911 421 1954 cornu
437 1896 564 1954 circuire
579 1894 675 1953 aciem
690 1900 826 1953 nostram
841 1901 872 1953 et
887 1912 1019 1957 aversos
1031 1914 1093 1973 pro-

128 1988 224 2038 terere
249 1980 362 2052 incipit.
399 1981 471 2039 Cum
497 1979 639 2039 cohortes
667 1994 705 2036 ex
731 1979 797 2036 acie
822 1983 1093 2053 procucurrissent

128 2064 272 2122 Numidae
293 2064 401 2138 integri
428 2065 580 2123 celeritate
606 2063 751 2136 impetum
776 2070 955 2124 nostrorum
975 2067 1092 2142 effugie-

129 2150 206 2221 bant,
222 2164 392 2222 rursusque
407 2149 446 2208 ad
463 2148 585 2208 ordines
601 2163 676 2206 suos
689 2162 723 2205 se
734 2149 920 2222 recipientes
935 2151 1094 2210 circuibant

128 2241 157 2291 et
171 2234 209 2290 ab
225 2234 290 2291 acie
306 2233 517 2291 excludebant.
549 2230 599 2291 Sic
620 2247 721 2306 neque
742 2231 773 2288 in
794 2234 863 2293 loco
878 2250 1007 2295 manere
1022 2236 1092 2295 ordi·

127 2332 243 2391 aesque
258 2332 383 2374 servare
404 2332 505 2391 neque
521 2332 702 2390 procurrere
718 2321 747 2373 et
762 2331 867 2375 casum
882 2319 991 2377 subire
1005 2328 1092 2379 tutum

131 2401 293 2459 ridebatur.
322 2401 463 2459 Hostium
488 2401 596 2474 copiae
622 2399 794 2459 summissis
821 2401 859 2461 ab
881 2418 958 2477 rege
979 2405 1091 2463 auxiliis

128 2484 234 2543 crebro
251 2485 455 2558 augebantur3
472 2493 594 2544 nostros
609 2485 691 2543 vires
707 2485 889 2545 lassitudine
904 2487 1090 2559 deficiebant

127 2569 214 2626 simul
229 2568 257 2642 ii,
275 2569 326 2642 qui
340 2571 467 2628 vulnera
482 2577 672 2642 acceperant,
688 2583 789 2642 neque
800 2570 866 2628 acie
879 2572 1033 2631 excedere
1046 2587 1090 2631 ne·

127 2667 186 2727 que
208 2653 237 2710 in
263 2654 362 2712 locum
384 2660 480 2712 tutum
505 2654 612 2711 referri
639 2658 794 2727 poterant,
825 2655 910 2728 quod
931 2662 996 2715 tota
1017 2657 1090 2716 acies

127 2737 260 2811 equitatu
275 2737 406 2796 hostium
423 2737 608 2796 circumdata
622 2737 789 2796 tenebatur.
818 2737 856 2796 Hi
872 2740 911 2797 de
927 2756 986 2798 sua
1001 2743 1091 2800 salute

128 2823 341 2895 desperantes,
367 2828 399 2879 ut
424 2828 559 2879 extremo
580 2822 660 2880 vitae
681 2829 818 2895 tempore
839 2821 980 2883 homines
996 2827 1090 2884 lacere

127 2914 327 2978 consuerunt,
344 2913 394 2965 aut
409 2923 494 2964 suam
509 2913 634 2964 mortem
649 2906 871 2965 miserabantur
887 2915 939 2967 aut
954 2917 1089 2983 parentes

127 3006 200 3048 suos
217 2991 483 3063 commendabant,
500 2991 526 3048 si
542 3006 620 3064 quos
636 3005 675 3048 ex
690 3005 727 3049 eo
742 2991 879 3064 periculo
895 2994 1019 3052 fortuna
1032 3009 1097 3061 ser-—

125 3090 198 3133 vare
215 3076 372 3147 potuisset.
402 3075 495 3133 Plena
510 3081 595 3132 orant
610 3074 710 3133 omnia
724 3075 839 3133 timoris
856 3083 886 3134 et
899 3078 1012 3137 luctus.

207 3159 293 3216 XLII.
318 3159 414 3231 Curio,
431 3160 482 3218 ubi
498 3158 663 3233 perterritis
680 3159 821 3218 omuibus
836 3175 939 3235 neque
955 3162 1088 3222 cohorta-

125 3246 222 3304 tiones
239 3259 311 3302 suas
327 3259 427 3317 noque
450 3259 558 3317 procos
580 3243 677 3301 audiri
698 3242 857 3317 intellegit,
882 3261 992 3319 anain,
1018 3245 1087 3307 utin

124 3327 243 3388 miseris
258 3329 359 3400 rebus,
376 3344 462 3401 spem
474 3329 621 3401 reliquam
633 3328 739 3386 salutis
753 3343 824 3387 esse
835 3328 1009 3404 arbitratus,
1024 3346 1088 3405 pro·

124 3414 223 3472 ximos
250 3414 343 3471 colles
369 3428 479 3488 capere
502 3413 664 3472 universos
697 3419 787 3485 atque
812 3427 849 3471 eo
876 3413 967 3486 signa
992 3413 1088 3474 inlerri

124 3498 216 3556 iubet.
244 3499 309 3556 Hos
331 3513 454 3571 quoque
477 3503 682 3571 praeoccupat
695 3496 808 3555 missus
824 3512 842 3554 a
858 3495 995 3557 Saburra
1009 3498 1088 3574 equi·

124 3587 213 3638 tatus.
241 3584 315 3640 Tum
330 3597 403 3642 vero
419 3583 459 3640 ad
479 3596 626 3641 summam
648 3580 895 3654 desperationem
911 3583 1010 3642 nostri
1024 3599 1086 3658 per-

124 3665 248 3723 veniunt
258 3674 288 3724 et
300 3667 406 3740 partim
418 3667 566 3741 fugientes
579 3665 616 3723 ab
632 3665 767 3739 equitatu
779 3665 1009 3741 interficiuntur,
1023 3684 1085 3743 par·

123 3747 175 3807 tim
190 3748 297 3821 integri
312 3752 522 3822 procumbunt.
542 3751 687 3808 Hortatur
702 3748 861 3809 Curionem
871 3749 1085 3817 CnDomitius.
