2272 4176
273 164 316 204 ns
336 164 439 205 exano
460 164 660 208 crovsrmuo
684 165 712 207 o.
731 157 776 211 60.
798 159 842 213 61·
1010 151 1050 210 75

64 311 180 374 avidius
201 308 285 373 alteri
305 309 413 372 alteros
435 313 566 373 sauciare
588 329 676 390 quam
696 321 789 373 semet
804 320 919 391 tegere:
938 313 1075 375 clamore

64 396 229 474 permixtus
238 394 403 454 hortatione
416 393 523 456 laetitia
538 396 656 470 gemitu,
669 398 740 458 item
749 399 888 474 strepitus
899 416 1049 459 armorum

64 479 102 539 ad
117 477 233 539 eaelum
254 477 341 545 ferri,
362 475 418 537 tela
440 479 588 558 utrimque
605 477 713 540 volare.
761 479 811 541 Set
831 479 881 549 illi,
905 482 955 559 qui
970 499 1050 542 moe·

64 563 112 621 nia
137 560 339 629 defensabant,
361 559 412 622 ubi
424 560 524 622 hostes
537 561 657 641 paulum
676 563 764 623 modo
779 579 907 640 pugnam
929 566 1049 625 remise·

64 650 142 713 rant,
159 645 262 705 intenti
270 642 415 722 proelium
428 652 563 722 equestre
578 645 821 725 prospectabant:
833 665 893 716 eos,
907 650 949 708 uti
961 658 1076 725 quae-4

64 747 124 807 que
137 726 298 803 Iugurthae
311 744 361 786 res
382 735 480 795 erant,
503 727 595 788 laetos
613 730 701 789 modo
718 729 806 790 modo
820 730 940 809 pavidos
958 733 1049 790 anim·

64 811 250 878 adverteres,
273 828 308 870 ac
328 808 421 870 sicubi
437 810 531 872 audiri
552 829 569 870 a
591 813 652 872 suis
666 819 716 873 aut
730 816 813 873 cerni
828 822 963 891 possent,
987 831 1049 872 mo·

64 911 138 955 nere
158 891 206 953 alii
227 893 275 953 alii
289 893 411 962 hortari,
433 900 483 953 aut
495 912 584 956 manu
599 896 763 972 siguificare
784 905 834 957 aut
851 899 903 957 uiti
918 898 1050 975 corpori·

64 980 137 1046 bus,
161 983 192 1038 et
218 995 252 1037 ea
273 976 333 1037 buc
353 984 382 1036 et
402 976 473 1038 illuc
495 980 578 1056 quasi
598 978 747 1040 vitabundi
765 987 816 1040 aut
833 981 970 1041 iacientes
992 979 1050 1039 tela

64 1063 187 1138 agitare.
232 1060 317 1131 Quod
338 1058 390 1120 ubi
411 1060 503 1121 llario
526 1063 675 1138 cognitum
703 1069 747 1124 111
772 1097 807 1107 -
829 1082 897 1123 nam
917 1066 942 1123 is
962 1065 994 1122 in
1016 1078 1076 1128 115

64 1150 150 1222 parte
165 1142 287 1204 curabat
298 1175 347 1211 ,-
372 1142 506 1205 consulto
523 1144 618 1205 lenius
642 1162 730 1223 agere
746 1164 781 1206 ac
797 1146 985 1207 diffidentiam
1005 1146 1050 1206 rei

64 1225 220 1287 simulare:
241 1228 302 1303 pati
317 1227 457 1287 Numidas
474 1229 536 1288 sine
551 1227 677 1290 tumultu
691 1232 770 1305 regis
784 1229 929 1307 proelium
944 1231 1047 1290 visere.

63 1311 107 1370 lta
123 1309 180 1370 illis
200 1310 295 1370 studio
310 1327 431 1370 suorum
449 1310 594 1372 adstrictis
615 1321 736 1390 repente
758 1330 864 1389 magna
882 1316 909 1373 vi
931 1326 1075 1374 murumo

64 1394 251 1470 adgreditur,
268 1399 299 1454 et
312 1395 371 1453 iam
385 1392 469 1453 scalis
484 1397 595 1469 egressi
607 1395 711 1456 milites
728 1414 822 1473 prope
837 1415 950 1457 summa
962 1414 1047 1474 cepe·

64 1483 142 1546 rant,
159 1494 226 1538 cum
237 1477 375 1555 oppidani
390 1483 580 1546 concurrunt,
596 1477 707 1554 lapides
720 1481 818 1555 ignem
830 1479 885 1539 alia
895 1486 1048 1557 praeterea

65 1559 124 1621 tela
146 1561 293 1636 ingerunt.
338 1558 437 1620 Nostri
458 1561 554 1637 primo
574 1561 727 1621 resistere:
750 1561 871 1631 deinde,
898 1561 950 1622 ubi
972 1571 1074 1622 unaet

65 1652 154 1722 atquc
168 1643 278 1704 alterae
293 1643 389 1704 scalae
408 1645 602 1713 conminutae,
625 1646 675 1721 qui
691 1650 922 1722 supersteterant
943 1643 1049 1704 adflicti

65 1733 143 1796 sunt,
159 1728 249 1788 ceteri
264 1744 381 1805 quoquo
396 1725 484 1786 modo
496 1732 628 1805 potuere,
640 1729 726 1804 pauci
739 1729 847 1803 integri
859 1744 965 1804 magna
980 1744 1049 1802 pars

65 1809 235 1873 volneribus
254 1809 393 1879 conlecti,
416 1808 534 1869 absum.
584 1809 715 1888 [lenique
737 1811 885 1888 utrimque
904 1810 1049 1888 proelium

67 1911 126 1954 nox
145 1894 271 1955 diremit.

151 1975 284 2037 Metellus
305 1984 460 2055 postquam
476 1976 554 2036 videt
571 1975 680 2035 frustra
697 1978 859 2054 inceptum,
882 1994 978 2055 neque
995 1993 1046 2052 op·
1058 1977 1096 2037 dt

64 2061 169 2139 pidum
187 2061 251 2137 capi
271 2076 368 2137 neque
388 2058 560 2135 iugurtham
578 2060 685 2118 nisiex
706 2059 816 2119 insidiis
837 2066 887 2120 aut
908 2077 961 2121 suo
982 2059 1048 2118 loco

69 2161 203 2223 pugnam
221 2142 336 2211 lacere,
360 2148 389 2202 et
407 2143 464 2202 iam
486 2148 625 2202 aestatem
646 2149 778 2202 exactam
797 2159 875 2212 esse,
903 2142 939 2202 ab
963 2143 1049 2201 Zama

65 2226 205 2295 discedit,
226 2232 255 2286 et
272 2227 301 2285 in
325 2226 367 2286 eis
381 2224 519 2294 mbibus,
542 2243 617 2302 quae
638 2225 673 2284 ad
689 2243 721 2286 se
736 2225 905 2287 deiecerant
922 2227 1049 2301 satisque

64 2311 197 2373 munitae
210 2307 277 2368 loco
292 2314 342 2369 aut
355 2308 508 2370 moenibus
520 2315 612 2377 erant,
624 2309 769 2386 praesidia
784 2310 904 2387 inponit,
918 2315 1048 2368 ceterum
1059 2319 1075 2364 2

64 2395 229 2456 exercitum
244 2393 275 2451 in
289 2393 484 2470 provinciam,
501 2409 576 2469 quae
589 2409 733 2468 proxuma
748 2398 791 2452 est
804 2391 971 2459 Numidiae,
986 2391 1048 2450 bie-

64 2476 167 2539 mandi
187 2477 281 2552 gratia
296 2475 438 2536 conlocat.
468 2474 570 2553 Neque
591 2475 620 2535 id
641 2481 756 2552 tempus
776 2494 812 2535 ex
827 2475 952 2535 aliorum
965 2486 1075 2536 moret

65 2561 160 2641 quieti
180 2564 230 2620 aut
249 2559 382 2620 luxuriae
400 2558 542 2626 concedit,
559 2564 604 2618 set
617 2559 755 2637 quoniam
769 2560 857 2618 armis
873 2557 983 2617 bellurn
997 2574 1048 2634 pa-

64 2662 136 2706 rum
152 2642 340 2719 procedebat,
355 2641 474 2703 insidias
488 2643 552 2718 regi
565 2659 620 2719 per
635 2643 745 2702 amicos
760 2640 882 2701 tendere
902 2647 1048 2700 eteorum

65 2726 192 2807 perfidia
213 2744 268 2804 pro
290 2727 379 2786 armis
400 2727 442 2787 uti
456 2731 550 2802 parat.
588 2724 679 2801 lgitur
693 2724 902 2792 Bomilcarem,
927 2725 976 2800 qui
990 2723 1077 2784 llo-4

66 2829 134 2872 mae
157 2827 225 2871 cum
244 2808 385 2886 Iugurtha
404 2808 508 2877 iuerat,
525 2814 555 2868 et
574 2807 642 2868 inde
656 2807 778 2868 uadibus
797 2807 871 2867 datis
892 2804 996 2886 [clam]
1013 2804 1049 2864 de
1124 2822 1126 2829 ·

66 2895 207 2955 Massivae
235 2911 307 2954 nece
333 2892 473 2953 iudicium
494 2892 622 2969 fugerat,
651 2891 730 2971 quod
752 2893 779 2951 ei
800 2908 854 2967 per
882 2906 1049 2949 maxumam

66 2978 225 3038 amicitiam
240 2993 377 3037 maxuma
395 2977 479 3053 copia
494 2974 612 3036 fallendi
627 2980 715 3044 erat,¹
725 2973 823 3033 multis
837 2972 1049 3051 pollicitationi-

66 3062 126 3121 bus
146 3060 326 3137 adgreditur.
372 3059 414 3119 Ac
434 3060 530 3136 primo
549 3057 652 3126 efficit,
680 3058 724 3118 uti
745 3057 780 3116 ad
804 3074 835 3116 11
856 3053 1077 3133 conloquendio

67 3146 164 3223 gratia
178 3143 309 3205 occultus
324 3144 432 3203 veniat:
448 3140 553 3203 deinde
567 3142 625 3202 fide
640 3141 715 3209 data,
729 3142 754 3200 si
769 3139 940 3215 Iugurtham
957 3139 1050 3196 vivom

68 3234 121 3288 aut
137 3233 272 3288 necatum
287 3226 343 3287 sibi
360 3225 535 3294 tradidisset,
552 3225 615 3285 lore
630 3232 663 3285 ut
673 3224 714 3284 illi
727 3229 846 3283 senatus
859 3221 1051 3298 inpunitatem

69 3320 102 3371 et
122 3328 176 3371 sua
196 3311 292 3370 omnia
313 3308 504 3379 concederet,
528 3307 612 3369 facile
630 3307 772 3368 Numidae
792 3304 960 3382 persuadet,
982 3320 1051 3364 cum

70 3396 190 3470 ingenio
205 3393 302 3459 infido,
318 3399 381 3454 tum
395 3396 550 3462 metuenti,
568 3410 620 3457 ue,
641 3393 667 3450 si
686 3407 744 3468 pax
761 3406 828 3449 cum
844 3387 984 3448 Romanis
999 3387 1052 3448 lie·
