2272 4176
130 489 193 553 284
448 487 498 551 itit
518 486 643 551 BELLO
666 488 782 551 clviii

131 649 310 721 querentur,
333 640 419 704 Sulla
439 643 605 704 revocavit.
643 642 686 703 m
703 642 846 722 plerique
863 640 1090 718 extenuaras

25 748 29 763 ·
130 730 230 789 acrius
253 728 378 804 insequi
397 728 562 806 voluisset,
581 727 693 789 bellum
711 744 749 790 eo
772 728 823 789 die
844 729 986 806 potuisse
1006 724 1090 787 linire.

130 815 222 876 cnius
231 812 686 888 eonsiliumreprehcndendum
697 829 760 875 non
770 812 901 877 videtur.
924 813 1014 875 Aliae
1024 809 1091 871 enin

130 905 201 959 sunt
222 897 313 973 legati
335 904 439 973 partes
455 905 548 973 atque
568 898 775 973 imperatoriss
799 900 877 959 alter
895 898 1001 961 omnia
1013 908 1092 971 egere

130 985 169 1044 ed
182 982 413 1060 praescriptum,
425 984 501 1042 atter
510 982 605 1043 libere
617 983 656 1042 ad
667 999 817 1044 summam
828 998 933 1044 rerum
943 982 1092 1043 consulere

131 1069 231 1129 debet.
263 1066 346 1127 Sulla
359 1083 376 1125 a
391 1066 522 1127 Caesare
544 1066 652 1127 castris
671 1068 797 1128 relictus
811 1068 950 1128 liberetis
965 1066 1031 1127 suis
1042 1064 1092 1125 hoc

130 1154 186 1212 iuit
207 1156 367 1213 contentus
389 1167 491 1226 neque
511 1151 628 1226 proelio
650 1152 808 1213 decertare
822 1153 937 1227 voluit,
960 1148 1092 1229 quaeres

129 1244 229 1297 tamen
244 1237 376 1297 sortasse
390 1236 522 1310 aliquem
535 1236 687 1311 reciperet
701 1252 814 1312 casum,
836 1252 878 1297 ne
891 1233 1091 1314 imperatorias

131 1322 189 1382 sibi
202 1327 306 1396 partes
322 1321 494 1394 sumpsisse
507 1321 670 1381 videretur.
695 1321 890 1397 Pompeianis
902 1332 1092 1397 magnamrss

131 1407 169 1466 ad
183 1411 340 1480 receptum
355 1405 564 1465 difficultatem
579 1406 744 1466 adferebat.
772 1406 847 1466 Nam
865 1423 905 1467 ex
916 1407 1022 1482 iniquo
1032 1417 1090 1480 pro·

130 1491 230 1566 gressi
251 1493 320 1551 loco
341 1490 371 1549 in
393 1505 511 1550 summo
532 1491 744 1551 constiterant:
768 1485 796 1551 si
816 1506 873 1565 per
893 1491 1015 1551 declive
1032 1499 1093 1549 sest

131 1575 316 1650 reciperent,
338 1580 462 1635 nostros
484 1590 523 1635 ex
544 1574 705 1649 superiore
716 1576 918 1650 insequentes
935 1576 1004 1636 loce
1018 1586 1091 1634 vere

133 1660 256 1729 bantur;
271 1674 372 1734 neque
386 1661 512 1719 multum
527 1659 566 1719 ad
581 1659 656 1720 solis
672 1675 816 1720 occasum
831 1660 982 1736 temporis
998 1670 1091 1735 super·

132 1750 210 1803 erat:
236 1759 294 1819 spe
315 1743 394 1804 enim
421 1743 603 1805 conficiendi
618 1745 731 1819 negotii
744 1759 844 1820 prope
859 1745 889 1804 in
905 1751 1027 1806 noctem
1039 1756 1093 1803 rem

132 1828 291 1889 duxerant.
320 1829 364 1888 lta
379 1828 555 1889 necessario
568 1835 660 1904 atque
671 1845 711 1888 ex
722 1836 861 1906 tempore
872 1835 967 1905 capto
979 1826 1092 1891 consilio

131 1913 295 1989 Pompeius
307 1915 454 1974 tumulum
467 1913 617 1989 quendem
630 1914 801 1990 occupavit
814 1913 867 1989 qui
877 1919 994 1975 tantum
1002 1913 1094 1974 aberet

132 2014 151 2057 a
170 2004 276 2058 nostro
300 2000 441 2073 castello,
463 2005 495 2058 ut
514 1999 607 2057 telum
628 2005 777 2060 tormento
799 1998 932 2058 missum
947 1998 1029 2074 adigi
1043 2011 1092 2057 non

133 2089 249 2159 posset.
278 2083 344 2143 Hoc
360 2083 498 2143 consedit
512 2083 580 2142 loco
593 2089 685 2159 atquc
697 2099 765 2144 eum
777 2082 977 2144 communivit
987 2096 1092 2145 omna·

135 2184 194 2243 que
207 2168 249 2226 ibi
265 2168 372 2242 copias
388 2166 543 2228 continuit.

215 2251 274 2310 Lil.
318 2252 435 2312 Eodem
447 2258 584 2326 tempore
595 2252 715 2313 duobus
726 2258 888 2327 practerea
899 2252 979 2314 locis
991 2266 1092 2327 pugna·
1119 2296 1128 2325 ἱ.

134 2343 195 2396 tum
210 2341 272 2395 est:
288 2352 357 2396 nam
372 2337 460 2410 plura
476 2338 600 2396 castella
609 2335 773 2412 Pompeius
786 2336 901 2410 pariter
913 2334 1095 2397 distinendae

133 2436 240 2481 manus
257 2436 351 2480 causa
364 2426 572 2495 temptaverat,
588 2437 626 2480 ne
641 2437 680 2482 ex
694 2421 842 2496 proximis
858 2420 1026 2495 praesidiis
1037 2433 1094 2480 suc-

134 2505 213 2564 curri
225 2511 341 2579 posset.
370 2505 438 2565 Uno
450 2507 518 2565 loco
530 2506 689 2566 Volcatius
701 2508 805 2567 Tullus
816 2505 967 2579 impetum
977 2502 1094 2580 legionis

134 2589 276 2649 sustinuit
291 2589 466 2649 cohortibus
481 2589 577 2650 tribus
593 2597 685 2665 atque
700 2606 765 2650 eam
776 2592 845 2650 loco
858 2590 995 2665 depulit;
1011 2590 1094 2649 altero

135 2674 275 2734 Germani
295 2674 477 2734 munitiones
499 2679 622 2734 nostras
643 2674 761 2749 egressi
783 2673 995 2748 compluribus
1016 2674 1094 2733 inter·

135 2759 221 2819 lectis
237 2774 308 2819 sese
323 2759 361 2819 ad
378 2775 452 2818 suos
467 2758 636 2819 incolumes
651 2765 843 2834 receperunt.

215 2843 289 2903 Llll.
333 2845 377 2903 lta
391 2859 452 2904 uno
469 2842 518 2902 die
533 2859 588 2902 sex
603 2843 729 2918 proeliis
745 2843 841 2917 laetis,
858 2841 957 2903 tribus
973 2843 1014 2903 ad
1028 2842 1095 2920 ityr-

133 2928 297 3003 muchium,
313 2929 410 2988 tribus
423 2928 462 2987 ad
473 2928 665 3001 munitiones
682 2943 750 2986 cum
761 2926 868 2988 horum
882 2926 1018 2987 omnium
1029 2924 1097 2985 ratio

134 3012 305 3088 haberetur,
320 3013 360 3072 ad
376 3013 437 3073 duo
452 3012 533 3072 milia
548 3028 673 3073 numero
690 3026 729 3070 cx
741 3009 938 3087 Pompeianis
955 3010 1099 3071 cecidisse

134 3097 371 3172 reperiebamus,
387 3103 533 3158 evocatos
550 3095 806 3172 centurionesque
822 3096 998 3170 complures
1013 3095 1098 3170 (ineo

135 3182 190 3241 luit
203 3198 329 3243 numero
344 3182 486 3242 Valerius
500 3181 638 3257 Flaccus,
654 3179 687 3238 L.
703 3180 793 3256 filius
815 3181 891 3254 eius,
914 3181 967 3255 qui
983 3184 1099 3256 praetor

135 3267 239 3326 Asiam
252 3267 451 3336 obtinuerat);
468 3267 617 3342 signaque
628 3272 698 3326 sunt
708 3265 848 3325 militaria
859 3280 917 3324 sex
924 3267 1031 3325 relata.
1045 3263 1098 3324 No

135 3351 188 3410 stri
204 3367 266 3412 non
281 3352 411 3427 amplius
425 3351 530 3426 viginti
546 3350 686 3412 omnibus
702 3357 773 3410 sunt
787 3349 913 3425 proeliis
930 3346 1099 3409 desiderati.

136 3433 197 3494 Sed
212 3435 241 3494 in
259 3438 384 3497 castello
400 3452 490 3497 nemo
505 3436 562 3497 luit
573 3435 695 3497 omnino
711 3435 851 3509 militum,
875 3432 949 3508 quin
964 3435 1100 3494 vulnere·

134 3526 226 3587 retur,
244 3530 448 3597 quattuorque
474 3537 512 3581 ex
538 3537 600 3581 una
624 3519 749 3581 cohorte
776 3518 973 3580 centuriones
998 3519 1100 3580 oculos

135 3603 307 3668 amiserunt.
336 3607 374 3666 Et
396 3622 463 3666 cum
484 3606 599 3666 laboris
621 3605 667 3665 sui
689 3603 879 3679 periculique
899 3602 1101 3664 testimonium

135 3685 255 3746 adferre
266 3693 386 3762 vellent,
397 3689 485 3749 milia
496 3690 672 3764 sagittarum
684 3689 803 3748 circiter
816 3687 940 3762 triginta
954 3689 985 3749 in
998 3687 1100 3750 castel·

135 3769 196 3834 lun
217 3772 354 3832 coniecta
375 3770 496 3831 Caesari
520 3782 791 3835 renumeraverunt
809 3778 964 3850 scutoque
985 3773 1026 3836 ad
1040 3787 1101 3835 eunt
