2272 4176
434 161 552 222 LIBER
574 163 623 220 lli.
980 166 1021 231 55

64 315 154 379 tatae
168 324 219 378 est
233 312 444 389 aestimanda,
470 329 540 375 cum
560 316 750 391 intellegeret
770 318 801 376 in
816 318 854 381 iis
869 320 946 383 locis
962 321 1021 384 sibi

64 396 151 463 latum
164 400 352 478 gerendum,
366 398 418 457 ubi
432 399 540 473 paucis
556 408 626 461 antc
640 401 729 461 annis
737 401 770 460 L.
778 402 920 465 Valerius
928 405 1019 466 Prae·

64 486 169 547 amaus
193 486 320 561 legatus
345 483 480 545 exercitu
505 486 597 559 pulso
627 485 803 546 interiectus
825 496 909 549 esset
929 498 1020 569 atque

63 566 309 631 amabilioribus
332 570 500 642 proconsul
523 569 749 644 impedimentis
771 571 892 632 amissis
914 576 1018 648 prolu-

61 654 145 729 gisset,
159 670 225 714 non
240 651 430 712 mediocrem
444 651 503 711 sibi
518 653 704 728 diligentiam
716 653 922 715 adhibendam
933 658 1016 718 intel-

61 732 168 813 lgebnt.
194 738 306 811 Itaque
319 751 355 795 re
369 736 566 811 frumentaria
580 738 715 812 provisa,
731 739 852 798 auxiliis
869 742 1016 815 equitatu-

62 837 106 896 que
117 826 305 896 conparato,
330 820 432 879 multis
447 829 607 894 praeterea
620 822 695 880 viris
711 821 839 882 sortibus
854 825 969 885 Tolosa
989 837 1015 887 et

60 903 190 980 b'arbone,
207 919 291 980 quae
306 910 380 964 sunt
394 902 530 964 civitates
547 905 662 964 Galliac
677 906 857 980 provinciae
872 909 1018 969 finitimae

60 987 94 1049 iis
109 989 304 1065 regionibus,
343 988 518 1048 nominatim
539 990 675 1049 evocatis
696 990 727 1048 in
749 989 919 1052 Sontiatum
940 996 1017 1052 fines

61 1075 204 1135 aucium
234 1072 415 1134 introduxit.
445 1072 535 1132 Cuius
562 1074 694 1133 adventu
719 1075 841 1148 cognito
864 1075 1017 1138 Sontiatos

60 1159 158 1233 magnis
172 1157 275 1233 copiis
293 1157 409 1218 coactis
430 1157 641 1232 equitatuque,
669 1174 729 1231 quo
752 1159 914 1232 plurimum
935 1162 1016 1220 vale-

60 1238 126 1318 bant,
149 1242 181 1302 in
210 1242 323 1302 itinere
338 1255 446 1315 agmen
461 1248 599 1301 nostrum
615 1241 712 1300 adorti
729 1242 859 1316 primum
875 1254 1017 1320 equestre

52 1326 188 1399 'poclum
203 1325 440 1398 commiserunt,
463 1325 575 1384 dcinde
596 1325 730 1401 equitatu
746 1343 803 1387 suo
819 1328 910 1402 pulso
925 1339 1017 1406 atquc

59 1406 273 1487 insequentibus
297 1408 412 1470 nostris
433 1408 534 1469 subito
555 1410 717 1483 pedestres
733 1411 856 1485 copias,
888 1430 965 1488 quas
987 1416 1015 1473 in

59 1496 176 1555 onrado
197 1496 227 1554 in
252 1494 373 1554 insidiis
390 1494 641 1567 conlocaverunt,
663 1495 871 1556 ostenderunt.
909 1497 948 1556 Hi
962 1514 1016 1558 no»

59 1586 120 1640 aros
134 1580 282 1640 disiectos
299 1575 399 1637 adorti
413 1577 562 1651 proelium
576 1588 770 1637 renovarunt.

119 1663 195 1723 xxi.
217 1663 391 1735 Pugnatum
406 1668 453 1720 est
468 1660 518 1719 diu
535 1666 626 1735 atque
641 1662 759 1736 acriter,
776 1679 845 1722 carm
862 1663 1014 1725 Sontiatos

59 1746 251 1821 alacrioribus
272 1744 409 1804 victoriis
434 1744 502 1804 lreti
528 1744 557 1802 in
580 1760 637 1804 sua
656 1746 766 1805 virtute
782 1748 873 1806 totius
888 1749 1014 1822 Aquita-

59 1829 110 1889 niae
127 1832 258 1903 salutem
280 1828 413 1903 positam
433 1834 590 1902 putarent,
616 1829 713 1889 nostri
735 1838 835 1889 autem
859 1831 932 1904 quid
948 1832 1013 1891 sina

58 1912 222 1989 imperatore
236 1921 269 1974 ct
284 1911 352 1972 sine
365 1911 491 1987 reliquis
506 1912 679 1986 legionibus
693 1914 922 1973 adulescentulo
936 1915 1013 1975 duoc
1094 1948 1097 1953 ·

58 1998 160 2059 eiicere
174 2004 324 2074 possent,
347 1995 482 2071 perspici
498 2004 659 2069 cuperent:
686 2004 786 2056 tamen
803 1999 934 2057 conlecti
950 2001 1012 2058 vul·

59 2082 161 2143 neribus
176 2084 289 2143 hostes
304 2088 390 2154 terga
404 2088 533 2139 vertere.
551 2079 685 2153 Quorum
701 2098 812 2154 magno
829 2098 954 2142 numero
971 2085 1012 2142 in-

57 2167 161 2228 teriecto
185 2168 320 2226 Crassus
342 2180 381 2223 ex
402 2164 509 2223 itinere
531 2165 678 2246 oppidum
702 2164 873 2225 Sontiatum
916 2183 1012 2242 oppu-

56 2264 131 2321 gnare
145 2251 261 2326 coepit.
291 2248 405 2321 Quibus
420 2248 537 2306 lortiter
550 2249 763 2309 resistentibus
779 2250 885 2309 vineas
900 2257 1010 2310 turres-

56 2350 101 2407 que
113 2336 181 2411 egil.
213 2334 259 2393 llli
275 2332 352 2392 alias
368 2332 529 2406 eruptione
543 2340 698 2406 temptata,
715 2334 791 2392 alias
808 2334 958 2394 cuniculis
976 2352 1011 2394 ac

55 2432 180 2493 aggerem
200 2419 373 2490 vineasque
394 2416 470 2475 actis
498 2417 598 2489 (cuius
621 2418 664 2475 rei
686 2425 757 2476 sunt
779 2420 870 2492 longe
892 2419 1011 2492 peritis·

55 2502 105 2561 sini
112 2502 268 2578 Aquitani,
284 2507 450 2576 propterea
462 2501 546 2573 quod
560 2501 661 2559 multis
674 2502 749 2560 locis
762 2504 845 2576 apud
857 2519 912 2561 eos
928 2520 1012 2561 acra-

54 2585 101 2645 tiae
114 2596 321 2667 secturaeque
336 2589 427 2657 sunt),
443 2584 496 2642 ubi
511 2584 666 2658 diligentia
682 2593 856 2646 nostrorum
877 2586 949 2644 nihii
966 2586 1012 2644 his

55 2670 128 2731 rebus
148 2671 261 2747 profici
288 2684 385 2743 posse
411 2669 637 2741 intellexerunt,
663 2671 782 2744 legatos
808 2672 847 2730 ad
869 2669 1012 2729 Crassum

55 2754 154 2816 mount
168 2770 270 2830 seque
284 2753 316 2812 in
338 2752 523 2813 deditionem
545 2759 579 2812 ut
597 2753 726 2827 recipiat
747 2761 863 2829 petunt.
901 2753 966 2828 Qua
980 2770 1012 2813 re

55 2834 196 2914 mpetrata
210 2854 298 2898 arma
311 2837 433 2897 tradere
447 2837 524 2896 iussi
540 2837 661 2897 iaciunt.

116 2924 208 2984 XXII.
223 2924 329 2996 Atque
344 2921 373 2979 in
386 2936 424 2979 ea
433 2937 468 2980 re
481 2922 615 2981 omnium
626 2930 801 2983 nostrorum
814 2923 935 2983 intentis
949 2922 1011 2980 ani-

56 3006 97 3066 nis
115 3010 174 3069 alia
195 3023 235 3067 ex
257 3013 347 3081 parte
368 3005 474 3079 oppidi
490 3005 699 3082 Adiatunnus,
727 3008 778 3082 qui
794 3023 943 3067 summam
958 3006 1008 3063 im-

57 3092 113 3161 perii
126 3092 267 3165 tenebat,
290 3105 360 3150 cum
376 3089 532 3149 sexcentis
550 3090 686 3166 devotis,
704 3108 783 3166 quos
799 3091 840 3149 illi
855 3089 1008 3149 soldurios

58 3178 192 3249 appellant
205 3184 356 3251 (quorum
368 3173 447 3232 haee
462 3181 510 3233 est
522 3176 672 3250 condicio,
688 3176 731 3235 uti
748 3174 888 3235 omnibus
905 3174 934 3232 in
950 3174 1011 3235 vita

58 3263 203 3323 aamodis
229 3275 294 3320 une
318 3274 389 3317 cum
412 3256 450 3316 iis
475 3258 612 3318 lruantur
645 3276 774 3335 quorum
800 3274 834 3316 se
862 3258 1012 3318 amicitiae

59 3338 219 3420 dediderint,
241 3344 268 3405 si
285 3341 362 3420 quid
376 3341 424 3402 his
439 3343 569 3416 pervim
587 3344 718 3417 accidat,
741 3349 793 3404 aut
815 3343 947 3402 eundem
962 3359 1010 3403 ca-

59 3431 360 3493 cumulandarum
376 3425 434 3487 sibi
447 3435 575 3489 mortem
591 3429 802 3500 consciscant3
836 3441 938 3509 neque
958 3426 1016 3499 ad:
