2272 4176
453 194 567 253 LIBER
588 194 638 252 111.
974 194 1038 257 309

64 364 132 411 trun
158 365 201 410 ex
226 348 300 419 liuga
317 344 497 421 Pompeium
517 354 720 421 sequerentur
739 354 831 422 atque
851 346 883 407 in
908 346 1036 409 insulam

64 434 242 503 renlsseut‚
267 430 383 505 oppido
406 446 442 488 ac
461 440 550 505 portu
565 432 679 504 recepti
694 446 755 490 non
773 440 859 491 erant
871 432 1037 508 missisque

64 519 98 576 id
116 533 177 577 eos
194 515 324 586 nuntiis,
340 522 373 573 ut
386 529 426 572 ex
439 512 487 572 his
500 515 577 575 locis
589 514 798 586 discederent,
815 525 920 575 contra
930 518 1022 576 volun

64 608 154 661 ¹atem
166 616 257 661 suam
267 613 362 657 naves
375 599 540 659 solverunt.
565 599 691 673 lamque
703 599 742 658 de
754 598 893 659 Caesaris
906 600 1034 661 adventu

64 686 144 745 lama
160 685 202 743 ad
219 683 355 743 civitates
370 682 589 756 perferebatur.

148 768 224 828 ClIl.
269 766 384 839 Quibus
400 766 529 840 cognitis
543 766 636 825 rebus
648 764 813 842 Pompeius
830 768 971 843 deposito
985 770 1036 831 ad-

64 852 186 913 eundae
209 850 320 928 Syriae
341 850 468 910 consilio
492 850 623 925 pecunia
643 850 797 911 societatis
827 853 948 914 sublata
968 861 1037 914 eta

64 935 252 1012 quibusdam
274 934 399 1008 privatis
421 937 542 1009 sumpta
562 940 593 995 et
613 934 693 993 aeris
713 950 824 1008 niagno
845 937 983 1012 pondere
998 937 1037 997 ad

64 1020 225 1080 militarem
239 1018 373 1078 usumin
388 1033 484 1077 naves
499 1018 631 1092 inposito
648 1018 833 1093 duobusque
846 1021 968 1081 milibus
981 1021 1036 1082 bo-

63 1105 179 1163 minum
194 1103 327 1174 armatis,
349 1101 459 1177 partim
473 1118 552 1176 quos
571 1117 610 1160 ex
625 1102 745 1161 familiis
762 1104 941 1164 societatum
955 1105 1035 1164 dele-

65 1195 158 1263 gerat,
176 1187 287 1261 partim
303 1202 321 1244 a
335 1186 574 1259 negotiatoribus
590 1188 741 1259 coegerat,
759 1204 902 1262 quosque
918 1204 956 1248 ex
971 1189 1036 1248 suis

67 1272 202 1347 quisque
218 1271 257 1330 ad
271 1269 350 1328 hanc
364 1285 428 1328 rem
443 1269 571 1329 idoneos
588 1269 787 1342 existimabat,
803 1271 957 1333 Pelusium
967 1288 1035 1348 per-

66 1357 156 1415 venit.
188 1356 233 1414 lbi
250 1370 325 1414 casu
339 1369 395 1412 rex
410 1361 474 1412 erat
486 1353 687 1426 Ptolemaeus,
703 1362 901 1428 proruente,
917 1357 1036 1430 magnis

65 1439 166 1515 copiis
184 1455 254 1499 cum
268 1453 376 1498 sorore
389 1438 549 1513 Cleopatra
563 1438 674 1497 bellmn
688 1453 808 1512 gerens,
826 1456 917 1514 quam
929 1440 1036 1516 paucis

65 1533 134 1584 ante
155 1523 315 1582 mensibus
330 1537 387 1597 per
402 1537 477 1581 suos
493 1523 686 1596 propinquos
703 1530 794 1596 atque
810 1524 925 1583 anucos
940 1539 1035 1599 regno

66 1609 242 1683 expulerat;
259 1614 421 1680 castraque
433 1605 610 1680 Cleopatrae
628 1622 689 1665 non
705 1606 796 1679 longo
809 1608 907 1681 spatio
920 1607 958 1667 ab
970 1608 1036 1668 eius

65 1691 177 1755 castris
200 1691 360 1751 distabant.
390 1690 440 1749 Ad
460 1706 529 1750 amn
549 1689 713 1764 Pompeius
734 1690 829 1761 misit,
853 1699 886 1751 ut
905 1707 962 1766 pro
982 1691 1035 1752 bo-

66 1777 161 1851 spitio
184 1782 277 1850 atque
291 1775 422 1834 amicitia
437 1775 531 1848 patris
546 1773 733 1833 Alexandria
745 1774 932 1849 reciperetur
946 1782 1037 1850 atquc

66 1861 147 1920 illius
164 1859 275 1935 opibus
291 1859 320 1917 in
336 1859 503 1918 calamitate
517 1864 679 1932 tegeretur.
710 1855 772 1917 Sed
788 1858 840 1933 qui
852 1858 889 1918 ab
902 1874 939 1920 eo
950 1859 1036 1919 missi

66 1951 168 2016 erant,
192 1944 332 2002 conlecto
355 1942 513 2016 legationis
530 1942 631 2002 ollrcio
670 1942 794 2001 liberius
811 1958 879 2002 curn
893 1942 1035 2003 militibus

66 2029 148 2102 regis
166 2027 298 2101 colloqui
315 2035 481 2100 coeperunt
492 2041 609 2100 eosque
620 2025 742 2097 hortari,
758 2033 791 2086 ut
802 2043 891 2086 suum
902 2026 1034 2089 ollicium

65 2111 214 2187 Pompeio
229 2118 420 2185 praestarent
434 2127 511 2169 neve
528 2111 593 2169 eius
608 2111 759 2170 fortunam
775 2111 977 2186 despicerent.
1003 2113 1034 2171 ln

65 2204 124 2256 noc
147 2202 233 2254 erant
253 2210 378 2254 numero
401 2196 574 2269 complures
596 2194 721 2269 Pompei
741 2195 866 2269 milites,
896 2212 975 2272 quos
997 2212 1034 2255 ex

65 2282 133 2340 eius
158 2280 295 2339 exercitu
316 2286 461 2353 acceptos
488 2280 516 2338 in
540 2278 632 2356 Syria
653 2279 798 2339 Gabinius
820 2280 1033 2342 Alexandriam

65 2365 244 2425 traduxerat
264 2363 408 2437 belloque
423 2365 561 2423 conlecto
578 2363 660 2436 apud
674 2361 895 2435 Ptolemaeum,
919 2372 1035 2439 patrem

64 2448 163 2524 pueri,
179 2447 353 2521 reliquerat.

151 2531 224 2590 CIV.
269 2532 324 2590 His
339 2541 410 2591 tunc
426 2534 554 2607 cognitis
570 2533 663 2592 robus
679 2532 767 2591 amici
782 2532 873 2608 regie,
897 2532 948 2606 qui
963 2549 1035 2608 pro-

66 2624 132 2693 pter
154 2624 281 2674 aetatem
303 2617 368 2675 cius
390 2617 418 2674 in
442 2618 598 2677 curatione
620 2624 705 2676 erant
725 2617 824 2691 regni,
848 2616 914 2674 sive
929 2617 1036 2677 timore

65 2700 199 2770 adducti,
215 2707 249 2759 ut
262 2708 371 2774 postea
386 2702 610 2772 praedicabant,
629 2701 787 2760 sollicitato
804 2699 940 2759 exercitu
949 2702 1035 2776 regio

65 2802 102 2845 ne
115 2783 283 2857 Pompeius
298 2786 514 2844 Alexandriam
526 2788 765 2862 Aegyptumque
780 2791 954 2862 occuparet,
970 2785 1036 2845 sive
1107 2798 1112 2807 ·

64 2870 215 2943 despecta
228 2867 293 2927 eius
310 2869 438 2941 fortuna,
455 2879 488 2929 ut
499 2871 679 2943 plerumque
691 2869 721 2927 in
733 2870 900 2930 calamitate
912 2885 951 2928 ex
963 2869 1034 2929 ami·

64 2952 108 3012 eis
123 2951 238 3011 inimici
254 2951 395 3025 existunt,
413 2953 469 3026 bis,
494 2956 544 3028 qui
561 2962 647 3013 erant
661 2953 698 3011 ab
715 2969 751 3013 eo
767 2954 862 3027 missi,
885 2954 986 3026 palam
1001 2953 1034 3012 li-

64 3036 208 3097 beraliter
217 3037 443 3110 responderunt
454 3053 585 3112 cunique
594 3037 852 3111 adregemvenire
865 3037 1032 3109 iusserunt,

64 3118 123 3197 lpsi
139 3121 219 3179 clam
235 3120 363 3180 consilio
375 3122 446 3180 inito
460 3121 617 3193 Achillam,
633 3122 821 3195 praelectum
832 3121 957 3195 regium,
974 3121 1034 3181 sin-

64 3204 161 3279 gulari
175 3202 328 3263 hominem
345 3206 480 3278 audacia,
498 3212 526 3264 et
540 3205 572 3262 L.
590 3203 777 3279 Septimium,
792 3205 945 3264 tribunum
958 3205 1033 3267 mili-

64 3296 134 3362 tum,
150 3288 191 3347 ad
204 3288 448 3347 interficiendum
462 3288 638 3363 Pompeium
653 3288 807 3349 miserunt.
837 3290 885 3349 Ab
899 3288 947 3349 his
961 3290 1029 3350 libe-

64 3372 165 3433 ubter
184 3372 256 3447 ipse
271 3373 441 3447 appellatus
457 3382 486 3432 et
502 3373 634 3447 quadam
649 3372 752 3431 notitia
768 3372 904 3448 Septimii
921 3375 1029 3449 produ·

66 3464 140 3531 ctus,
164 3457 251 3533 quod
265 3457 345 3517 bello
361 3459 548 3531 praedonum
564 3458 648 3535 apud
663 3473 735 3519 eum
745 3458 888 3519 ordinem
900 3459 1045 3520 duxerat
