2272 4176
485 163 601 227 omna
622 166 660 225 v.
922 253 925 257 .
1020 170 1063 235 os
1112 118 1115 131 ¹

97 314 282 385 bcmideula
295 317 328 379 in
342 320 442 394 casas,
459 331 540 394 quae
554 331 641 377 more
655 318 771 381 Gallico
788 323 962 384 stramentis
977 332 1064 387 erant

64 454 70 463 .
96 406 193 477 tectae
207 402 313 463 iacere
326 408 504 478 coeperunt.
519 400 585 460 Hae
597 401 736 462 celeriter
746 403 847 479 mnam
863 408 1061 484 comprohen-

97 486 196 547 demuf
216 493 247 547 et
267 487 350 547 venti
370 484 579 563 magnitudine
593 484 626 545 iri
639 502 759 579 omnem
774 489 876 550 locum
891 499 1062 554 castrorum

97 569 281 632 distulerunt.¹
307 570 421 632 Hostes
442 569 575 631 maximo
591 570 724 631 clamore
738 571 828 633 sicuti
841 582 931 648 parta
945 577 1003 637 iam
1018 584 1060 638 at·

97 668 149 728 que
160 655 325 730 explorata
336 653 467 717 victoria
481 660 581 714 turres
596 655 832 732 testudinesque
846 673 939 732 agere
953 667 983 719 et
994 676 1061 721 sca-

96 737 128 797 lis
139 739 254 799 vallum
268 739 440 799 ascendere
455 743 631 813 coeperunt.
659 739 701 798 At
720 745 806 800 tanta
824 740 950 802 militum
965 743 1062 807 virtus

95 829 178 897 atque
190 837 231 882 aa
243 824 420 897 praesentit
433 821 524 882 animi
540 822 609 895 fuit,
630 827 677 897 ut,
704 838 773 884 cum
788 824 927 901 undique
940 825 1063 891 flanona

96 912 276 985 temerentur.
288 907 484 983 maximaque
497 907 626 967 telorum
641 907 834 968 multitudine
850 917 1062 983 premerentur

38 1038 44 1063 ,
95 1004 205 1066 suaque
219 990 322 1052 omnia
335 990 552 1066 impedimenta
564 997 657 1064 atquc
674 1006 780 1052 omnes
793 994 933 1054 fortunas
946 992 1057 1056 confla·

38 1092 44 1139 ¹.-
94 1089 174 1148 grare
188 1074 410 1150 intellegerent,
425 1090 487 1134 non
501 1074 594 1135 modo
609 1073 799 1148 demigrandi
816 1092 912 1137 causa
927 1078 966 1137 de
980 1080 1061 1143 vallo

38 1168 40 1185 ¹
93 1157 251 1219 decederet
270 1173 377 1233 nemo,
405 1159 462 1218 sed
483 1173 583 1233 paene
603 1173 643 1216 ne
655 1158 825 1233 respiceret
838 1161 962 1236 quidem
978 1162 1061 1238 quis⁶

38 1236 41 1301 5
56 1294 58 1299 .
93 1257 193 1316 quam,
218 1257 257 1302 ac
270 1249 336 1303 tum
350 1257 458 1303 omnes
472 1237 621 1302 acerrime
635 1241 865 1320 fortissimeque
880 1253 1069 1319 pugnarent·
1109 1314 1113 1321 ,

38 1362 41 1389 ;
91 1326 141 1386 llic
156 1326 224 1386 dies
239 1326 355 1388 nostris
368 1327 463 1401 longe
477 1325 679 1401 gravissimus
694 1327 765 1397 fuit;
793 1329 851 1388 sed
865 1334 967 1389 tamen
979 1329 1070 1391 hunc.

38 1430 40 1445 =
90 1408 189 1471 habuit
202 1417 356 1486 eventum,
370 1415 403 1469 ut
417 1425 455 1470 eo
470 1410 520 1469 die
530 1408 681 1469 maximus
693 1425 838 1471 numerus
850 1410 985 1473 hostiurn
995 1414 1059 1475 v'ul·

42 1508 45 1515 ·
90 1500 243 1554 ueraretur
263 1501 357 1570 atque
371 1492 607 1567 interficeretur,
635 1498 669 1552 ut
683 1509 718 1552 se
734 1495 791 1554 sub
806 1494 876 1570 ipso
890 1497 971 1571 vallo
988 1512 1057 1559 eon-

90 1577 272 1662 atipaverant
285 1592 507 1652 recessumque
521 1577 626 1652 primis
640 1576 736 1637 ultimi
752 1594 813 1639 non
829 1579 952 1639 dabant.
981 1579 1057 1643 Pau·

89 1663 144 1721 lum
166 1661 290 1737 quidem
310 1661 484 1721 intermissa
504 1659 626 1720 flamma
641 1666 671 1720 et
686 1662 820 1735 quodam
833 1663 904 1723 loco
916 1663 992 1729 turri
1006 1664 1060 1726 ad-

88 1750 152 1805 acta
166 1751 196 1806 et
211 1745 405 1820 contingente
416 1746 530 1805 vallum
541 1744 648 1805 tertiae
662 1743 797 1806 cohortis
812 1746 1006 1808 centuriones
1020 1762 1059 1809 en

87 1844 121 1890 co
138 1844 200 1904 quo
215 1829 340 1890 stabant
350 1831 419 1889 loco
433 1834 631 1889 recesserunt
644 1844 784 1904 suosque
798 1843 905 1889 omnes
919 1845 1059 1893 remove·

87 1919 166 1986 mat,
180 1917 259 1973 nutu
269 1913 468 1988 vocibusque
482 1913 604 1987 hostes,
620 1911 647 1972 si
662 1911 787 1974 introire
800 1913 929 1988 vellent,
943 1926 1060 1977 vocare
1109 1936 1114 1945 ¹

87 2002 270 2071 coeperunt;
290 2010 426 2072 quorum
441 1997 587 2072 progredi
602 2011 697 2056 ausus
713 2003 760 2057 est
782 2011 882 2057 nemo.
921 1998 996 2058 Tum
1018 2015 1057 2059 ex
1110 1993 1115 2001 ’

87 2080 164 2141 omni
180 2086 268 2156 parte
282 2080 435 2156 lapidibus
452 2081 598 2141 coniectis
619 2081 785 2156 deturbati,
811 2081 972 2158 turrisque
986 2097 1056 2145 suc·

86 2179 178 2224 censa
193 2170 251 2225 est.

162 2247 268 2308 XLIV.
289 2247 384 2310 Erant
397 2247 428 2308 in
443 2263 481 2307 ea
495 2249 615 2322 legione
629 2247 796 2308 fortissumi
810 2248 883 2324 viri,
907 2249 1054 2312 centurio·

84 2347 153 2407 nes,
172 2332 224 2407 qui
239 2333 299 2392 iam
313 2332 419 2407 primis
435 2333 593 2393 ordinibus
609 2332 906 2408 adpropinquarent,
922 2333 954 2393 Τ.
969 2333 1056 2396 Pullo
1103 2398 1109 2411 ,

85 2424 113 2476 et
124 2416 158 2477 L.
172 2416 329 2477 Vorenus.
344 2416 382 2476 Hi
397 2423 562 2492 perpetuas
578 2416 656 2476 inter
670 2432 706 2476 se
721 2417 948 2477 controversias
964 2417 1057 2479 habe

85 2501 155 2561 bant
179 2500 305 2576 quinam
329 2501 549 2575 anteferretur,
579 2499 783 2576 omnibusque
808 2500 896 2570 annis
920 2500 959 2561 de
980 2501 1058 2563 locis

83 2583 210 2644 summis
232 2584 436 2645 simultatibus
459 2585 692 2645 contendebant.
722 2584 770 2643 Ex
788 2583 837 2642 his
858 2582 962 2659 Pullo,
990 2600 1058 2646 eum
1104 2590 1108 2595 '

83 2683 241 2729 acerrume
260 2668 300 2728 ad
319 2669 503 2729 munitiones
525 2674 726 2744 pugnaretur,
751 2667 832 2738 Quid
849 2668 981 2743 dubitus,
1007 2668 1058 2728 in-

84 2753 153 2828 quit,
175 2749 313 2815 Vorene?
326 2760 473 2828 cuiquem
483 2756 578 2814 locum
589 2752 845 2827 comprobandae
858 2753 974 2812 vtrmttb
986 2769 1057 2827 spe·
1097 2748 1101 2753 ’

81 2834 166 2898 ctas?
178 2837 229 2898 bie
243 2838 307 2898 dies
321 2839 359 2898 de
372 2841 478 2898 nostris
491 2838 696 2898 controversiis
708 2836 860 2896 iudicabit.
888 2835 973 2895 Haec
989 2851 1057 2894 cum
1107 2910 1110 2915 Ι

83 2921 220 2996 dixisset,
236 2921 378 2996 procedit
391 2929 478 2980 extra
488 2920 672 2980 munitiones
692 2935 816 2996 quaque
833 2934 906 2993 pars
924 2916 1057 2977 hostium
1102 2956 1115 2991 .,

82 3005 308 3066 confertissima
324 3005 371 3063 est
383 3005 460 3079 visa,
476 3005 629 3079 inrumpit.
643 3003 839 3064 NeVorenus
855 3001 979 3076 quidem
995 3008 1058 3063 tum

82 3105 151 3150 sese
166 3092 248 3150 vallo
265 3088 413 3162 continet,
441 3088 498 3148 sed
519 3089 654 3148 omnium
668 3087 783 3147 ventus
801 3084 1058 3147 existimationem

82 3174 288 3249 subsequitur.
303 3172 452 3232 Mediocri
465 3171 564 3246 spatio
579 3171 686 3231 relicto
693 3169 780 3230 Pullo
794 3169 888 3244 pilum
903 3167 935 3227 in
950 3167 1058 3230 hostes

82 3257 198 3318 inmittit
211 3264 306 3332 atque
321 3273 415 3316 unum
429 3271 469 3314 ex
484 3255 674 3315 multitudine
688 3259 920 3328 procurrentem
941 3253 1057 3324 traicit;

84 3358 140 3419 quo
155 3357 315 3418 percusso
327 3348 357 3400 et
371 3338 544 3400 exanimato
559 3339 641 3401 hune
654 3336 750 3398 scutis
763 3344 939 3413 protegunt,
956 3337 985 3396 in
1001 3336 1055 3397 ho-

38 3436 40 3441 ·
82 3433 154 3488 stem
175 3429 239 3487 tela
258 3424 396 3487 universi
418 3423 572 3486 coniciunt
592 3439 695 3504 neque
715 3420 1028 3499 dentregrcdteadit
1042 3435 1072 3456 ··
