2272 4176
71 489 134 555 aot
376 488 533 552 ananum
553 487 732 551 marran.
804 454 807 461 ’

70 644 182 707 citatim
203 644 370 718 contendit,
396 642 569 720 classisque
589 649 676 719 parte
697 642 737 703 ad
762 641 915 721 Thapsum
928 640 1018 706 'relicta

69 732 204 806 reliquas
221 745 315 790 naves
331 729 413 790 iubet
433 736 504 804 post
524 728 655 789 hostium
671 735 788 804 tergum
805 744 895 805 quam
909 728 1019 790 maxine

70 815 110 875 ad
123 814 192 876 litus
208 815 320 891 adpelli
341 814 523 889 signumque
544 829 634 873 suum
654 812 839 887 observare,
863 828 925 888 quo
946 814 1018 888 signo

69 900 140 960 dato
155 900 255 961 subito
274 900 406 958 clamore
423 899 502 957 lacto
517 912 557 957 ex
578 897 746 972 improviso
769 898 908 957 hostibus
922 898 1017 957 aversis

69 985 235 1045 incuterent
259 991 418 1055 terrorem,
444 988 478 1042 ut
490 981 657 1056 perturbati
672 996 708 1041 ac
721 982 873 1057 perterriti
887 980 1018 1057 respicere

69 1077 140 1146 post
155 1078 240 1142 terga
258 1072 449 1141 cogerentur.

150 1152 277 1211 LXXXI.
302 1150 366 1224 Quo
385 1156 548 1225 postquam
569 1150 681 1210 Caesar
705 1149 846 1224 pervenit
866 1155 896 1209 et
909 1148 1018 1209 animad-

70 1239 159 1297 vertit
180 1237 276 1295 aciem
297 1236 447 1311 provallo
465 1234 617 1309 Scipionis
635 1241 753 1308 [contra
767 1233 946 1309 elephantos
959 1235 1017 1293 den-

68 1329 113 1383 tro
136 1321 320 1395 sinistroque
343 1336 436 1379 cornu
458 1320 624 1391 collocatis]
652 1325 682 1378 et
701 1317 793 1378 nihilo
810 1314 911 1379 minus
926 1326 1020 1393 partem

68 1407 192 1465 militum
208 1412 309 1464 castra
323 1421 383 1464 non
397 1404 545 1478 ignaviter
555 1403 682 1476 munire,
698 1403 765 1477 ipse
777 1404 843 1462 acie
855 1404 961 1478 triplici
973 1404 1019 1462 col·

67 1492 180 1563 locata,
207 1490 326 1563 legione
348 1489 465 1548 decima
486 1487 635 1562 tertiaque
664 1486 784 1551 decima
807 1488 915 1549 dextro
936 1504 1019 1558 cornu,

65 1584 171 1651 quarta
189 1573 307 1635 decima
322 1580 352 1633 et
366 1588 447 1632 nona
461 1572 583 1631 sinistro
606 1571 773 1646 oppositis,
800 1573 907 1645 quinta
920 1573 1019 1646 legione
1054 1574 1059 1641 ἲ

67 1657 98 1715 in
120 1663 227 1730 quarta
249 1657 315 1715 acie
336 1657 375 1715 ad
396 1657 463 1730 ipsa
486 1671 599 1715 cornua
621 1656 720 1730 quinis
742 1655 920 1718 cohortibus
935 1664 1019 1717 corba
1056 1684 1060 1701 ·

67 1741 181 1800 bestius
197 1741 361 1816 collocatis
378 1740 550 1814 sagittariis,
567 1741 768 1801 funditoribus
780 1741 811 1799 in
823 1743 960 1819 utrisque
969 1757 1019 1801 cor·

66 1825 156 1885 nibus
179 1825 336 1899 dispositis
358 1825 479 1899 levique
494 1831 646 1884 armatura
658 1826 735 1885 inter
749 1825 870 1899 equites
886 1827 1019 1886 interiecta

67 1909 135 1984 ipse
149 1910 279 1984 pedibus
296 1910 408 1968 circum
423 1909 531 1968 milites
548 1925 738 1969 concursans
754 1910 943 1986 virtutesque
955 1916 1019 1969 vete

64 2010 209 2054 ranorum
226 1993 404 2068 proeliaque
426 1993 587 2066 superiora
608 2009 850 2053 commemorans
867 1995 1020 2069 blandeque
1060 2018 1063 2045 ι

67 2080 224 2153 appellans
241 2079 357 2137 animos
374 2093 478 2136 eorum
495 2078 654 2137 excitabat.
695 2079 823 2138 Tirones
845 2086 959 2153 autem,
982 2076 1020 2152 qui
1059 2057 1063 2119 ἶ

66 2178 230 2236 numquam
245 2162 274 2220 in
290 2162 355 2220 acie
378 2161 587 2235 dimicassent,
614 2161 806 2237 hortabatur,
832 2170 867 2222 ul
881 2170 1016 2222 veterano

65 2264 130 2306 rum
145 2247 285 2305 virtulem
300 2247 523 2305 aemularentur
539 2261 706 2320 eorumque
721 2248 841 2322 lamam,
857 2249 965 2322 locum,
978 2263 1017 2307 no

65 2348 131 2391 men
147 2330 274 2390 victoria
289 2336 377 2404 parta
391 2336 537 2404 cuperent
552 2332 723 2405 possidere.
1061 2388 1063 2397 ,

147 2413 287 2472 LXXXll.
304 2415 409 2488 ltaque
423 2415 452 2472 in
469 2415 683 2475 circumeundo
697 2416 833 2475 exercitu
848 2416 1019 2476 animadver·

64 2499 98 2559 tit
110 2496 216 2557 hostes
232 2498 313 2558 eirca
330 2500 441 2557 vallum
457 2499 610 2573 trepidare
625 2507 716 2574 atque
731 2501 810 2560 ultro
829 2500 966 2576 citroque
980 2517 1020 2575 pa·
1061 2542 1063 2563 .

67 2583 153 2641 vidos
170 2597 354 2642 concursare
369 2590 398 2640 et
413 2583 503 2641 modo
527 2598 561 2641 se
576 2585 654 2643 intra
669 2591 775 2658 portas
790 2584 932 2659 recipere
946 2587 1021 2645 modo

64 2667 271 2726 inconstanter
291 2667 549 2741 immoderateque
566 2669 696 2742 prodire.
727 2667 799 2726 Cum
816 2669 899 2727 idern
913 2686 931 2728 a
945 2671 1022 2744 pluri·

64 2750 121 2810 bus
137 2751 334 2810 animadverti
351 2758 492 2824 coeptum
508 2760 606 2825 esset,
630 2753 729 2812 subito
747 2753 838 2826 legali
855 2755 1024 2830 evocatique

65 2835 228 2895 obsecrare
251 2836 426 2908 Caesarem,
451 2851 490 2893 ne
511 2836 661 2896 dubitaret
683 2837 803 2910 signum
825 2837 916 2897 dare:
942 2840 1023 2898 vieto·

63 2920 138 2978 riam
153 2921 209 2979 sibi
226 2920 378 2994 propriam
390 2935 408 2977 a
422 2919 469 2977 dis
483 2920 690 2979 inmortalibus
708 2920 859 2995 portendi.
876 2923 1024 2982 Dubitanta

65 3004 193 3064 Caesare
210 3011 302 3078 atque
321 3019 425 3063 eorum
439 3004 539 3063 studio
556 3005 772 3080 cupiditatique
787 3006 951 3066 resistente
965 3008 1024 3066 sibl·

64 3104 123 3162 que
145 3089 302 3163 eruptione
324 3088 451 3167 pugnari
474 3104 534 3147 non
558 3091 679 3163 placere
701 3091 874 3148 clamitante
897 3097 926 3150 et
947 3093 1024 3151 etiam

64 3180 155 3247 alque
176 3174 264 3231 etiarn
286 3172 381 3230 aciem
403 3178 592 3232 sustentante
614 3173 712 3233 subito
740 3175 849 3233 dextro
877 3191 971 3236 cornu
989 3177 1024 3234 in·

62 3258 149 3316 iussu
166 3257 304 3316 Caesaris
327 3257 447 3315 tubicen
463 3272 481 3314 a
496 3258 637 3317 militibus
655 3264 780 3318 coactus
797 3275 910 3319 canere
925 3260 1024 3335 coepit.

64 3341 126 3414 Quo
150 3342 229 3400 lacto
252 3341 288 3400 ab
311 3340 463 3399 universis
486 3341 661 3401 cohortibus
684 3342 772 3416 signa
786 3343 816 3401 in
831 3343 950 3403 hostem
965 3359 1022 3405 coe

64 3441 137 3498 pere
152 3426 262 3498 inferri,
279 3441 347 3484 cum
364 3425 557 3486 centuriones
574 3433 699 3500 pectore
711 3428 845 3487 adverso
858 3429 1027 3489 resisterent

63 3509 153 3583 vique
170 3511 358 3570 continerent
373 3510 491 3582 milites,
508 3527 545 3569 ne
561 3512 679 3570 iniussu
697 3513 892 3589 imperatoris
908 3529 1025 3573 coneur-

62 3601 233 3665 rerent‚nec
251 3595 411 3669 quicquam
427 3594 618 3668 proficerent.

146 3679 299 3738 LXXXlll.
324 3680 410 3753 Quod
432 3686 594 3754 postquam
611 3679 722 3739 Caesar
742 3680 892 3742 intellexit
906 3682 1026 3743 incitatis

63 3762 186 3822 militum
202 3763 309 3824 animis
325 3763 427 3825 resisti
442 3765 525 3826 nullo
541 3766 632 3827 modo
647 3779 752 3841 posse,
769 3764 860 3843 signo
871 3765 1026 3829 Felicitatis
