<?xml version="1.0" encoding="UTF-8"?>
<!DOCTYPE html PUBLIC "-//W3C//DTD XHTML 1.0 Transitional//EN"
    "http://www.w3.org/TR/xhtml1/DTD/xhtml1-transitional.dtd">
<html xmlns="http://www.w3.org/1999/xhtml" xml:lang="en" lang="en">
 <head>
  <title>
</title>
<meta http-equiv="Content-Type" content="text/html;charset=utf-8" />
  <meta name='ocr-system' content='tesseract 3.04.00' />
  <meta name='ocr-capabilities' content='ocr_page ocr_carea ocr_par ocr_line ocrx_word'/>
</head>
<body>
  <div class='ocr_page' id='page_1' title='image "./commentarii00caesgoog_0129.png"; bbox 0 0 2272 4176; ppageno 0'>
   <div class='ocr_carea' id='block_1_1' title="bbox 65 490 739 553">
    <p class='ocr_par' dir='ltr' id='par_1_1' title="bbox 65 490 739 553">
     <span class='ocr_line' id='line_1_1' title="bbox 65 490 739 553; baseline 0.001 -1"><span class='ocrx_word' id='word_1_1' title='bbox 65 492 124 552; x_wconf 87' lang='grc'>116</span> <span class='ocrx_word' id='word_1_2' title='bbox 359 490 410 552; x_wconf 79' lang='lat' dir='ltr'>DE</span> <span class='ocrx_word' id='word_1_3' title='bbox 430 490 555 552; x_wconf 81' lang='lat' dir='ltr'>BELLO</span> <span class='ocrx_word' id='word_1_4' title='bbox 575 490 739 553; x_wconf 78' lang='lat' dir='ltr'>GALLlct</span> 
     </span>
    </p>
   </div>
   <div class='ocr_carea' id='block_1_2' title="bbox 63 642 1037 1062">
    <p class='ocr_par' dir='ltr' id='par_1_2' title="bbox 63 642 1037 1062">
     <span class='ocr_line' id='line_1_2' title="bbox 63 642 1037 721; baseline 0.005 -16"><span class='ocrx_word' id='word_1_5' title='bbox 63 645 162 721; x_wconf 89' lang='lat' dir='ltr'>gentis</span> <span class='ocrx_word' id='word_1_6' title='bbox 186 644 215 704; x_wconf 95' lang='lat' dir='ltr'>in</span> <span class='ocrx_word' id='word_1_7' title='bbox 237 645 455 721; x_wconf 79' lang='lat' dir='ltr'>longitudinem</span> <span class='ocrx_word' id='word_1_8' title='bbox 470 653 568 721; x_wconf 88' lang='lat' dir='ltr'>patet,</span> <span class='ocrx_word' id='word_1_9' title='bbox 593 644 627 703; x_wconf 91' lang='lat' dir='ltr'>L.</span> <span class='ocrx_word' id='word_1_10' title='bbox 639 642 805 707; x_wconf 88' lang='lat' dir='ltr'>Minucimn</span> <span class='ocrx_word' id='word_1_11' title='bbox 818 646 957 707; x_wconf 84' lang='lat' dir='ltr'>Basilum</span> <span class='ocrx_word' id='word_1_12' title='bbox 970 664 1037 711; x_wconf 87' lang='lat' dir='ltr'>cum</span> 
     </span>
     <span class='ocr_line' id='line_1_3' title="bbox 64 728 1036 810; baseline 0.002 -18"><span class='ocrx_word' id='word_1_13' title='bbox 64 730 145 792; x_wconf 92' lang='lat' dir='ltr'>omni</span> <span class='ocrx_word' id='word_1_14' title='bbox 162 730 298 806; x_wconf 87' lang='lat' dir='ltr'>equitatu</span> <span class='ocrx_word' id='word_1_15' title='bbox 313 732 492 806; x_wconf 86' lang='lat' dir='ltr'>praemittit,</span> <span class='ocrx_word' id='word_1_16' title='bbox 513 729 540 790; x_wconf 94' lang='lat' dir='ltr'>si</span> <span class='ocrx_word' id='word_1_17' title='bbox 556 728 629 805; x_wconf 91' lang='lat' dir='ltr'>quid</span> <span class='ocrx_word' id='word_1_18' title='bbox 644 731 799 792; x_wconf 88' lang='lat' dir='ltr'>celeritate</span> <span class='ocrx_word' id='word_1_19' title='bbox 812 731 932 793; x_wconf 83' lang='lat' dir='ltr'>itineris</span> <span class='ocrx_word' id='word_1_20' title='bbox 946 748 1036 810; x_wconf 84' lang='lat' dir='ltr'>atquc</span> 
     </span>
     <span class='ocr_line' id='line_1_4' title="bbox 65 814 1035 894; baseline 0.003 -17"><span class='ocrx_word' id='word_1_21' title='bbox 65 816 293 892; x_wconf 75' lang='lat' dir='ltr'>opportunitate</span> <span class='ocrx_word' id='word_1_22' title='bbox 307 816 455 892; x_wconf 90' lang='lat' dir='ltr'>temporis</span> <span class='ocrx_word' id='word_1_23' title='bbox 469 814 621 891; x_wconf 89' lang='lat' dir='ltr'>proficere</span> <span class='ocrx_word' id='word_1_24' title='bbox 635 816 753 888; x_wconf 64' lang='lat' dir='ltr'>possim</span> <span class='ocrx_word' id='word_1_25' title='bbox 774 823 888 892; x_wconf 84' lang='lat' dir='ltr'>monet,</span> <span class='ocrx_word' id='word_1_26' title='bbox 902 824 938 879; x_wconf 92' lang='lat' dir='ltr'>ut</span> <span class='ocrx_word' id='word_1_27' title='bbox 950 818 1035 894; x_wconf 88' lang='lat' dir='ltr'>ignes</span> 
     </span>
     <span class='ocr_line' id='line_1_5' title="bbox 64 900 1034 979; baseline 0.002 -18"><span class='ocrx_word' id='word_1_28' title='bbox 64 902 94 961; x_wconf 93' lang='lat' dir='ltr'>in</span> <span class='ocrx_word' id='word_1_29' title='bbox 110 901 219 962; x_wconf 90' lang='lat' dir='ltr'>castris</span> <span class='ocrx_word' id='word_1_30' title='bbox 234 901 301 960; x_wconf 88' lang='lat' dir='ltr'>fieri</span> <span class='ocrx_word' id='word_1_31' title='bbox 322 900 496 976; x_wconf 87' lang='lat' dir='ltr'>prohibeat,</span> <span class='ocrx_word' id='word_1_32' title='bbox 522 912 562 958; x_wconf 91' lang='lat' dir='ltr'>ne</span> <span class='ocrx_word' id='word_1_33' title='bbox 584 912 647 973; x_wconf 88' lang='lat' dir='ltr'>qua</span> <span class='ocrx_word' id='word_1_34' title='bbox 666 900 734 961; x_wconf 91' lang='lat' dir='ltr'>eius</span> <span class='ocrx_word' id='word_1_35' title='bbox 755 901 908 963; x_wconf 82' lang='lat' dir='ltr'>adventus</span> <span class='ocrx_word' id='word_1_36' title='bbox 928 907 1034 979; x_wconf 91' lang='lat' dir='ltr'>procul</span> 
     </span>
     <span class='ocr_line' id='line_1_6' title="bbox 64 982 860 1062; baseline -0.001 -16"><span class='ocrx_word' id='word_1_37' title='bbox 64 986 247 1062; x_wconf 79' lang='lat' dir='ltr'>significatio</span> <span class='ocrx_word' id='word_1_38' title='bbox 263 985 332 1045; x_wconf 82' lang='lat' dir='ltr'>fiat:</span> <span class='ocrx_word' id='word_1_39' title='bbox 350 999 421 1044; x_wconf 90' lang='lat' dir='ltr'>sese</span> <span class='ocrx_word' id='word_1_40' title='bbox 437 982 598 1045; x_wconf 81' lang='lat' dir='ltr'><strong>confestim</strong></span> <span class='ocrx_word' id='word_1_41' title='bbox 612 983 763 1061; x_wconf 83' lang='lat' dir='ltr'>subsequi</span> <span class='ocrx_word' id='word_1_42' title='bbox 779 985 860 1046; x_wconf 89' lang='lat' dir='ltr'>dicit.</span> 
     </span>
    </p>
   </div>
   <div class='ocr_carea' id='block_1_3' title="bbox 63 1111 1034 2700">
    <p class='ocr_par' dir='ltr' id='par_1_3' title="bbox 63 1111 1034 2700">
     <span class='ocr_line' id='line_1_7' title="bbox 146 1111 1028 1187; baseline 0.003 -15"><span class='ocrx_word' id='word_1_43' title='bbox 146 1112 237 1172; x_wconf 89' lang='lat' dir='ltr'>XXX.</span> <span class='ocrx_word' id='word_1_44' title='bbox 261 1111 384 1171; x_wconf 86' lang='lat' dir='ltr'>Basilus</span> <span class='ocrx_word' id='word_1_45' title='bbox 401 1116 435 1171; x_wconf 88' lang='lat' dir='ltr'>ut</span> <span class='ocrx_word' id='word_1_46' title='bbox 448 1111 628 1187; x_wconf 90' lang='lat' dir='ltr'>imperatum</span> <span class='ocrx_word' id='word_1_47' title='bbox 646 1116 694 1171; x_wconf 89' lang='lat' dir='ltr'>est</span> <span class='ocrx_word' id='word_1_48' title='bbox 709 1111 789 1172; x_wconf 91' lang='lat' dir='ltr'>lacit.</span> <span class='ocrx_word' id='word_1_49' title='bbox 806 1112 951 1174; x_wconf 87' lang='lat' dir='ltr'>celeriter</span> <span class='ocrx_word' id='word_1_50' title='bbox 965 1129 1028 1177; x_wconf 89' lang='lat' dir='ltr'>con·</span> 
     </span>
     <span class='ocr_line' id='line_1_8' title="bbox 64 1195 1033 1275; baseline 0.001 -17"><span class='ocrx_word' id='word_1_51' title='bbox 64 1205 172 1273; x_wconf 89' lang='lat' dir='ltr'>traque</span> <span class='ocrx_word' id='word_1_52' title='bbox 184 1196 316 1257; x_wconf 93' lang='lat' dir='ltr'>omnium</span> <span class='ocrx_word' id='word_1_53' title='bbox 328 1195 503 1271; x_wconf 83' lang='lat' dir='ltr'>opinionem</span> <span class='ocrx_word' id='word_1_54' title='bbox 518 1196 659 1256; x_wconf 87' lang='lat' dir='ltr'>conlecto</span> <span class='ocrx_word' id='word_1_55' title='bbox 670 1195 777 1257; x_wconf 89' lang='lat' dir='ltr'>itinere</span> <span class='ocrx_word' id='word_1_56' title='bbox 788 1198 901 1260; x_wconf 88' lang='lat' dir='ltr'>multos</span> <span class='ocrx_word' id='word_1_57' title='bbox 912 1197 944 1258; x_wconf 92' lang='lat' dir='ltr'>in</span> <span class='ocrx_word' id='word_1_58' title='bbox 954 1200 1033 1275; x_wconf 90' lang='lat' dir='ltr'>agris</span> 
     </span>
     <span class='ocr_line' id='line_1_9' title="bbox 63 1279 1031 1358; baseline 0.005 -19"><span class='ocrx_word' id='word_1_59' title='bbox 63 1282 257 1358; x_wconf 82' lang='lat' dir='ltr'>inopinantes</span> <span class='ocrx_word' id='word_1_60' title='bbox 273 1279 489 1356; x_wconf 88' lang='lat' dir='ltr'>deprehendit=</span> <span class='ocrx_word' id='word_1_61' title='bbox 506 1295 612 1341; x_wconf 90' lang='lat' dir='ltr'>eorum</span> <span class='ocrx_word' id='word_1_62' title='bbox 626 1280 737 1341; x_wconf 91' lang='lat' dir='ltr'>indicio</span> <span class='ocrx_word' id='word_1_63' title='bbox 749 1279 788 1340; x_wconf 87' lang='lat' dir='ltr'>ad</span> <span class='ocrx_word' id='word_1_64' title='bbox 803 1282 1031 1357; x_wconf 84' lang='lat' dir='ltr'>ipsumAmbio-</span> 
     </span>
     <span class='ocr_line' id='line_1_10' title="bbox 63 1365 1034 1443; baseline 0.002 -17"><span class='ocrx_word' id='word_1_65' title='bbox 63 1368 159 1442; x_wconf 85' lang='lat' dir='ltr'>rigam</span> <span class='ocrx_word' id='word_1_66' title='bbox 175 1365 344 1440; x_wconf 83' lang='lat' dir='ltr'>contendit,</span> <span class='ocrx_word' id='word_1_67' title='bbox 371 1381 432 1440; x_wconf 93' lang='lat' dir='ltr'>quo</span> <span class='ocrx_word' id='word_1_68' title='bbox 453 1366 484 1425; x_wconf 92' lang='lat' dir='ltr'>in</span> <span class='ocrx_word' id='word_1_69' title='bbox 502 1367 570 1426; x_wconf 93' lang='lat' dir='ltr'>loco</span> <span class='ocrx_word' id='word_1_70' title='bbox 587 1381 656 1426; x_wconf 93' lang='lat' dir='ltr'>cum</span> <span class='ocrx_word' id='word_1_71' title='bbox 669 1365 777 1440; x_wconf 91' lang='lat' dir='ltr'>pauois</span> <span class='ocrx_word' id='word_1_72' title='bbox 793 1367 948 1443; x_wconf 90' lang='lat' dir='ltr'>equitibus</span> <span class='ocrx_word' id='word_1_73' title='bbox 966 1384 1034 1430; x_wconf 88' lang='lat' dir='ltr'>esse</span> 
     </span>
     <span class='ocr_line' id='line_1_11' title="bbox 64 1449 1032 1515; baseline 0.001 -4"><span class='ocrx_word' id='word_1_74' title='bbox 64 1451 231 1512; x_wconf 81' lang='lat' dir='ltr'>dicebatur.</span> <span class='ocrx_word' id='word_1_75' title='bbox 259 1449 388 1515; x_wconf 85' lang='lat' dir='ltr'>Multum</span> <span class='ocrx_word' id='word_1_76' title='bbox 410 1466 479 1510; x_wconf 93' lang='lat' dir='ltr'>cum</span> <span class='ocrx_word' id='word_1_77' title='bbox 500 1451 529 1509; x_wconf 93' lang='lat' dir='ltr'>in</span> <span class='ocrx_word' id='word_1_78' title='bbox 547 1449 688 1511; x_wconf 94' lang='lat' dir='ltr'>omnibus</span> <span class='ocrx_word' id='word_1_79' title='bbox 703 1449 796 1512; x_wconf 90' lang='lat' dir='ltr'>rebus</span> <span class='ocrx_word' id='word_1_80' title='bbox 811 1457 875 1513; x_wconf 87' lang='lat' dir='ltr'>tum</span> <span class='ocrx_word' id='word_1_81' title='bbox 890 1453 921 1512; x_wconf 92' lang='lat' dir='ltr'>in</span> <span class='ocrx_word' id='word_1_82' title='bbox 935 1469 970 1512; x_wconf 91' lang='lat' dir='ltr'>re</span> <span class='ocrx_word' id='word_1_83' title='bbox 983 1455 1032 1512; x_wconf 92' lang='lat' dir='ltr'>mi·</span> 
     </span>
     <span class='ocr_line' id='line_1_12' title="bbox 64 1535 1030 1614; baseline 0.002 -20"><span class='ocrx_word' id='word_1_84' title='bbox 64 1535 139 1595; x_wconf 87' lang='lat' dir='ltr'>litari</span> <span class='ocrx_word' id='word_1_85' title='bbox 154 1541 257 1610; x_wconf 90' lang='lat' dir='ltr'>potest</span> <span class='ocrx_word' id='word_1_86' title='bbox 268 1535 399 1596; x_wconf 86' lang='lat' dir='ltr'>fortuna.</span> <span class='ocrx_word' id='word_1_87' title='bbox 429 1536 504 1595; x_wconf 87' lang='lat' dir='ltr'>Nam</span> <span class='ocrx_word' id='word_1_88' title='bbox 518 1535 598 1596; x_wconf 90' lang='lat' dir='ltr'>sicut</span> <span class='ocrx_word' id='word_1_89' title='bbox 612 1550 721 1610; x_wconf 88' lang='lat' dir='ltr'>magno</span> <span class='ocrx_word' id='word_1_90' title='bbox 737 1536 848 1597; x_wconf 89' lang='lat' dir='ltr'>accidit</span> <span class='ocrx_word' id='word_1_91' title='bbox 861 1552 947 1614; x_wconf 83' lang='lat' dir='ltr'>casu,</span> <span class='ocrx_word' id='word_1_92' title='bbox 961 1545 994 1599; x_wconf 90' lang='lat' dir='ltr'>ut</span> <span class='ocrx_word' id='word_1_93' title='bbox 1006 1539 1030 1596; x_wconf 89' lang='lat' dir='ltr'>in</span> 
     </span>
     <span class='ocr_line' id='line_1_13' title="bbox 63 1620 1031 1699; baseline 0.002 -18"><span class='ocrx_word' id='word_1_94' title='bbox 63 1622 165 1695; x_wconf 90' lang='lat' dir='ltr'>ipsum</span> <span class='ocrx_word' id='word_1_95' title='bbox 181 1620 336 1681; x_wconf 88' lang='lat' dir='ltr'>incautum</span> <span class='ocrx_word' id='word_1_96' title='bbox 350 1620 440 1680; x_wconf 89' lang='lat' dir='ltr'>etiam</span> <span class='ocrx_word' id='word_1_97' title='bbox 456 1627 548 1696; x_wconf 89' lang='lat' dir='ltr'>atque</span> <span class='ocrx_word' id='word_1_98' title='bbox 563 1620 734 1699; x_wconf 88' lang='lat' dir='ltr'>inparatum</span> <span class='ocrx_word' id='word_1_99' title='bbox 750 1621 913 1696; x_wconf 86' lang='lat' dir='ltr'>incideret,</span> <span class='ocrx_word' id='word_1_100' title='bbox 938 1623 1031 1699; x_wconf 92' lang='lat' dir='ltr'>prius·</span> 
     </span>
     <span class='ocr_line' id='line_1_14' title="bbox 64 1704 1032 1781; baseline 0.002 -16"><span class='ocrx_word' id='word_1_101' title='bbox 64 1720 125 1781; x_wconf 89' lang='lat' dir='ltr'>que</span> <span class='ocrx_word' id='word_1_102' title='bbox 141 1704 207 1765; x_wconf 90' lang='lat' dir='ltr'>eius</span> <span class='ocrx_word' id='word_1_103' title='bbox 226 1705 374 1765; x_wconf 87' lang='lat' dir='ltr'>adventus</span> <span class='ocrx_word' id='word_1_104' title='bbox 390 1704 428 1764; x_wconf 90' lang='lat' dir='ltr'>ab</span> <span class='ocrx_word' id='word_1_105' title='bbox 451 1706 591 1766; x_wconf 91' lang='lat' dir='ltr'>omnibus</span> <span class='ocrx_word' id='word_1_106' title='bbox 611 1704 775 1780; x_wconf 86' lang='lat' dir='ltr'>videretur,</span> <span class='ocrx_word' id='word_1_107' title='bbox 798 1722 889 1781; x_wconf 92' lang='lat' dir='ltr'>quam</span> <span class='ocrx_word' id='word_1_108' title='bbox 905 1708 985 1767; x_wconf 86' lang='lat' dir='ltr'>lama</span> <span class='ocrx_word' id='word_1_109' title='bbox 1001 1724 1032 1767; x_wconf 84' lang='lat' dir='ltr'>ac</span> 
     </span>
     <span class='ocr_line' id='line_1_15' title="bbox 63 1788 1032 1865; baseline 0 -16"><span class='ocrx_word' id='word_1_110' title='bbox 63 1788 187 1850; x_wconf 86' lang='lat' dir='ltr'>nuntius</span> <span class='ocrx_word' id='word_1_111' title='bbox 204 1789 384 1864; x_wconf 67' lang='lat' dir='ltr'>adimetur,</span> <span class='ocrx_word' id='word_1_112' title='bbox 400 1789 445 1849; x_wconf 92' lang='lat' dir='ltr'>sic</span> <span class='ocrx_word' id='word_1_113' title='bbox 460 1805 588 1865; x_wconf 88' lang='lat' dir='ltr'>magnae</span> <span class='ocrx_word' id='word_1_114' title='bbox 604 1790 659 1850; x_wconf 88' lang='lat' dir='ltr'>luit</span> <span class='ocrx_word' id='word_1_115' title='bbox 673 1789 813 1849; x_wconf 82' lang='lat' dir='ltr'>fortunae</span> <span class='ocrx_word' id='word_1_116' title='bbox 825 1790 907 1851; x_wconf 90' lang='lat' dir='ltr'>omni</span> <span class='ocrx_word' id='word_1_117' title='bbox 919 1792 1032 1852; x_wconf 88' lang='lat' dir='ltr'>militari</span> 
     </span>
     <span class='ocr_line' id='line_1_16' title="bbox 64 1872 1031 1953; baseline 0.001 -18"><span class='ocrx_word' id='word_1_118' title='bbox 64 1876 273 1950; x_wconf 86' lang='lat' dir='ltr'>instrumenta,</span> <span class='ocrx_word' id='word_1_119' title='bbox 290 1875 374 1951; x_wconf 94' lang='lat' dir='ltr'>quod</span> <span class='ocrx_word' id='word_1_120' title='bbox 386 1875 500 1935; x_wconf 91' lang='lat' dir='ltr'>circum</span> <span class='ocrx_word' id='word_1_121' title='bbox 513 1889 548 1934; x_wconf 92' lang='lat' dir='ltr'>se</span> <span class='ocrx_word' id='word_1_122' title='bbox 560 1872 700 1947; x_wconf 83' lang='lat' dir='ltr'>hab&#39;ebat,</span> <span class='ocrx_word' id='word_1_123' title='bbox 712 1881 818 1949; x_wconf 89' lang='lat' dir='ltr'>erepto</span> <span class='ocrx_word' id='word_1_124' title='bbox 833 1876 919 1935; x_wconf 92' lang='lat' dir='ltr'>redis</span> <span class='ocrx_word' id='word_1_125' title='bbox 934 1877 1031 1953; x_wconf 91' lang='lat' dir='ltr'>equis-</span> 
     </span>
     <span class='ocr_line' id='line_1_17' title="bbox 65 1957 1029 2038; baseline 0.002 -18"><span class='ocrx_word' id='word_1_126' title='bbox 65 1976 125 2037; x_wconf 91' lang='lat' dir='ltr'>que</span> <span class='ocrx_word' id='word_1_127' title='bbox 141 1958 362 2034; x_wconf 89' lang='lat' dir='ltr'>conprehensis</span> <span class='ocrx_word' id='word_1_128' title='bbox 377 1958 479 2034; x_wconf 91' lang='lat' dir='ltr'>ipsum</span> <span class='ocrx_word' id='word_1_129' title='bbox 494 1959 630 2035; x_wconf 83' lang='lat' dir='ltr'>effugere</span> <span class='ocrx_word' id='word_1_130' title='bbox 644 1964 780 2018; x_wconf 91' lang='lat' dir='ltr'>mortem.</span> <span class='ocrx_word' id='word_1_131' title='bbox 807 1957 870 2019; x_wconf 89' lang='lat' dir='ltr'>Sed</span> <span class='ocrx_word' id='word_1_132' title='bbox 884 1959 945 2022; x_wconf 86' lang='lat' dir='ltr'>lroe</span> <span class='ocrx_word' id='word_1_133' title='bbox 962 1977 1029 2038; x_wconf 92' lang='lat' dir='ltr'>quo·</span> 
     </span>
     <span class='ocr_line' id='line_1_18' title="bbox 65 2042 1030 2122; baseline -0.001 -17"><span class='ocrx_word' id='word_1_134' title='bbox 65 2061 125 2122; x_wconf 92' lang='lat' dir='ltr'>que</span> <span class='ocrx_word' id='word_1_135' title='bbox 140 2047 253 2105; x_wconf 89' lang='lat' dir='ltr'>lactum</span> <span class='ocrx_word' id='word_1_136' title='bbox 268 2052 330 2120; x_wconf 91' lang='lat' dir='ltr'>est,</span> <span class='ocrx_word' id='word_1_137' title='bbox 358 2044 442 2120; x_wconf 91' lang='lat' dir='ltr'>quod</span> <span class='ocrx_word' id='word_1_138' title='bbox 457 2044 596 2104; x_wconf 87' lang='lat' dir='ltr'>aedilicio</span> <span class='ocrx_word' id='word_1_139' title='bbox 613 2042 798 2104; x_wconf 91' lang='lat' dir='ltr'>circumdato</span> <span class='ocrx_word' id='word_1_140' title='bbox 815 2042 894 2103; x_wconf 91' lang='lat' dir='ltr'>silva</span> <span class='ocrx_word' id='word_1_141' title='bbox 904 2052 952 2120; x_wconf 91' lang='lat' dir='ltr'>(ut</span> <span class='ocrx_word' id='word_1_142' title='bbox 967 2054 1030 2107; x_wconf 88' lang='lat' dir='ltr'>sunl</span> 
     </span>
     <span class='ocr_line' id='line_1_19' title="bbox 64 2127 1028 2205; baseline 0 -15"><span class='ocrx_word' id='word_1_143' title='bbox 64 2132 127 2190; x_wconf 88' lang='lat' dir='ltr'>iere</span> <span class='ocrx_word' id='word_1_144' title='bbox 143 2130 295 2190; x_wconf 91' lang='lat' dir='ltr'>domicilia</span> <span class='ocrx_word' id='word_1_145' title='bbox 304 2130 466 2204; x_wconf 87' lang='lat' dir='ltr'>Gallorum,</span> <span class='ocrx_word' id='word_1_146' title='bbox 483 2130 535 2205; x_wconf 95' lang='lat' dir='ltr'>qui</span> <span class='ocrx_word' id='word_1_147' title='bbox 546 2127 661 2188; x_wconf 89' lang='lat' dir='ltr'>vitandi</span> <span class='ocrx_word' id='word_1_148' title='bbox 673 2134 777 2188; x_wconf 90' lang='lat' dir='ltr'>aestus</span> <span class='ocrx_word' id='word_1_149' title='bbox 795 2144 890 2188; x_wconf 89' lang='lat' dir='ltr'>causa</span> <span class='ocrx_word' id='word_1_150' title='bbox 904 2132 1028 2205; x_wconf 91' lang='lat' dir='ltr'>plerum-</span> 
     </span>
     <span class='ocr_line' id='line_1_20' title="bbox 66 2211 1028 2292; baseline -0.001 -16"><span class='ocrx_word' id='word_1_151' title='bbox 66 2231 126 2292; x_wconf 91' lang='lat' dir='ltr'>que</span> <span class='ocrx_word' id='word_1_152' title='bbox 144 2215 288 2275; x_wconf 91' lang='lat' dir='ltr'>silvarum</span> <span class='ocrx_word' id='word_1_153' title='bbox 301 2221 393 2290; x_wconf 90' lang='lat' dir='ltr'>atquc</span> <span class='ocrx_word' id='word_1_154' title='bbox 408 2213 564 2274; x_wconf 87' lang='lat' dir='ltr'>fluminum</span> <span class='ocrx_word' id='word_1_155' title='bbox 579 2218 686 2287; x_wconf 88' lang='lat' dir='ltr'>petunt</span> <span class='ocrx_word' id='word_1_156' title='bbox 701 2211 961 2289; x_wconf 82' lang='lat' dir='ltr'>propinquitates)</span> <span class='ocrx_word' id='word_1_157' title='bbox 986 2231 1028 2275; x_wconf 92' lang='lat' dir='ltr'>co·</span> 
     </span>
     <span class='ocr_line' id='line_1_21' title="bbox 68 2297 1029 2377; baseline 0.001 -17"><span class='ocrx_word' id='word_1_158' title='bbox 68 2301 153 2361; x_wconf 92' lang='lat' dir='ltr'>mites</span> <span class='ocrx_word' id='word_1_159' title='bbox 166 2299 392 2375; x_wconf 77' lang='lat' dir='ltr'>familiaresque</span> <span class='ocrx_word' id='word_1_160' title='bbox 413 2298 479 2357; x_wconf 90' lang='lat' dir='ltr'>eius</span> <span class='ocrx_word' id='word_1_161' title='bbox 501 2303 630 2372; x_wconf 87' lang='lat' dir='ltr'>angusto</span> <span class='ocrx_word' id='word_1_162' title='bbox 646 2298 676 2355; x_wconf 92' lang='lat' dir='ltr'>in</span> <span class='ocrx_word' id='word_1_163' title='bbox 691 2300 760 2358; x_wconf 92' lang='lat' dir='ltr'>loco</span> <span class='ocrx_word' id='word_1_164' title='bbox 776 2297 935 2373; x_wconf 85' lang='lat' dir='ltr'>paulisper</span> <span class='ocrx_word' id='word_1_165' title='bbox 951 2298 1029 2377; x_wconf 92' lang='lat' dir='ltr'>equi·</span> 
     </span>
     <span class='ocr_line' id='line_1_22' title="bbox 66 2381 1031 2458; baseline -0.003 -14"><span class='ocrx_word' id='word_1_166' title='bbox 66 2392 128 2444; x_wconf 91' lang='lat' dir='ltr'>tum</span> <span class='ocrx_word' id='word_1_167' title='bbox 143 2390 319 2444; x_wconf 91' lang='lat' dir='ltr'>nostrorum</span> <span class='ocrx_word' id='word_1_168' title='bbox 337 2383 396 2442; x_wconf 76' lang='lat' dir='ltr'>mm</span> <span class='ocrx_word' id='word_1_169' title='bbox 412 2382 630 2441; x_wconf 89' lang='lat' dir='ltr'>sustinuemnt.</span> <span class='ocrx_word' id='word_1_170' title='bbox 660 2381 716 2441; x_wconf 90' lang='lat' dir='ltr'>His</span> <span class='ocrx_word' id='word_1_171' title='bbox 731 2382 938 2458; x_wconf 79' lang='lat' dir='ltr'>pugnantibus</span> <span class='ocrx_word' id='word_1_172' title='bbox 954 2385 1031 2445; x_wconf 79' lang='lat' dir='ltr'>illuni</span> 
     </span>
     <span class='ocr_line' id='line_1_23' title="bbox 65 2465 1031 2544; baseline 0 -16"><span class='ocrx_word' id='word_1_173' title='bbox 65 2471 94 2528; x_wconf 94' lang='lat' dir='ltr'>in</span> <span class='ocrx_word' id='word_1_174' title='bbox 109 2483 223 2544; x_wconf 93' lang='lat' dir='ltr'>equum</span> <span class='ocrx_word' id='word_1_175' title='bbox 238 2467 362 2544; x_wconf 90' lang='lat' dir='ltr'>quidam</span> <span class='ocrx_word' id='word_1_176' title='bbox 376 2481 415 2525; x_wconf 88' lang='lat' dir='ltr'>ex</span> <span class='ocrx_word' id='word_1_177' title='bbox 431 2465 497 2525; x_wconf 92' lang='lat' dir='ltr'>suis</span> <span class='ocrx_word' id='word_1_178' title='bbox 511 2466 623 2526; x_wconf 82' lang='lat' dir='ltr'>intulit:</span> <span class='ocrx_word' id='word_1_179' title='bbox 652 2466 815 2543; x_wconf 83' lang='lat' dir='ltr'>lugientem</span> <span class='ocrx_word' id='word_1_180' title='bbox 834 2467 931 2527; x_wconf 88' lang='lat' dir='ltr'>silvae</span> <span class='ocrx_word' id='word_1_181' title='bbox 953 2476 1031 2528; x_wconf 87' lang='lat' dir='ltr'>texe-</span> 
     </span>
     <span class='ocr_line' id='line_1_24' title="bbox 65 2550 1031 2626; baseline -0.002 -13"><span class='ocrx_word' id='word_1_182' title='bbox 65 2557 142 2614; x_wconf 87' lang='lat' dir='ltr'>runt.</span> <span class='ocrx_word' id='word_1_183' title='bbox 173 2551 224 2612; x_wconf 89' lang='lat' dir='ltr'>Sic</span> <span class='ocrx_word' id='word_1_184' title='bbox 250 2558 281 2612; x_wconf 91' lang='lat' dir='ltr'>ct</span> <span class='ocrx_word' id='word_1_185' title='bbox 307 2552 346 2611; x_wconf 90' lang='lat' dir='ltr'>ad</span> <span class='ocrx_word' id='word_1_186' title='bbox 372 2550 564 2611; x_wconf 92' lang='lat' dir='ltr'>subeundum</span> <span class='ocrx_word' id='word_1_187' title='bbox 586 2551 755 2626; x_wconf 90' lang='lat' dir='ltr'>periculum</span> <span class='ocrx_word' id='word_1_188' title='bbox 776 2558 805 2611; x_wconf 90' lang='lat' dir='ltr'>et</span> <span class='ocrx_word' id='word_1_189' title='bbox 826 2552 866 2612; x_wconf 90' lang='lat' dir='ltr'>ad</span> <span class='ocrx_word' id='word_1_190' title='bbox 880 2552 1031 2614; x_wconf 88' lang='lat' dir='ltr'>vitandum</span> 
     </span>
     <span class='ocr_line' id='line_1_25' title="bbox 65 2635 445 2700; baseline -0.016 -1"><span class='ocrx_word' id='word_1_191' title='bbox 65 2640 191 2700; x_wconf 90' lang='lat' dir='ltr'>multum</span> <span class='ocrx_word' id='word_1_192' title='bbox 207 2637 328 2697; x_wconf 85' lang='lat' dir='ltr'>fortuna</span> <span class='ocrx_word' id='word_1_193' title='bbox 344 2635 445 2695; x_wconf 73' lang='lat' dir='ltr'>valuit,</span> 
     </span>
    </p>
   </div>
   <div class='ocr_carea' id='block_1_4' title="bbox 65 2758 1036 3858">
    <p class='ocr_par' dir='ltr' id='par_1_4' title="bbox 65 2758 1036 3858">
     <span class='ocr_line' id='line_1_26' title="bbox 149 2758 1031 2834; baseline -0.001 -10"><span class='ocrx_word' id='word_1_194' title='bbox 149 2764 252 2825; x_wconf 90' lang='lat' dir='ltr'>XXXI.</span> <span class='ocrx_word' id='word_1_195' title='bbox 275 2761 434 2822; x_wconf 89' lang='lat' dir='ltr'>Ambiorix</span> <span class='ocrx_word' id='word_1_196' title='bbox 456 2758 563 2834; x_wconf 89' lang='lat' dir='ltr'>copias</span> <span class='ocrx_word' id='word_1_197' title='bbox 585 2777 658 2821; x_wconf 88' lang='lat' dir='ltr'>suas</span> <span class='ocrx_word' id='word_1_198' title='bbox 675 2760 827 2821; x_wconf 87' lang='lat' dir='ltr'>iudicione</span> <span class='ocrx_word' id='word_1_199' title='bbox 843 2777 904 2822; x_wconf 91' lang='lat' dir='ltr'>non</span> <span class='ocrx_word' id='word_1_200' title='bbox 921 2763 1031 2823; x_wconf 88' lang='lat' dir='ltr'>condu-</span> 
     </span>
     <span class='ocr_line' id='line_1_27' title="bbox 65 2845 1031 2926; baseline -0.003 -16"><span class='ocrx_word' id='word_1_201' title='bbox 65 2851 151 2926; x_wconf 86' lang='lat' dir='ltr'>xerit,</span> <span class='ocrx_word' id='word_1_202' title='bbox 176 2849 259 2925; x_wconf 91' lang='lat' dir='ltr'>quod</span> <span class='ocrx_word' id='word_1_203' title='bbox 273 2847 390 2923; x_wconf 89' lang='lat' dir='ltr'>proelio</span> <span class='ocrx_word' id='word_1_204' title='bbox 406 2845 610 2907; x_wconf 89' lang='lat' dir='ltr'>dimicandum</span> <span class='ocrx_word' id='word_1_205' title='bbox 626 2863 687 2906; x_wconf 92' lang='lat' dir='ltr'>non</span> <span class='ocrx_word' id='word_1_206' title='bbox 703 2845 890 2922; x_wconf 86' lang='lat' dir='ltr'>existimarit,</span> <span class='ocrx_word' id='word_1_207' title='bbox 907 2862 946 2906; x_wconf 86' lang='lat' dir='ltr'>an</span> <span class='ocrx_word' id='word_1_208' title='bbox 962 2854 1031 2907; x_wconf 89' lang='lat' dir='ltr'>tem-</span> 
     </span>
     <span class='ocr_line' id='line_1_28' title="bbox 67 2930 1032 3011; baseline -0.005 -15"><span class='ocrx_word' id='word_1_209' title='bbox 67 2951 142 3011; x_wconf 91' lang='lat' dir='ltr'>pore</span> <span class='ocrx_word' id='word_1_210' title='bbox 160 2937 305 2995; x_wconf 90' lang='lat' dir='ltr'>exclusus</span> <span class='ocrx_word' id='word_1_211' title='bbox 321 2939 351 2992; x_wconf 88' lang='lat' dir='ltr'>et</span> <span class='ocrx_word' id='word_1_212' title='bbox 363 2930 524 3007; x_wconf 89' lang='lat' dir='ltr'>repentino</span> <span class='ocrx_word' id='word_1_213' title='bbox 547 2931 682 3006; x_wconf 90' lang='lat' dir='ltr'>equitum</span> <span class='ocrx_word' id='word_1_214' title='bbox 705 2930 838 2991; x_wconf 90' lang='lat' dir='ltr'>adventu</span> <span class='ocrx_word' id='word_1_215' title='bbox 853 2930 1032 3007; x_wconf 88' lang='lat' dir='ltr'>prohibitus,</span> 
     </span>
     <span class='ocr_line' id='line_1_29' title="bbox 66 3015 1024 3094; baseline -0.006 -13"><span class='ocrx_word' id='word_1_216' title='bbox 66 3037 134 3081; x_wconf 93' lang='lat' dir='ltr'>cum</span> <span class='ocrx_word' id='word_1_217' title='bbox 154 3019 306 3094; x_wconf 91' lang='lat' dir='ltr'>reliquum</span> <span class='ocrx_word' id='word_1_218' title='bbox 322 3016 488 3077; x_wconf 89' lang='lat' dir='ltr'>exercitum</span> <span class='ocrx_word' id='word_1_219' title='bbox 509 3016 659 3092; x_wconf 92' lang='lat' dir='ltr'>subsequi</span> <span class='ocrx_word' id='word_1_220' title='bbox 674 3016 821 3091; x_wconf 85' lang='lat' dir='ltr'>crederet,</span> <span class='ocrx_word' id='word_1_221' title='bbox 837 3015 963 3077; x_wconf 92' lang='lat' dir='ltr'>dubium</span> <span class='ocrx_word' id='word_1_222' title='bbox 979 3024 1024 3077; x_wconf 89' lang='lat' dir='ltr'>est</span> 
     </span>
     <span class='ocr_line' id='line_1_30' title="bbox 67 3099 1032 3177; baseline -0.005 -12"><span class='ocrx_word' id='word_1_223' title='bbox 67 3104 129 3166; x_wconf 86' lang='lat' dir='ltr'>Sed</span> <span class='ocrx_word' id='word_1_224' title='bbox 150 3111 233 3164; x_wconf 92' lang='lat' dir='ltr'>certe</span> <span class='ocrx_word' id='word_1_225' title='bbox 255 3102 388 3163; x_wconf 90' lang='lat' dir='ltr'>dimissis</span> <span class='ocrx_word' id='word_1_226' title='bbox 410 3116 466 3177; x_wconf 91' lang='lat' dir='ltr'>per</span> <span class='ocrx_word' id='word_1_227' title='bbox 486 3117 578 3177; x_wconf 91' lang='lat' dir='ltr'>agros</span> <span class='ocrx_word' id='word_1_228' title='bbox 593 3102 706 3163; x_wconf 91' lang='lat' dir='ltr'>nuntiis</span> <span class='ocrx_word' id='word_1_229' title='bbox 723 3099 780 3161; x_wconf 90' lang='lat' dir='ltr'>sibi</span> <span class='ocrx_word' id='word_1_230' title='bbox 795 3115 948 3177; x_wconf 92' lang='lat' dir='ltr'>quemque</span> <span class='ocrx_word' id='word_1_231' title='bbox 963 3117 1032 3164; x_wconf 88' lang='lat' dir='ltr'>con·</span> 
     </span>
     <span class='ocr_line' id='line_1_31' title="bbox 66 3186 1033 3263; baseline -0.005 -13"><span class='ocrx_word' id='word_1_232' title='bbox 66 3192 168 3250; x_wconf 90' lang='lat' dir='ltr'>sulere</span> <span class='ocrx_word' id='word_1_233' title='bbox 182 3187 280 3249; x_wconf 88' lang='lat' dir='ltr'>iussit.</span> <span class='ocrx_word' id='word_1_234' title='bbox 310 3187 445 3262; x_wconf 81' lang='lat' dir='ltr'>Quorum</span> <span class='ocrx_word' id='word_1_235' title='bbox 465 3203 537 3263; x_wconf 90' lang='lat' dir='ltr'>pars</span> <span class='ocrx_word' id='word_1_236' title='bbox 553 3187 583 3247; x_wconf 92' lang='lat' dir='ltr'>in</span> <span class='ocrx_word' id='word_1_237' title='bbox 597 3188 795 3248; x_wconf 85' lang='lat' dir='ltr'>Arduennam</span> <span class='ocrx_word' id='word_1_238' title='bbox 812 3186 934 3260; x_wconf 89' lang='lat' dir='ltr'>silvam,</span> <span class='ocrx_word' id='word_1_239' title='bbox 962 3203 1033 3263; x_wconf 85' lang='lat' dir='ltr'>pars</span> 
     </span>
     <span class='ocr_line' id='line_1_32' title="bbox 65 3269 1033 3349; baseline -0.004 -15"><span class='ocrx_word' id='word_1_240' title='bbox 65 3277 95 3334; x_wconf 93' lang='lat' dir='ltr'>in</span> <span class='ocrx_word' id='word_1_241' title='bbox 112 3275 301 3336; x_wconf 87' lang='lat' dir='ltr'>continentes</span> <span class='ocrx_word' id='word_1_242' title='bbox 320 3272 449 3348; x_wconf 89' lang='lat' dir='ltr'>paludes</span> <span class='ocrx_word' id='word_1_243' title='bbox 464 3273 615 3347; x_wconf 62' lang='lat' dir='ltr'>protagia</span> <span class='ocrx_word' id='word_1_244' title='bbox 633 3273 685 3349; x_wconf 92' lang='lat' dir='ltr'>qui</span> <span class='ocrx_word' id='word_1_245' title='bbox 697 3270 826 3346; x_wconf 84' lang='lat' dir='ltr'>proximi</span> <span class='ocrx_word' id='word_1_246' title='bbox 836 3269 958 3330; x_wconf 91' lang='lat' dir='ltr'>Oceano</span> <span class='ocrx_word' id='word_1_247' title='bbox 971 3273 1033 3331; x_wconf 90' lang='lat' dir='ltr'>lue·</span> 
     </span>
     <span class='ocr_line' id='line_1_33' title="bbox 66 3355 1034 3434; baseline -0.006 -14"><span class='ocrx_word' id='word_1_248' title='bbox 66 3368 149 3434; x_wconf 88' lang='lat' dir='ltr'>runt,</span> <span class='ocrx_word' id='word_1_249' title='bbox 165 3359 213 3419; x_wconf 90' lang='lat' dir='ltr'>his</span> <span class='ocrx_word' id='word_1_250' title='bbox 228 3358 336 3419; x_wconf 90' lang='lat' dir='ltr'>insulis</span> <span class='ocrx_word' id='word_1_251' title='bbox 353 3372 424 3417; x_wconf 91' lang='lat' dir='ltr'>sese</span> <span class='ocrx_word' id='word_1_252' title='bbox 439 3358 683 3428; x_wconf 79' lang='lat' dir='ltr'>occultaverunt,</span> <span class='ocrx_word' id='word_1_253' title='bbox 700 3371 777 3430; x_wconf 89' lang='lat' dir='ltr'>quas</span> <span class='ocrx_word' id='word_1_254' title='bbox 792 3363 896 3415; x_wconf 91' lang='lat' dir='ltr'>aestus</span> <span class='ocrx_word' id='word_1_255' title='bbox 912 3355 1034 3415; x_wconf 84' lang='lat' dir='ltr'>efficere</span> 
     </span>
     <span class='ocr_line' id='line_1_34' title="bbox 67 3440 1035 3516; baseline -0.005 -13"><span class='ocrx_word' id='word_1_256' title='bbox 67 3452 268 3505; x_wconf 82' lang='lat' dir='ltr'>consuerunt:</span> <span class='ocrx_word' id='word_1_257' title='bbox 280 3442 363 3504; x_wconf 90' lang='lat' dir='ltr'>multi</span> <span class='ocrx_word' id='word_1_258' title='bbox 376 3458 415 3502; x_wconf 89' lang='lat' dir='ltr'>ex</span> <span class='ocrx_word' id='word_1_259' title='bbox 426 3443 493 3503; x_wconf 91' lang='lat' dir='ltr'>suis</span> <span class='ocrx_word' id='word_1_260' title='bbox 506 3442 616 3503; x_wconf 90' lang='lat' dir='ltr'>linibus</span> <span class='ocrx_word' id='word_1_261' title='bbox 629 3440 746 3514; x_wconf 84' lang='lat' dir='ltr'>egressi</span> <span class='ocrx_word' id='word_1_262' title='bbox 758 3456 793 3499; x_wconf 93' lang='lat' dir='ltr'>se</span> <span class='ocrx_word' id='word_1_263' title='bbox 805 3456 924 3516; x_wconf 91' lang='lat' dir='ltr'>suaque</span> <span class='ocrx_word' id='word_1_264' title='bbox 936 3440 1035 3501; x_wconf 89' lang='lat' dir='ltr'>omnia</span> 
     </span>
     <span class='ocr_line' id='line_1_35' title="bbox 66 3524 1033 3599; baseline -0.003 -13"><span class='ocrx_word' id='word_1_265' title='bbox 66 3529 260 3590; x_wconf 86' lang='lat' dir='ltr'>alienissimis</span> <span class='ocrx_word' id='word_1_266' title='bbox 280 3528 482 3589; x_wconf 82' lang='lat' dir='ltr'>crediderunt.</span> <span class='ocrx_word' id='word_1_267' title='bbox 505 3524 695 3596; x_wconf 83' lang='lat' dir='ltr'>Catuvolcus,</span> <span class='ocrx_word' id='word_1_268' title='bbox 712 3539 766 3583; x_wconf 85' lang='lat' dir='ltr'>rex</span> <span class='ocrx_word' id='word_1_269' title='bbox 783 3524 924 3584; x_wconf 89' lang='lat' dir='ltr'>dimidiae</span> <span class='ocrx_word' id='word_1_270' title='bbox 942 3524 1033 3599; x_wconf 89' lang='lat' dir='ltr'>partis</span> 
     </span>
     <span class='ocr_line' id='line_1_36' title="bbox 65 3607 1034 3690; baseline -0.002 -19"><span class='ocrx_word' id='word_1_271' title='bbox 65 3611 256 3688; x_wconf 81' lang='lat' dir='ltr'>Eburonum,</span> <span class='ocrx_word' id='word_1_272' title='bbox 286 3613 338 3690; x_wconf 91' lang='lat' dir='ltr'>qui</span> <span class='ocrx_word' id='word_1_273' title='bbox 362 3628 424 3673; x_wconf 87' lang='lat' dir='ltr'>una</span> <span class='ocrx_word' id='word_1_274' title='bbox 447 3627 516 3673; x_wconf 91' lang='lat' dir='ltr'>cum</span> <span class='ocrx_word' id='word_1_275' title='bbox 539 3607 714 3681; x_wconf 82' lang='lat' dir='ltr'>Ambiorige</span> <span class='ocrx_word' id='word_1_276' title='bbox 737 3608 896 3668; x_wconf 89' lang='lat' dir='ltr'>consilium</span> <span class='ocrx_word' id='word_1_277' title='bbox 918 3608 1034 3683; x_wconf 84' lang='lat' dir='ltr'>inierat,</span> 
     </span>
     <span class='ocr_line' id='line_1_37' title="bbox 65 3691 1036 3768; baseline -0.003 -12"><span class='ocrx_word' id='word_1_278' title='bbox 65 3702 164 3757; x_wconf 89' lang='lat' dir='ltr'>aetate</span> <span class='ocrx_word' id='word_1_279' title='bbox 175 3697 234 3757; x_wconf 91' lang='lat' dir='ltr'>iarn</span> <span class='ocrx_word' id='word_1_280' title='bbox 247 3700 404 3759; x_wconf 85' lang='lat' dir='ltr'>conlectus</span> <span class='ocrx_word' id='word_1_281' title='bbox 417 3712 486 3757; x_wconf 88' lang='lat' dir='ltr'>cum</span> <span class='ocrx_word' id='word_1_282' title='bbox 496 3696 632 3755; x_wconf 86' lang='lat' dir='ltr'>laborem</span> <span class='ocrx_word' id='word_1_283' title='bbox 643 3698 695 3750; x_wconf 88' lang='lat' dir='ltr'>aut</span> <span class='ocrx_word' id='word_1_284' title='bbox 708 3691 779 3751; x_wconf 86' lang='lat' dir='ltr'>belli</span> <span class='ocrx_word' id='word_1_285' title='bbox 789 3698 843 3751; x_wconf 89' lang='lat' dir='ltr'>aut</span> <span class='ocrx_word' id='word_1_286' title='bbox 854 3693 946 3768; x_wconf 77' lang='lat' dir='ltr'>rugae</span> <span class='ocrx_word' id='word_1_287' title='bbox 957 3694 1036 3755; x_wconf 86' lang='lat' dir='ltr'>ieme</span> 
     </span>
     <span class='ocr_line' id='line_1_38' title="bbox 67 3775 1035 3858; baseline -0.003 -16"><span class='ocrx_word' id='word_1_288' title='bbox 67 3797 127 3844; x_wconf 90' lang='lat' dir='ltr'>non</span> <span class='ocrx_word' id='word_1_289' title='bbox 148 3786 271 3858; x_wconf 89' lang='lat' dir='ltr'>posset,</span> <span class='ocrx_word' id='word_1_290' title='bbox 298 3781 438 3842; x_wconf 84' lang='lat' dir='ltr'>omnibus</span> <span class='ocrx_word' id='word_1_291' title='bbox 462 3777 609 3855; x_wconf 87' lang='lat' dir='ltr'>precibus</span> <span class='ocrx_word' id='word_1_292' title='bbox 633 3775 800 3838; x_wconf 84' lang='lat' dir='ltr'>detestatus</span> <span class='ocrx_word' id='word_1_293' title='bbox 816 3775 1035 3855; x_wconf 82' lang='lat' dir='ltr'>Ambiorigem,</span> 
     </span>
    </p>
   </div>
   <div class='ocr_carea' id='block_1_5' title="bbox 0 0 1140 4176">
    <p class='ocr_par' dir='ltr' id='par_1_5' title="bbox 0 0 1140 4176">
     <span class='ocr_line' id='line_1_39' title="bbox 0 0 1140 4176; baseline 0 0"><span class='ocrx_word' id='word_1_294' title='bbox 0 0 1140 4176; x_wconf 95' lang='lat' dir='ltr'> </span> 
     </span>
    </p>
   </div>
  </div>
 </body>
</html>
