2272 4176
320 222 362 262 ma
384 222 487 264 sarno
510 223 688 266 rvsvnrmo
710 226 737 269 c.
758 219 802 271 11.
1010 216 1053 276 57

69 368 147 445 pisse
157 383 264 445 parum
276 365 415 436 habuere,
430 369 527 448 itaque
542 378 691 447 postremo
704 373 785 451 leges
799 377 932 436 maiestas
943 386 1049 450 vostra,

69 450 164 510 divina
185 456 215 510 11
234 449 360 510 humana
374 453 472 512 omnia
489 453 621 514 hostibus
637 457 742 517 tradita
758 463 834 518 sunt.
868 458 970 538 Neque
989 481 1049 533 eos,
1061 463 1097 516 10

69 535 166 611 quiea
181 532 288 602 iecere,
300 532 391 610 pudet
404 541 454 594 aut
463 538 600 613 paenitet
614 548 659 599 set
672 541 810 601 incedunt
818 559 872 618 per
887 560 939 603 ora
953 555 1052 606 vostra

68 617 233 693 magnifici,
261 617 423 678 sacerdotia
445 624 476 679 et
497 618 677 693 consulatus,
706 640 775 700 pars
794 626 960 702 triumphos
982 645 1052 689 suos

68 706 262 761 ostentantes:
279 700 403 777 proinde
420 704 504 780 quasi
518 720 552 762 ea
566 704 681 775 honori,
700 724 760 767 non
775 709 900 786 praedas
914 708 1050 771 habeant.

67 784 153 844 Servi
167 800 236 844 aere
251 785 345 862 parati
354 785 460 845 iniusta
474 787 587 862 inperia
600 788 787 852 dominorum
804 808 864 851 non
879 794 1049 870 perferunt:
1060 797 1093 853 11

65 884 133 937 vos,
146 867 555 996 ἲ(11111111,111111111111111,
573 888 667 950 aequo
683 875 780 933 animo
794 876 964 936 servitutem
980 875 1051 938 tole·

65 952 155 1011 ratis.

156 1034 192 1093 nt
204 1037 254 1114 qui
268 1039 336 1095 sunt
352 1036 378 1095 ei
392 1036 520 1114 quirem
535 1035 682 1114 publicam
692 1042 891 1118 occupavere?
910 1042 1050 1105 Homines
1062 1050 1098 1102 12

65 1119 304 1188 sceleratissumi,
319 1120 449 1179 cruentis
462 1118 614 1188 manibus,
638 1123 748 1184 inmani
762 1125 889 1193 avaritia,
904 1129 1051 1186 nocentis-

64 1204 146 1264 sumi
158 1209 188 1264 et
197 1202 292 1264 eidem
306 1199 532 1280 superbissumi,
554 1204 661 1283 quibus
675 1206 748 1268 fides
759 1206 849 1268 decus
864 1210 957 1286 pietas
970 1217 1051 1287 post·
1078 1241 1081 1246 ·

64 1304 154 1348 remo
175 1285 297 1346 honesta
318 1295 406 1364 atque
424 1285 577 1347 inhonesta
595 1288 692 1350 omnia
707 1293 841 1367 quaestui
860 1298 937 1352 suut.
979 1292 1051 1353 Pars
1062 1296 1100 1350 13

66 1386 174 1430 eorum
195 1370 336 1430 occidisse
357 1367 493 1429 tribunos
509 1369 621 1447 plebei,
644 1371 691 1432 alii
714 1377 899 1450 quaestiones
920 1377 1050 1446 iniustas,

64 1453 203 1532 plerique
222 1452 342 1514 caedem
356 1452 387 1512 iu
400 1468 453 1511 vos
470 1452 575 1514 fecisse
589 1470 644 1531 pro
657 1458 839 1516 munimento
857 1457 975 1518 babent.
1008 1459 1051 1520 lta
1061 1468 1098 1523 11

66 1555 158 1617 quam
173 1537 295 1616 quisquc
308 1552 445 1614 pessume
459 1534 536 1605 lecit,
548 1542 609 1597 tam
619 1554 756 1599 maxume
768 1544 848 1599 tutus
866 1547 924 1600 est:
940 1548 1052 1602 metum

66 1621 106 1683 ab
121 1619 233 1682 scelere
245 1637 300 1681 suo
315 1619 351 1680 ad
367 1621 511 1697 ignaviam
525 1625 653 1681 vostram
667 1620 858 1683 transtulere:
873 1640 946 1701 quos
957 1627 1052 1684 omnis

66 1705 173 1767 eadem
201 1721 324 1782 cupere,
347 1703 450 1764 eadem
479 1703 575 1765 odisse
597 1703 713 1784 [eadem
740 1704 887 1786 metuere]
909 1707 1052 1767 inunum

66 1788 176 1866 coegit.
198 1786 248 1848 Set
261 1786 335 1848 baec
348 1788 424 1848 iuter
439 1786 533 1848 bonos
551 1789 684 1857 amicitia,
700 1789 777 1849 iuter
786 1788 880 1849 malos
897 1790 983 1850 factio
996 1797 1047 1850 est.
1062 1798 1099 1850 11

67 1871 157 1944 Quod
185 1872 289 1931 sitam
309 1887 360 1930 vos
381 1887 481 1933 euram
502 1869 644 1932 libertatis
665 1870 821 1941 haberetis,
846 1890 934 1950 quam
956 1872 1100 1936 11111111

68 1955 300 2017 dominationem
322 1954 441 2015 adcensi
462 1959 545 2024 sunt,
574 1954 708 2032 prolecto
730 1971 828 2033 neque
853 1973 902 2016 res
925 1956 1051 2032 publica,

68 2040 157 2099 sicuti
178 2056 265 2107 nuuc,
287 2043 459 2106 vastaretur,
480 2044 509 2098 11
529 2037 663 2098 benificia
679 2044 776 2098 vostra
792 2055 884 2116 penes
906 2045 1050 2115 optumos,

68 2139 131 2182 non
153 2121 371 2182 audacissumos
391 2121 498 2181 forent.
540 2120 665 2180 Maiores
686 2123 776 2182 rostri
795 2122 917 2198 parandi
938 2124 1009 2182 iuris
1024 2131 1097 2183 1117

69 2207 227 2266 maiestatis
246 2204 465 2265 constituendae
487 2205 579 2280 gratia
600 2203 646 2263 bis
663 2221 717 2281 per
733 2205 929 2265 secessionem
949 2209 1053 2265 armati

69 2289 244 2350 Aventinum
259 2305 448 2366 occupavere,
466 2305 517 2347 vos
530 2305 585 2365 pro
600 2286 749 2357 libertate,
771 2306 859 2366 quam
880 2288 916 2348 ab
934 2288 989 2348 illis
1005 2306 1052 2349 ac·
1117 2296 1119 2301 '

71 2374 204 2450 cepistis,
224 2389 323 2432 nonne
346 2388 459 2431 summa
477 2388 533 2448 ope
553 2372 705 2432 nitemini?
727 2378 814 2450 atque
837 2389 872 2431 eo
894 2371 1052 2431 vehemen-

70 2458 137 2525 tius,
163 2473 220 2534 quo
241 2457 334 2514 maius
354 2455 481 2515 dedecus
500 2459 544 2514 111
563 2462 647 2532 parta
668 2456 811 2523 amittere,
829 2471 918 2531 quam
932 2456 1052 2514 omnino

70 2557 131 2599 non
153 2540 310 2616 paravisse.
698 2593 702 2598 .
858 2579 861 2585 -

156 2622 239 2683 Dicet
250 2619 368 2700 aliquis:
384 2621 460 2692 Quid
475 2621 564 2698 igitur
581 2621 701 2681 censes?
721 2619 933 2679 Vindicandum
947 2621 1100 2689 incasto

70 2709 120 2786 qui
136 2706 215 2765 hosti
229 2704 386 2784 prodidere
408 2721 473 2765 rem
493 2701 662 2782 publicam?
704 2702 770 2764 Non
787 2720 877 2762 manu
897 2719 993 2780 neque
1015 2705 1053 2771 vi,

70 2790 150 2869 quod
172 2791 265 2865 magis
285 2787 366 2847 vobis
382 2787 486 2849 fecisse
504 2802 595 2867 quarn
609 2785 665 2846 illis
680 2786 819 2847 accidisse
834 2784 986 2860 indignum
1001 2793 1053 2852 est,

68 2891 174 2935 rerum
197 2871 415 2950 quaestionibus
442 2877 471 2931 et
497 2871 604 2933 indicio
632 2870 723 2947 ipsius
743 2866 911 2944 Iugurthae.
955 2868 1100 2938 0111119

70 2956 224 3019 dediticius
246 2962 304 3023 est,
327 2953 461 3033 prolecto
475 2955 560 3015 iussis
574 2954 680 3013 rostris
697 2952 858 3012 oboediens
872 2951 937 3018 erit,
960 2952 1005 3009 sin
1020 2968 1055 3010 ea

71 3046 251 3108 contemnet,
273 3038 384 3099 scilicet
399 3037 617 3106 existumabitis,
640 3034 732 3114 qualis
746 3033 793 3094 illa
805 3050 864 3112 par
878 3039 928 3093 aut
948 3033 1055 3093 deditio

70 3127 122 3194 sit,
147 3141 184 3184 ex
206 3141 263 3202 qua
285 3121 322 3183 ad
342 3120 515 3197 Iugurtham
536 3120 682 3181 scelerum
703 3118 865 3194 inpunitas,
888 3115 925 3176 ad
946 3132 1057 3194 paucos

69 3207 200 3288 potentis
221 3224 376 3266 maxumae
395 3204 525 3271 divitiae,
536 3203 585 3263 'ad
598 3220 663 3262 rem
677 3200 825 3279 publicam
841 3199 946 3258 damna
968 3204 1055 3277 atque

71 3291 220 3354 dedecora
241 3290 437 3368 pervenerint.
468 3284 530 3346 Nisi
545 3285 620 3346 torte
639 3284 771 3345 nondum
791 3285 879 3344 etiam
897 3298 949 3340 vos
963 3281 1102 3345 domi-20

69 3376 199 3437 nunonis
213 3392 317 3435 eorum
327 3373 444 3433 satietas
460 3375 540 3431 tenet
554 3376 583 3430 et
596 3368 644 3429 illa
659 3384 747 3447 quam
761 3365 835 3426 baec
848 3371 981 3441 tempora
994 3382 1056 3424 ma·

73 3460 120 3537 gis
132 3456 265 3537 placent,
289 3474 357 3517 eum
370 3471 462 3532 regnu
476 3454 652 3533 provinciae,
671 3451 751 3527 leges
765 3451 829 3510 iura
849 3447 964 3525 iudicia,
982 3446 1060 3506 bella
