2272 4176
112 173 158 214 nu
181 171 355 213 cnrmrrrars
378 171 619 213 courvnnrroun
642 170 670 211 ο.
693 162 734 216 29.
754 161 797 214 30.
818 163 859 215 31.
941 154 984 210 lb³

69 321 154 401 quod
169 338 265 398 neque
288 319 392 379 urbem
414 319 450 378 ab
474 318 583 376 insidiis
598 320 709 394 priuato
725 317 845 378 consilio
861 317 977 395 longius
1055 312 1060 381 ζ

64 426 67 463 t
91 410 219 480 poterat,
236 420 332 481 neque
355 404 498 463 exercitus
513 400 599 461 llanli
620 408 744 480 quantus
765 407 814 461 aut
833 419 891 479 quc
907 421 976 461 con·
1056 436 1059 443 .

72 487 154 546 toret
170 488 238 545 satis
253 492 426 563 conpertum
441 483 575 552 habebat,
599 503 662 544 rem
679 485 715 545 ad
729 490 861 544 senatum
876 485 975 554 refert,
1060 525 1064 535 ·

67 577 158 645 antea
180 569 257 645 volgi
271 568 441 629 rumoribus
457 569 640 644 exagitatum.
677 568 791 645 ltaque,
815 568 893 645 quod
914 568 1009 644 ple-2¹

64 673 121 734 pre
148 654 179 712 in
201 654 293 713 atroci
315 653 432 729 negotio
456 650 545 720 solet,
568 658 685 711 senatus
712 651 854 719 decrevit,
872 652 977 712 darent

64 756 116 797 am
138 735 288 806 consules,
309 752 347 796 ne
370 735 439 815 quid
456 751 505 794 res
526 734 643 810 publica
661 735 826 794 detrimenti
848 743 974 811 caperet.

64 827 188 880 mtestas
214 837 268 895 per
291 825 425 879 senatum
449 836 531 878 mere
557 818 689 879 Romano
712 820 893 896 magistratui
914 830 1001 880 ma·3

64 922 79 964 a
102 903 296 981 permittitur,
320 903 481 962 exercitum
495 918 615 979 parare,
638 900 748 961 bellum
764 918 876 978 gerere,
892 920 975 962 coer·

82 985 222 1047 omnibus
243 985 337 1045 medis
360 987 454 1045 socios
476 992 562 1064 atque
585 986 668 1054 civis,
700 985 777 1044 domi
799 985 975 1063 militiaeque

64 1074 141 1132 rium
164 1078 250 1147 atque
272 1069 410 1129 indicium
429 1086 576 1128 summum
595 1067 721 1128 habere:
743 1068 824 1129 aliter
842 1071 904 1129 sine
920 1086 973 1147 po·

70 1157 157 1215 iussu
174 1152 281 1213 nullius
303 1169 403 1212 earum
418 1169 520 1213 rerum
542 1150 654 1211 consuli
675 1153 719 1211 ius
734 1160 786 1211 est.
819 1152 888 1213 Post
902 1171 972 1231 pau·
986 1154 1027 1215 30

64 1239 123 1298 lies
139 1235 170 1296 L.
187 1236 309 1297 Saenius
325 1242 442 1296 senator
457 1237 487 1296 in
504 1240 607 1295 senatu
623 1233 733 1295 litteras
746 1238 886 1306 recitavit,
903 1253 975 1314 quas

64 1321 124 1381 ulis
143 1318 254 1380 adlatas
275 1319 330 1379 sibi
348 1318 478 1389 dicebat,
502 1320 531 1378 in
555 1317 661 1398 quibus
682 1321 822 1396 scriptum
841 1327 918 1390 erat,
940 1319 973 1380 G.

64 1405 133 1464 lium
155 1420 237 1463 arma
260 1405 372 1480 cepisse
394 1420 461 1463 cum
481 1418 586 1479 magna
603 1400 787 1463 multitudine
810 1404 973 1464 antediem

64 1486 209 1548 Kalendas
230 1485 411 1547 Nouembris.
450 1485 555 1556 Simul,
578 1486 607 1546 id
629 1486 706 1565 quod
721 1487 751 1545 in
769 1485 819 1546 tali
842 1504 876 1546 re
891 1484 1000 1556 select

64 1578 191 1631 ›ortenta
206 1577 294 1648 atque
311 1571 443 1648 prodigia
457 1569 643 1638 nuntiabant,
663 1568 711 1629 alii
727 1576 887 1630 conventus
900 1570 973 1638 lieri,

64 1673 72 1715 r
85 1655 208 1732 portari,
226 1652 343 1731 Capuae
357 1660 445 1732 atque
456 1653 486 1712 in
497 1652 600 1730 Apulia
616 1652 719 1712 servile
731 1651 841 1712 bellum
852 1653 972 1712 moveri.

64 1756 85 1798 r
101 1739 195 1798 senati
211 1738 330 1797 decreto
347 1737 380 1807 Q.
398 1737 523 1797 Marcius
538 1736 600 1796 Rex
615 1735 767 1805 Faesulas,
791 1736 824 1807 Ο,
841 1734 973 1817 bletellus
983 1740 999 1790 tt

64 1823 126 1882 icus
147 1822 177 1880 in
196 1819 330 1899 Apuliam
352 1822 522 1899 circumque
538 1837 571 1879 ea
586 1819 650 1878 loca
664 1820 744 1879 missi
762 1853 796 1863 -
814 1820 840 1879 ei
859 1819 975 1897 utrique

64 1904 156 1965 rbem
175 1906 358 1981 inperatores
380 1911 477 1972 erant,
499 1904 619 1981 inpediti
639 1921 676 1963 ne
692 1902 909 1981 triumpharent
925 1922 971 1963 ca·
984 1913 1000 1960 ιι

64 1989 102 2048 ria
123 2005 301 2066 paucerum,
325 1987 430 2065 quibus
451 1989 547 2046 omnia
567 1986 689 2047 honesta
712 1994 798 2064 atquc
821 1986 973 2047 inhonesta

64 2078 120 2133 lere
135 2088 199 2131 mcs
215 2078 278 2131 erat
294 2105 347 2140 -‚
367 2077 411 2130 set
423 2077 575 2148 praetores
591 2068 624 2139 Q.
641 2069 797 2147 Pompeius
811 2070 905 2130 Rulus
923 2071 1001 2132 Cat-5

64 2172 95 2224 n,
118 2153 153 2224 Ο.
172 2154 305 2214 Metellus
326 2154 410 2215 Celer
430 2156 460 2214 in
482 2170 586 2230 agrum
607 2154 762 2222 Picenum,
786 2155 886 2232 eisque
907 2173 975 2232 per·

64 2257 128 2307 urm,
152 2240 195 2299 uti
215 2256 270 2315 pro
291 2244 424 2315 tempore
440 2244 526 2316 atque
541 2235 672 2316 periculo
692 2239 852 2297 exereitum
868 2256 974 2317 conpa-

64 2330 102 2382 nt.
136 2321 180 2382 td
199 2322 270 2391 hcc,
294 2323 318 2381 si
333 2323 397 2400 quis
413 2321 596 2381 indicavisset
610 2320 646 2381 de
665 2321 882 2391 coniuratione,
901 2326 1000 2399 quaed

64 2422 95 2466 ra
108 2424 174 2465 rem
187 2404 335 2482 publicam
350 2405 424 2465 lacta
442 2410 518 2474 erat,
533 2406 694 2483 praemium
709 2421 794 2464 servo
809 2404 973 2465 libertatem

64 2491 176 2551 estertia
191 2494 323 2557 centum,
345 2487 438 2548 libero
453 2490 644 2566 inpunitatem
660 2490 721 2548 eius
737 2490 780 2548 rei
798 2495 827 2548 et
842 2490 972 2548 sestertia

64 2580 131 2642 nta,
155 2574 283 2648 itemque
305 2572 477 2640 decrevere,
500 2573 543 2632 uti
564 2570 751 2648 gladiatoriae
774 2570 899 2632 familiae
920 2571 1000 2635 Ca·7

64 2664 128 2717 net
147 2657 178 2716 in
196 2661 293 2715 cetera
315 2657 471 2733 municipia
491 2655 735 2716 distribuerentur
755 2672 809 2732 pro
833 2656 974 2733 cuiusque

63 2759 106 2810 m,
122 2740 234 2800 Romae
251 2756 305 2815 per
321 2745 408 2798 totam
424 2738 530 2799 urbem
547 2738 657 2814 vigiliae
675 2738 855 2799 haberentur
874 2740 973 2816 eisque

64 2843 120 2885 tres
140 2823 327 2899 magistratus
341 2829 518 2898 praeessent.
553 2821 664 2890 Quibus
679 2821 769 2882 rebus
783 2829 916 2899 permota
934 2824 972 2882 ei·
984 2821 1018 2880 31

85 2915 171 2986 atque
192 2908 333 2965 inmutata
352 2905 434 2965 urbis
457 2905 546 2965 iacies
567 2912 643 2975 erat,
673 2923 708 2966 ex
731 2923 844 2964 summa
866 2904 972 2966 laetitia

64 2990 221 3058 elascivia,
246 3006 321 3066 qrrae
340 2989 475 3049 diuturna
494 2991 576 3066 quies
590 2995 755 3067 pepererat,
774 2995 895 3066 repente
911 3007 973 3048 cnr·

64 3076 171 3135 *sistitis
188 3074 307 3133 invasit:
330 3071 467 3133 festinare
488 3073 649 3149 trepidare,
670 3090 766 3150 neque
787 3070 853 3132 loco
874 3090 972 3150 neque

64 3159 102 3219 ini
117 3158 256 3235 cuiquam
274 3157 343 3215 satis
364 3157 499 3225 credere,
523 3174 618 3234 neque
633 3155 742 3216 bellum
757 3172 862 3232 gerere
876 3172 971 3234 neque
986 3171 1000 3214 2

64 3238 230 3309 mhabere,
249 3256 303 3299 suc
323 3240 445 3317 quisque
461 3246 542 3300 metu
561 3239 691 3317 pericula
712 3240 817 3299 metiri.
851 3240 895 3299 Ad
917 3240 999 3300 hcet

64 3342 144 3394 eres,
167 3322 275 3402 quibus
296 3324 341 3383 rei
359 3322 493 3400 publicae
511 3322 709 3399 magnitudine
728 3321 797 3382 belli
818 3323 906 3383 timor
927 3325 971 3384 in-

64 3425 93 3470 us
106 3410 282 3475 incesserat,
303 3405 450 3467 adflictare
466 3424 546 3472 sese,
568 3423 672 3465 manus
690 3404 830 3482 subplieis
847 3407 884 3467 ad
907 3425 972 3467 cae·
