2272 4176
39 41 195 181 '’⁶⁴⁸⁴ss

80 90 122 115 .'-'·

55 144 65 153 ΙΙ
82 122 97 149 Ιι

39 168 68 211 l„

41 212 48 221 .

40 333 205 410 uobsides,
228 351 311 410 quos
328 336 438 396 Crasso
455 335 625 410 dedissent,
646 340 874 414 reciperaturos
890 343 989 402 existi-

41 419 149 479 mabunt.
177 420 299 490 Horum
314 420 493 480 auctoritate
508 421 626 481 finitimi
642 423 775 498 adducti,
791 433 824 485 ut
839 434 910 487 sunt
925 427 993 485 Gal-

40 502 116 565 lorum
131 503 233 564 subita
248 511 280 563 et
298 505 458 579 repentina
474 506 612 578 consilia,
636 507 743 566 eadem
759 508 799 567 ‹le
813 525 908 570 causa
921 511 992 570 Tre·

39 586 102 648 bium
114 588 383 663 Terrasidiumque
397 588 537 663 retinent,
560 596 590 649 et
611 591 750 649 celeriter
764 592 868 653 missis
884 595 991 668 legatis

40 686 81 747 per
92 688 163 732 suos
175 671 335 747 principos
350 672 428 733 inter
442 687 477 731 se
494 673 663 746 coniurant,
680 674 752 733 nilril
768 676 827 736 nisi
841 680 992 738 communi

39 756 146 817 oonsilio
161 765 287 817 acturos
303 758 497 831 eundemque
512 760 611 817 omnis
628 759 769 817 lortunae
791 761 906 820 exitum
921 776 992 821 esse

39 838 142 915 lauros,
155 842 356 916 reliquasque
374 841 508 900 civitates
525 841 696 914 sollicitant,
712 843 785 902 utin
797 858 835 903 ea
846 845 992 921 libertate,

39 940 111 1000 quarn
130 924 331 985 amaloribus
352 932 551 1000 acceperant,
573 939 754 998 permanere
775 944 867 1003 quam
881 929 990 994 Roma-

39 1022 127 1069 norum
146 1010 325 1068 servitutem
345 1011 483 1083 perferre
503 1010 637 1069 mallent
674 1009 761 1069 Omni
776 1027 832 1071 ora
844 1013 992 1073 maritima

39 1093 156 1153 celeriter
176 1093 216 1152 ad
232 1109 320 1153 suam
335 1092 516 1152 sententiam
531 1093 682 1167 perducta
703 1109 895 1155 communem
910 1099 991 1171 lega·

39 1176 130 1236 ionem
144 1179 184 1238 ad
198 1177 230 1236 P.
248 1177 393 1237 Crassum
407 1177 535 1252 mittunt,
552 1177 579 1238 si
593 1177 667 1236 velit
680 1193 756 1239 suos
770 1180 924 1257 racipere,
937 1181 989 1242 ob-

39 1260 104 1321 tides
118 1262 175 1322 sibi
189 1260 331 1322 remittat.

101 1346 149 1405 ix.
173 1344 290 1420 Quibus
306 1346 345 1406 de
355 1345 449 1405 rebus
459 1345 573 1405 Caesar
583 1344 622 1403 ab
631 1344 743 1406 Crasso
760 1347 871 1407 certior
882 1348 991 1425 lactus,

413 185 531 244 LIBER
552 186 601 245 111.
955 188 994 249 49

40 1429 102 1505 pod
117 1430 185 1504 ipse
200 1429 448 1503 aberatlongius,
464 1445 560 1488 naves
576 1428 695 1487 interim
711 1431 819 1505 longas
836 1431 991 1492 aedificari
1075 1506 1078 1510 Α

40 1512 185 1573 alumine
200 1512 326 1587 Ligure,
349 1514 432 1589 quod
451 1513 551 1573 influit
565 1513 595 1572 in
612 1511 782 1588 Oceanum,
804 1515 936 1589 remiges
952 1531 990 1575 ex

40 1597 176 1658 novincia
190 1597 321 1670 institui,
337 1605 445 1657 nautas
460 1598 745 1672 gubernatoresque
760 1598 931 1672 comparari
946 1598 989 1659 iu·

40 1690 79 1742 tet.
105 1682 158 1740 His
174 1681 270 1740 rebus
287 1681 426 1740 celeriter
442 1679 661 1741 administratis
677 1681 754 1755 ipse,
777 1697 846 1740 curn
861 1683 986 1756 primunt

40 1778 76 1825 ter
94 1766 170 1825 anni.
180 1771 303 1839 tempus
317 1765 424 1839 potuit
447 1766 487 1824 ad
502 1756 670 1825 estrcitunr
685 1764 852 1825 contendit.
879 1767 986 1827 Veneta

40 1849 219 1926 eliquaeque
238 1850 310 1909 item
326 1849 464 1908 civitates
481 1848 603 1922 cognito
620 1849 760 1908 Caesaris
783 1849 926 1920 adventu,
949 1850 987 1909 sl-

40 1935 80 1993 nul
94 1935 186 2009 quod,
209 1940 357 2008 quantum
373 1934 402 1992 in
419 1948 454 1992 se
469 1933 587 1992 lacinus
604 1931 811 2005 admisissent,
834 1932 986 2006 intellege-

40 2027 103 2091 tant,
125 2020 260 2093 legatos,
285 2018 368 2092 quod
384 2033 493 2077 nomen
510 2017 549 2076 ad
570 2031 678 2077 omrrcs
695 2017 835 2075 nationes
850 2024 985 2077 sanctum

40 2103 257 2177 aviolatumque
279 2117 402 2175 semper
424 2102 547 2172 luisset,
569 2107 706 2159 retentos
723 2101 761 2158 ab
778 2114 813 2158 se
834 2108 864 2159 et
878 2101 907 2159 in
923 2101 974 2160 vin

41 2186 67 2246 la
91 2188 264 2260 coniectoS,
288 2202 343 2259 pro
366 2186 576 2258 magnitudine
598 2184 724 2259 periculi
747 2184 858 2242 bellurn
881 2201 986 2259 parare

40 2271 187 2330 lmaxime
199 2286 245 2343 ea,
262 2285 341 2344 quae
356 2270 394 2328 ad
410 2286 499 2328 usum
511 2269 634 2328 navium
651 2268 811 2341 pertinent,
828 2269 988 2341 providero

40 2356 183 2427 astiluunt,
200 2354 259 2413 boo
274 2353 388 2412 maiore
401 2369 467 2428 spe,
484 2353 568 2428 quod
583 2355 708 2412 multum
725 2358 832 2410 aalma
845 2352 903 2413 loci
915 2368 974 2413 con

40 2438 159 2499 debant.
186 2437 346 2497 Pedestria
361 2453 432 2497 esse
448 2438 555 2496 itinera
570 2436 696 2496 concisa
712 2435 882 2509 aestuariis,
905 2437 981 2496 navi·

40 2522 167 2582 ationem
195 2522 362 2596 inpeditam
383 2530 510 2597 propter
536 2520 727 2580 inscientiam
754 2521 890 2579 locorum
915 2535 974 2592 pau

41 2604 198 2682 itatenaque
220 2613 363 2680 portuum
384 2607 537 2676 sciebant,
565 2620 667 2680 neque
689 2610 812 2663 nostros
834 2602 987 2662 exereitus

40 2700 140 2766 uopter
162 2690 303 2750 frumenti
326 2691 460 2765 inopiam
476 2689 589 2748 diutius
610 2689 694 2763 apud
709 2703 745 2747 se
765 2686 877 2746 morari
892 2701 987 2761 posse

41 2776 226 2837 oufidcbant=
254 2791 291 2834 ao
307 2774 365 2833 iam
381 2781 413 2834 ut
435 2775 535 2834 omnia
551 2780 657 2833 contra
678 2771 853 2847 opinionem
868 2769 979 2830 aecide-

41 2868 89 2933 tnt,
104 2867 204 2919 tamen
222 2874 257 2918 se
273 2860 433 2933 plurimum
448 2859 577 2917 navibus
594 2873 699 2932 posse,
715 2857 870 2916 Romanos
886 2869 987 2929 neque

41 2942 105 3005 llam
126 2946 301 3004 facultatem
320 2943 434 3003 habere
449 2942 571 3002 navium
588 2958 688 3017 neque
711 2955 817 3000 eorum
839 2940 986 3011 locorum,
1038 2984 1045 2996 .

41 3024 192 3091 lribeltum
208 3027 325 3102 gesturi
341 3033 454 3098 essent
470 3027 559 3099 vada,
576 3035 693 3124 portus,
710 3024 827 3083 insulas
843 3022 986 3090 novisse;

41 3112 155 3187 alonge
172 3113 262 3171 aliam
278 3127 349 3171 esse
364 3112 588 3185 navigationem
603 3112 632 3170 in
646 3111 793 3169 concluso
805 3106 879 3165 mari
895 3112 987 3180 alque

41 3197 242 3271 {vastissimo
264 3203 356 3271 atque
383 3195 576 3271 apertissimo
599 3195 722 3255 Oceano
750 3188 986 3286 perspiciebant.

41 3258 163 3373 {sinitis
179 3280 317 3341 consiliis
334 3282 450 3356 oppida
464 3279 616 3353 muniunt,
639 3280 790 3338 lrumenta
805 3290 844 3334 ex
858 3273 941 3349 agris
956 3273 986 3332 in

41 3360 128 3453 ‘lpida
142 3370 335 3442 conportent
352 3381 447 3424 naves
462 3365 492 3423 in
504 3325 672 3436 Veneti’am,
688 3361 909 3421 ubiCaesarem
927 3356 983 3432 pri

41 3440 99 3543 'pun
115 3462 186 3511 csso
208 3450 321 3510 bellum
344 3458 500 3524 gesturum
523 3447 697 3523 constabat,
672 3453 819 3521 tquam
841 3441 987 3519 plurimas

41 3546 88 3649 'bt'
99 3550 194 3595 tumus
211 3547 339 3592 causan
772 3536 793 3591 4
