2302 4192
223 222 265 262 or:
289 221 461 263 oarrcman
485 222 725 265 corrvaarrona
750 225 775 265 c.
796 216 840 267 20.
861 215 901 268 11.
1012 207 1047 267 11

68 369 175 448 ltaque
190 367 284 428 omnis
298 370 390 445 gratia
404 371 548 447 potentia,
567 370 662 430 honos
679 371 791 431 divitiae
809 372 887 448 apud
904 370 967 430 illos
982 379 1077 431 sunta

68 459 122 513 ant
137 450 189 512 ubi
202 450 243 511 illi
256 451 371 512 volunt:
386 452 471 512 nobis
488 453 635 533 reliquere
647 453 777 532 pericula
788 454 930 531 repulsas,
943 454 1049 514 iudicia

68 540 240 612 egestatem.
273 535 353 607 Quae
375 554 547 616 quousque
570 538 688 598 tandem
704 538 866 616 patiemini,
890 537 1076 601 fortissumis)

66 620 143 679 viril
163 634 263 678 nonne
278 620 370 679 emori
383 637 436 698 per
453 621 589 681 virtutem
603 628 739 699 praestat,
757 640 844 700 quam
859 623 945 682 vitam
962 621 1047 680 mise-

66 720 136 762 ram
153 706 239 779 atquo
256 702 448 771 inhonestam,
467 703 518 763 nbi
533 702 643 765 alienae
657 704 812 783 superbiae
834 704 960 765 ludibrio
984 704 1046 763 fue-

66 787 126 855 ris,
151 802 206 861 per
227 785 354 846 dedecus
376 787 527 847 amittere?
992 841 994 845 .

154 867 263 929 Verum
278 871 435 939 enimvero,
448 888 503 948 pro
515 870 603 931 deum
614 878 700 948 atque
713 871 864 931 hominum
876 871 972 937 fidem,
988 871 1045 929 vic·
1058 882 1089 931 lu

66 954 145 1012 toria
160 953 191 1010 in
206 969 294 1012 manu
313 952 398 1012 nobis
415 960 473 1022 est,
494 955 572 1029 viget
586 961 680 1022 aetas,
706 957 819 1014 animus
833 953 920 1015 valet:
945 960 1045 1014 contra

66 1035 125 1095 illis
141 1036 224 1095 annis
240 1041 326 1114 atque
341 1036 444 1097 divitiis
459 1038 555 1096 omnia
571 1045 797 1099 consenuerunt.
831 1037 1045 1098 Tantummodo

66 1120 186 1196 incepto
208 1136 282 1195 opus
303 1126 360 1188 est,
384 1125 481 1181 cetera
503 1138 551 1181 res
572 1121 713 1198 expediet.
752 1121 865 1181 Etenim
887 1122 951 1200 quis
964 1130 1083 1180 mor-tt

66 1201 184 1269 talium,
206 1203 252 1262 oni
266 1201 347 1263 virile
363 1204 513 1279 ingenium
528 1210 580 1274 est,
597 1203 723 1265 tolerare
738 1212 842 1282 potest,
861 1204 917 1264 illis
935 1204 1045 1264 divitias

66 1302 220 1363 superare,
240 1303 313 1363 quas
327 1286 507 1364 profundant
520 1289 549 1346 in
567 1287 748 1348 extrudendo
763 1289 838 1349 mari
853 1295 881 1347 et
897 1287 1044 1348 montibus

71 1368 284 1446 coaequandis,
312 1369 397 1430 nobis
424 1388 488 1430 rem
512 1369 684 1431 familiarem
708 1372 795 1431 etiam
824 1371 860 1431 ad
880 1373 1044 1431 necessaria

66 1451 190 1512 deesse?
211 1450 275 1511 illos
289 1451 372 1512 binas
385 1460 436 1514 ant
451 1453 575 1532 amplius
591 1454 692 1513 domos
708 1456 888 1520 continuare,
904 1454 989 1514 nobis
1003 1454 1043 1513 la-

66 1552 133 1595 rem
151 1535 320 1597 familiarem
342 1552 488 1615 nusquam
509 1535 601 1598 ullum
617 1537 698 1597 esse?
735 1536 807 1598 Cum
828 1536 942 1597 tabulas
962 1539 1044 1613 signa
1056 1548 1087 1596 12

66 1624 231 1679 toreumata
252 1627 369 1689 emunt,
393 1637 468 1680 nova
492 1620 613 1680 diruunt
639 1619 694 1679 alia
714 1620 874 1687 aedificant,
896 1628 1045 1697 postremo

66 1701 204 1762 omnibns
225 1702 319 1762 modis
340 1704 494 1780 pecuniam
515 1701 636 1762 trahunt
657 1711 776 1771 vexant,
806 1709 904 1762 tamen
919 1706 1043 1761 'summa

66 1785 196 1846 lubidine
212 1784 323 1845 divitias
344 1803 412 1846 suas
428 1788 545 1846 vincere
561 1793 720 1864 nequeunt.
750 1786 786 1845 nt
804 1783 888 1844 nobis
903 1792 947 1845 est
964 1785 1043 1845 domi
1056 1795 1085 1844 13

67 1870 175 1947 inopia,
197 1868 269 1928 loris
285 1887 334 1929 aes
350 1868 491 1930 alienum:
510 1868 586 1928 mala
607 1886 670 1937 res,
693 1887 760 1946 spes
782 1867 873 1928 multo
898 1870 1043 1946 asperior:

66 1953 202 2030 denique,
223 1952 292 2030 quid
309 1951 412 2012 relicui
433 1952 575 2013 babemus
596 1959 714 2030 praeter
736 1953 873 2011 miseram
897 1951 1042 2011 animam?

150 2034 225 2105 Quin
247 2036 335 2111 igitur
357 2036 600 2113 expergiscimini.
631 2036 675 2095 En
692 2035 747 2104 illa,
769 2034 826 2102 illa,
849 2052 936 2112 quam
954 2052 1041 2112 saepe
1054 2045 1085 2093 14

66 2120 200 2196 optastis,
216 2117 350 2187 libertas,
369 2126 523 2197 praeterea
542 2119 656 2179 divitiae
679 2119 768 2179 decus
789 2118 881 2194 gloria
901 2119 930 2178 in
952 2117 1044 2177 oculis

66 2203 118 2263 sita
137 2208 220 2262 sunt:
242 2201 361 2263 fortuna
376 2204 473 2263 omnia
489 2221 523 2262 ea
539 2202 699 2262 victoribus
713 2203 841 2280 praemia
859 2202 964 2279 posuit.
985 2199 1043 2259 Res
1055 2212 1086 2261 15

66 2293 190 2363 tempus,
206 2285 337 2363 pericula
358 2292 479 2362 egestas,
496 2284 564 2353 belli
577 2285 669 2363 spolia
686 2285 839 2362 magnifica
850 2286 942 2361 magis
955 2302 1042 2361 quam

66 2370 158 2430 oratio
185 2387 251 2429 mea
276 2386 327 2429 vos
348 2369 513 2430 hortantur.
557 2368 609 2428 Vel
630 2370 797 2447 inperatore
819 2368 864 2428 vel
884 2367 973 2427 milite
995 2385 1042 2425 me
1053 2379 1085 2431 16

66 2453 201 2514 utemini:
216 2469 313 2530 neque
328 2455 459 2520 animus,
479 2469 576 2531 neque
591 2469 726 2530 corpusa
741 2451 823 2511 vobis
837 2450 938 2510 aberit.
963 2449 1042 2509 Haec
1053 2467 1084 2515 17

65 2538 141 2615 ipsa,
165 2541 197 2595 nt
218 2553 321 2613 spero,
342 2535 494 2596 vobiscum
515 2553 574 2596 nna
597 2533 699 2596 consul
714 2550 812 2611 agam,
828 2535 884 2594 nisi
899 2533 975 2592 lorte
994 2550 1041 2591 me

66 2620 179 2680 animus
200 2617 287 2686 tellit,
311 2626 339 2678 et
358 2636 409 2679 vos
430 2620 540 2679 sarrire
567 2620 660 2695 magis
682 2637 769 2696 qnam
792 2619 928 2694 inperare
949 2616 1041 2693 parati

66 2704 165 2764 ostis.“

148 2785 306 2862 Postquam
327 2803 469 2862 accepere
484 2802 518 2863 ea
532 2785 680 2853 homines,
703 2783 808 2862 quibus
828 2781 904 2843 mala
926 2781 1042 2840 abunde
1054 2791 1089 2850 21

66 2871 161 2930 omnia
176 2875 279 2936 erant,
303 2874 349 2928 set
362 2885 459 2947 neque
471 2886 521 2928 res
539 2885 635 2945 neque
650 2883 717 2944 spes
733 2865 811 2925 bona
832 2865 907 2932 ulla,
930 2863 1043 2924 tametsi

66 2953 117 3015 llis
133 2953 231 3031 quieta
246 2969 364 3011 movere
382 2969 487 3028 magna
503 2967 619 3011 merces
639 2949 805 3017 videbatur,
823 2955 920 3008 tamen
943 2952 1042 3023 postn-

66 3054 161 3099 avere
181 3034 333 3114 plerique,
360 3042 393 3094 nt
410 3040 599 3114 proponeret,
624 3051 698 3111 qnae
720 3030 845 3092 conditio
866 3030 935 3090 belli
957 3030 1042 3094 toret,

66 3138 138 3200 qnae
153 3120 282 3198 praemia
298 3119 386 3179 armis
400 3124 543 3195 peterent,
563 3116 633 3195 quid
647 3115 756 3194 ubique
771 3116 834 3191 opis
849 3120 898 3173 ant
917 3114 979 3189 spei
992 3111 1043 3169 ha-

66 3205 180 3265 berent.
213 3202 290 3262 Tuni
313 3201 432 3262 Catilina
452 3200 585 3279 polliceri
605 3198 719 3260 tabulas
734 3215 832 3264 noras,
855 3196 1070 3273 proscriptio-‘2

66 3305 132 3349 nem
147 3285 353 3363 locupletium,
375 3287 561 3362 magistratus
579 3282 741 3343 sacerdotia
756 3281 889 3357 rapinas,
911 3277 965 3338 alia
982 3295 1042 3336 om·

66 3374 128 3439 nia,
153 3387 227 3448 quae
248 3368 359 3429 bellum
380 3376 467 3447 atque
488 3368 587 3428 lubido
611 3369 757 3427 victorum
780 3363 850 3424 tert.
889 3361 1083 3422 9111111111

66 3454 165 3512 essein
173 3452 310 3528 Hispania
324 3453 461 3514 citeriore
476 3453 630 3526 Pisonem,
643 3454 677 3516 in
688 3448 885 3515 blauretarita
897 3461 976 3504 1111
985 3455 1078 3499 1111-
