2272 4176
147 530 186 591 to
294 548 336 587 nn
357 547 529 588 nummula
553 545 798 589 courrusmoun
822 546 851 589 c.
875 542 915 595 19.
934 540 977 593 ⁴20.

145 696 276 756 riorrdmn
297 698 465 774 trequentes
481 696 585 754 armati
606 702 822 765 convenerant,
846 713 881 755 ea
904 713 951 755 res
972 696 1099 757 cousdiuu

96 784 133 843 tn
145 782 270 840 diremit.
285 780 389 839 Postea
411 778 478 838 Piso
498 774 529 837 in
543 778 710 843 citeriorem
727 776 902 855 Hispaniam
918 788 1045 857 quaestor
1059 798 1100 857 pru

144 871 280 942 praetore
298 865 403 921 missus
423 870 480 931 est,
502 861 649 921 adnitente
662 859 784 930 Crasso,
811 862 892 940 qnod
908 880 974 923 eum
989 863 1102 925 infestum
1130 874 1135 881 “

117 949 293 1008 eninricum
316 946 369 1005 Gn.
385 944 524 1022 Pompeio
544 951 728 1021 cognoverat.
765 944 871 1023 Neque
892 951 988 1006 tamen
1006 955 1104 1007 senatus

147 1032 323 1107 prouinciam
338 1030 444 1088 inritus
465 1028 599 1088 dederat:
622 1029 729 1105 quippe
750 1026 873 1089 foedum
894 1028 1035 1089 homiuem
1048 1047 1065 1089 a
1078 1048 1117 1089 res

145 1113 260 1191 publica
273 1110 376 1190 procul
388 1128 450 1171 esse
465 1110 593 1171 volebat:
608 1109 694 1171 simul
705 1112 773 1189 quia
783 1110 857 1171 boni
872 1112 1025 1190 conplures
1037 1132 1105 1189 prae·

145 1199 250 1257 sidium
271 1199 301 1256 in
323 1213 357 1254 eo
380 1194 531 1271 putabant,
549 1195 726 1254 etiamtum
744 1196 876 1271 potentia
891 1194 1011 1274 Pompei
1024 1197 1106 1255 lurni·
1129 1267 1134 1282 .

117 1281 246 1341 talulcsa
260 1286 330 1340 erat.
363 1278 413 1337 Set
428 1280 452 1337 is
467 1278 534 1337 Piso
549 1279 578 1337 in
592 1279 742 1354 provincia
760 1276 797 1337 alr
819 1278 969 1357 equitibus
982 1278 1106 1357 Hispane,

115 1381 217 1441 iquos
233 1366 295 1423 sine
314 1363 443 1422 exercitu
458 1360 596 1421 ductabat
616 1362 671 1420 iter
689 1360 809 1430 taciens,
833 1363 951 1423 occisus
969 1369 1021 1423 est.
1050 1364 1107 1423 Sunt

144 1448 193 1524 qui
212 1448 251 1505 ita
274 1446 384 1513 dicant,
408 1445 520 1522 inperia
543 1446 606 1506 eius
626 1444 732 1505 iniusta
752 1445 884 1521 superba
907 1446 1034 1507 crudelia
1054 1446 1127 1507 bar-tt

114 1529 230 1588 abares
246 1529 408 1606 nequivisse
424 1529 498 1604 pati,
522 1526 568 1587 alii
588 1534 685 1587 antem
701 1530 814 1607 equites
829 1526 910 1599 illos,
931 1529 985 1590 Gn.
1006 1528 1105 1607 Pompei

145 1620 258 1673 veteres
276 1612 408 1688 fidosque
426 1610 547 1681 clientis,
562 1609 708 1673 voluntate
723 1612 787 1672 eius
800 1610 942 1673 Pisonem
955 1614 1103 1690 adgressos:

142 1712 302 1773 numquam
313 1693 456 1770 llispauos
465 1701 618 1771 practerea
631 1694 689 1755 tale
699 1695 812 1756 lacinus
823 1695 940 1766 fecisse,
960 1704 1005 1757 set
1012 1696 1103 1775 inperia
1126 1741 1129 1754 .

143 1797 226 1839 saeva
248 1778 338 1839 multa
358 1783 442 1837 antea
459 1795 624 1855 perpessos.
667 1778 727 1839 Nos
744 1796 810 1838 eam
825 1796 891 1839 rem
911 1782 944 1841 in
959 1780 1051 1841 medio
1068 1797 1102 1839 re·

115 1862 316 1941 relinquemus.
359 1860 401 1921 lle
420 1862 572 1938 superiore
594 1862 796 1923 coniuratione
816 1864 887 1923 satis
910 1863 1028 1925 dictum.
1108 1852 1136 1955 111

93 1956 132 2017 20
229 1945 357 2013 Catilina,
373 1944 424 2004 ulri
435 1962 494 2012 eos,
511 1961 584 2023 quos
595 1944 682 2021 paulo
694 1948 942 2017 antememoravi,
955 1946 1102 2009 convenisse

143 2030 233 2097 ridet,
252 2029 366 2089 tametsi
388 2046 454 2087 cum
474 2027 595 2103 singulis
615 2027 705 2089 multa
727 2044 815 2107 saepe
837 2037 955 2105 egerat,
978 2028 1103 2091 tamenin

141 2131 206 2172 rem
229 2114 292 2172 lore
315 2112 437 2171 credens
459 2112 610 2169 univorsos
625 2109 772 2188 adpellare
795 2120 826 2171 et
841 2112 1008 2183 cohortari,
1027 2110 1103 2173 inal-
1129 2114 1132 2125 '

143 2196 232 2256 ditam
260 2203 372 2273 partem
399 2194 515 2254 aedium
543 2194 653 2253 secedit
673 2200 760 2272 atque
782 2193 823 2253 ibi
849 2195 989 2256 omnibus
1009 2194 1104 2257 arbitris

143 2279 248 2356 procul
264 2280 367 2338 amotis
382 2278 545 2336 orationem
560 2275 680 2337 huiusce
696 2277 775 2337 modi
789 2276 909 2338 habuit:

116 2376 131 2422 2
227 2362 284 2429 „Ni
299 2363 389 2420 virtus
404 2361 534 2438 fidesque
549 2366 646 2419 rostra
660 2366 789 2438 spectata
804 2360 876 2420 milri
893 2360 1006 2431 lorent,
1021 2362 1103 2440 nequi·

143 2463 230 2525 quam
253 2451 397 2523 oportuna
419 2462 467 2503 res
490 2443 658 2503 cecidisset:
681 2461 747 2520 spes
767 2460 890 2520 magna,
916 2444 1102 2507 dominatioir

141 2528 278 2588 manibus
293 2526 400 2587 frustra
420 2527 555 2587 luissent:
571 2544 668 2606 neque
686 2543 739 2603 ego
754 2545 808 2605 per
823 2529 970 2603 ignaviam
986 2537 1034 2591 aut
1049 2544 1102 2587 rana

115 2613 257 2688 singerda
286 2612 396 2670 incerta
424 2627 479 2689 pro
503 2611 589 2670 certis
610 2616 767 2688 captarem.
813 2610 864 2671 Set
885 2614 954 2691 quia
976 2612 1101 2675 multiset

141 2697 254 2771 magnis
276 2693 497 2771 tempestatibus
519 2711 571 2752 vos
589 2693 712 2769 cognovi
734 2694 817 2753 lortis
838 2692 974 2774 fidosque
989 2696 1063 2763 milri,
1077 2710 1101 2753 ro

141 2782 255 2839 animus
271 2795 359 2838 ausus
373 2785 416 2838 est
430 2796 600 2837 maxumum
615 2787 701 2856 atque
715 2776 940 2855 pulcerrumum
953 2779 1060 2841 lacinus
1071 2780 1101 2837 irr-

143 2864 250 2939 cipere,
267 2861 350 2922 simul
364 2863 430 2939 quia
443 2861 524 2921 vobis
540 2861 642 2921 eadem
653 2880 727 2939 quae
739 2859 810 2920 mihi
820 2860 900 2921 bona
912 2862 1045 2943 malaque
1054 2876 1100 2921 esse

114 2945 278 3006 lintellexi.
299 2945 461 3005 Namidem
472 2943 545 3004 velle
564 2950 650 3024 atque
665 2943 742 3003 idem
753 2942 841 3012 nolle,
859 2962 893 3004 ea
906 2944 1024 3008 demum
1035 2946 1099 3005 firm

142 3030 266 3088 amicitia
283 3034 335 3088 est.

115 3118 131 3167 ὁ
226 3113 276 3172 Set
296 3129 349 3188 ego
365 3129 438 3188 quae
459 3117 556 3171 mente
571 3112 683 3187 agitari,
703 3128 804 3170 omnes
822 3112 881 3171 iam
903 3121 988 3173 antea
1014 3106 1101 3173 diuersi

115 3196 270 3260 caedistis.
305 3194 441 3254 Ceterum
460 3194 529 3253 mihi
550 3197 581 3254 in
604 3196 664 3254 dies
685 3195 777 3271 magis
800 3196 916 3255 animus
939 3196 1102 3257 adtenditur.

142 3299 209 3339 cum
232 3278 400 3346 considero,
417 3295 491 3355 quae
513 3278 640 3338 conditio
655 3279 729 3338 vitae
744 3276 844 3338 lutura
858 3279 912 3347 sit,
931 3280 987 3340 nisi
1008 3282 1102 3339 nosmet

115 3365 196 3441 ripsi
211 3362 388 3422 vindicamus
406 3361 435 3419 in
457 3359 631 3421 libertatem.
663 3361 738 3421 Nam
754 3367 912 3439 postquam
933 3380 983 3422 res
1005 3359 1102 3440 pulrliu

141 3449 171 3506 in
188 3463 349 3525 paucorum
367 3445 528 3523 potentium
545 3446 590 3504 ius
606 3452 692 3525 atque
709 3445 854 3505 dicionem
868 3448 1025 3513 concessit,
1043 3459 1102 3503 sem·

141 3547 194 3605 per
219 3529 273 3589 illis
294 3545 380 3606 reges
401 3527 566 3587 tetrarchae
589 3527 741 3605 vectigales
760 3546 841 3596 esse,
864 3527 964 3607 populi
988 3530 1123 3606 nationes

141 3613 282 3689 stipendia
297 3613 442 3689 pendere:
458 3613 547 3672 ceteri
561 3630 671 3680 omnes,
685 3613 797 3672 suenni
808 3611 887 3680 boni,
906 3611 1017 3673 nobiles
1030 3618 1101 3688 atqua

141 3694 295 3767 ignobiles
318 3695 420 3770 volgus
440 3695 547 3754 luimus
567 3697 629 3755 sine
650 3697 757 3770 gratia,
786 3696 848 3755 sine
869 3698 1049 3761 auctoritate,
1070 3692 1102 3751 eu

140 3776 268 3847 obnoxii,
291 3777 406 3857 quihus,
429 3779 453 3836 si
473 3795 521 3837 res
536 3777 651 3854 publica
666 3776 784 3846 valeret,
808 3777 959 3840 formidini
978 3790 1099 3840 essemus.

1132 1429 1136 1468 l

612 4051 707 4140 f.
