2272 4176
108 481 148 543 34
256 498 299 540 nu
319 497 492 540 oarmnoau
516 495 759 540 coruvnaurcnu
783 496 811 539 c.
831 486 876 542 57.
896 486 942 541 58

107 646 234 718 sidebat,
257 665 293 708 ex
311 645 479 708 difficultate
495 662 598 705 rerum
615 645 717 706 eadem
732 643 781 706 illa
797 644 993 715 existumans,
1017 662 1088 723 quac

80 746 197 809 asupra
220 731 359 801 diximus,
382 729 534 792 Catilinam
552 730 672 807 agitare.
714 727 807 806 igitur
826 728 878 788 ubi
892 729 949 789 iter
970 729 1035 790 cius
1055 748 1088 791 ex

86 816 239 894 perfugis
255 815 399 893 cognorit,
417 819 513 874 castra
534 830 662 890 propere
683 813 773 873 movit
788 830 824 873 ac
844 811 901 872 sub
922 814 994 891 ipsis
1015 816 1086 876 radi·

108 899 191 959 cibus
206 901 351 959 montium
372 897 517 967 consedit,
541 915 597 975 qua
615 896 657 957 illi
671 897 830 957 descensus
844 902 910 957 erat
922 898 954 957 iu
972 896 1086 959 Gallum

79 995 98 1041 4
106 984 286 1061 properanti.
308 980 412 1061 Neque
423 990 521 1042 tamen
531 981 672 1043 Antonius
684 980 789 1058 procul
799 979 913 1051 aberat,
923 987 1027 1059 utpote
1042 985 1107 1062 quia

107 1084 214 1145 magno
229 1066 360 1128 exercitu
373 1065 446 1128 locis
460 1065 648 1144 aequioribus
662 1064 815 1142 expeditus
825 1067 975 1140 inpeditos
985 1067 1016 1126 in
1026 1067 1090 1144 luga

81 1158 290 1229 bsequeretur.
316 1149 368 1210 Set
382 1148 503 1211 Catilina
516 1154 672 1227 postquam
685 1148 764 1209 videt
775 1147 927 1210 montibus
943 1155 1032 1229 atquc
1044 1168 1089 1210 co-

106 1236 164 1314 piis
174 1236 303 1295 hostium
313 1251 379 1295 sese
391 1234 532 1302 clausum,
543 1233 573 1293 in
584 1233 658 1294 urbe
667 1249 718 1294 res
727 1233 880 1302 adversas,
895 1251 996 1312 neque
1009 1234 1091 1313 leugae

106 1337 204 1397 neque
220 1319 348 1396 praesidi
361 1317 451 1379 ullam
465 1333 557 1394 spem,
579 1322 731 1394 optumum
752 1317 832 1378 iactu
848 1322 931 1379 ratus
946 1319 978 1378 in
997 1317 1046 1379 tali
1060 1335 1092 1379 re

107 1403 257 1464 fortunam
270 1401 341 1463 belli
357 1408 503 1479 temptare
520 1402 619 1462 statuit
633 1419 701 1462 oum
717 1400 843 1461 Antonio
859 1419 950 1481 quam
966 1404 1119 1480 primdmu

108 1485 277 1565 confligere.
318 1485 420 1563 ltaque
436 1485 573 1545 contione
588 1486 728 1548 advocata
744 1485 868 1546 huiusce
883 1486 967 1546 modi
988 1488 1092 1547 cratio-

107 1588 177 1632 ncm
196 1569 313 1631 habuit:

56 1666 97 1729 58
194 1652 383 1731 ‘Conpertum
404 1671 459 1731 ego
482 1651 594 1717 habeo.
623 1642 743 1725 milites,
765 1653 856 1715 rerba
877 1655 1094 1716 virtutemnon

109 1739 226 1807 addere,
244 1755 341 1815 neque
362 1755 399 1798 ex
417 1738 522 1815 ignavo
536 1746 689 1797 strenuum
705 1755 803 1816 neque
822 1738 930 1799 lortem
944 1756 982 1800 ex
995 1738 1094 1799 timido

80 1823 272 1893 2exercitum
286 1823 418 1883 oratione
427 1822 604 1899 inperatoris
613 1821 686 1881 lieri.
709 1821 822 1893 Quanta
839 1823 984 1900 cuiusque
1000 1824 1122 1883 animan

110 1907 231 1968 audacia
242 1912 348 1966 natura
362 1913 412 1966 aut
422 1904 555 1965 moribus
569 1906 653 1973 inest,
667 1910 748 1965 tanta
758 1906 787 1965 in
801 1904 880 1965 bello
894 1913 1000 1984 patere
1010 1906 1093 1966 solet:

110 2009 198 2070 quem
211 2007 308 2068 neque
320 1990 411 2068 gloria
423 2006 521 2066 neque
535 1988 667 2065 perictda
681 1991 817 2059 excitant,
832 1992 1015 2069 nequiquam
1029 1991 1094 2050 hor-

82 2082 187 2141 atere:
207 2077 296 2134 timor
318 2075 406 2133 animi
427 2073 549 2133 auribus
565 2072 673 2133 ohdcit.
707 2074 757 2134 Set
776 2091 831 2150 ego
852 2091 906 2133 vos
927 2092 988 2154 quo
1005 2091 1096 2151 pauca

109 2176 263 2218 monerem
279 2157 424 2227 advocavi,
441 2157 528 2218 simul
541 2159 584 2217 uti
599 2174 732 2217 caussam
747 2160 805 2218 mei
821 2157 922 2217 consili
940 2161 1094 2235 aperirem.

63 2266 99 2309 .4
195 2241 279 2302 Scitis
295 2242 440 2321 equidem,
458 2241 572 2310 milites,
595 2242 729 2301 socordia
747 2248 833 2320 atque
852 2243 968 2319 ignavia
983 2241 1125 2303 Lentulin

110 2331 249 2404 quantam
266 2327 321 2403 ipsi
331 2324 476 2402 nobisque
488 2325 600 2385 cladem
616 2325 760 2396 adtulerit,
778 2344 895 2403 quoque
906 2326 1013 2396 modo,
1031 2327 1098 2387 dum

111 2426 147 2470 ex
160 2407 236 2468 urbe
249 2408 396 2485 praesidia
407 2408 556 2486 obperior,
568 2411 598 2468 in
610 2408 732 2469 Gallam
742 2410 890 2487 proficisci
903 2412 1096 2489 nequiverim.

86 2492 197 2559 5Nunc
217 2509 287 2551 vero
311 2510 368 2571 quo
391 2491 535 2574 [in]-loco
557 2511 606 2552 res
628 2499 745 2554 nostrae
773 2495 847 2563 sint,
878 2494 960 2554 iuxta
981 2512 1098 2556 mecum

83 2589 213 2640 domnas
233 2576 420 2654 intellegitis
448 2577 602 2638 Exercitus
621 2577 687 2636 host
688 2579 749 2638 ium
768 2576 836 2647 duo,
861 2595 940 2638 unus
958 2579 997 2639 ab
1013 2579 1096 2647 urhe,

111 2660 183 2720 alter
203 2659 326 2721 aGallia
343 2660 473 2721 obstant:
496 2662 629 2721 diutius
621 2679 652 2721 m
670 2662 715 2721 his
732 2661 804 2721 locis
819 2679 897 2731 esse,
917 2663 944 2722 si
961 2678 1126 2724 maxumen

59 2777 65 2786 ·
110 2746 224 2805 animus
240 2744 330 2816 serat,
346 2744 486 2807 frumenti
501 2752 589 2823 atque
604 2745 727 2806 aliarum
740 2763 842 2806 rerum
860 2753 977 2822 egestas
998 2749 1097 2825 prohi-

11 2807 175 2893 Ιιιιιιιει
192 2846 378 2907 quocumque
396 2830 440 2890 irc
454 2828 589 2908 placati
588 2848 655 2889 erro
670 2830 725 2890 iter
741 2831 937 2927 aperiundum
954 2838 1009 2892 est.
1039 2830 1098 2901 Qua

108 2918 232 2990 propter
248 2932 299 2973 vos
309 2931 430 2984 moneo,
447 2915 490 2975 uti
504 2913 616 2973 lortit
587 2920 616 2972 at
617 2932 674 2991 quc
689 2921 791 2992 parato
807 2915 905 2973 animo
916 2916 980 2975 sitis
992 2921 1023 2976 et
1035 2933 1098 2976 cum

110 2995 351 3073 proelitrminihit
332 3005 368 3058 trs
379 2999 569 3058 memineritis
580 3015 631 3057 vos
642 2999 752 3058 divitias
764 2998 854 3058 decus
866 2998 1002 3076 gloriam,
1015 3017 1098 3077 prae·

109 3088 191 3142 terea
218 3080 384 3143 libertatem
403 3088 489 3162 atque
516 3083 641 3159 patriam
667 3085 696 3142 in
711 3083 820 3143 dextris
839 3084 946 3144 vostris
968 3091 1097 3162 portare.
1106 3094 1127 3136 n

85 3165 142 3232 oSi
159 3167 316 3237 vincimus,
344 3169 441 3227 omnia
462 3166 547 3226 nohis
569 3172 631 3227 tuta
654 3172 754 3236 erunt,
778 3172 950 3227 conmeatus
972 3167 1097 3236 abunde,

111 3252 268 3329 municipia
289 3258 377 3329 atque
399 3251 529 3312 coloniae
555 3250 713 3328 patebunt:
743 3253 786 3311 sin
808 3256 889 3311 metu
912 3255 1097 3321 cesserimus,

11 3327 33 3411 L
69 3353 101 3404 10
112 3335 215 3395 eadem
231 3335 280 3396 illa
301 3335 424 3396 advorsa
438 3335 523 3396 fient:
546 3352 643 3414 neque
661 3335 753 3405 locus,
775 3354 872 3413 neque
893 3338 1008 3397 amicus
1022 3338 1098 3416 quis·

11 3428 13 3435 '
70 3435 99 3483 11
113 3437 201 3497 quam
219 3426 308 3496 teget,
333 3438 420 3498 quem
443 3437 523 3480 arma
539 3437 599 3481 non
615 3421 751 3481 texerint.
785 3419 960 3490 Praeterea,
983 3421 1096 3488 milites,

110 3520 170 3563 non
187 3504 291 3565 eadem
305 3503 392 3564 nobis
414 3511 444 3565 et
456 3503 512 3565 illis
525 3504 711 3567 necessitudo
727 3503 883 3582 inpendet:
904 3520 960 3564 nos
975 3522 1032 3584 pro
1047 3517 1126 3583 pa-as

110 3590 166 3648 tria
181 3606 236 3667 pro
251 3587 388 3650 libertate
402 3608 458 3669 pro
470 3591 526 3650 vita
542 3597 697 3653 certamus.
714 3588 770 3650 illis
787 3606 1042 3668 supervacaneum
1056 3595 1098 3649 est

35 3668 46 3687 '
111 3688 244 3749 pugnare
259 3691 315 3753 pro
332 3675 463 3751 potentia
478 3691 649 3753 paucorum.

69 3771 103 3820 12
198 3757 262 3830 ero
278 3758 417 3821 audacius
434 3757 636 3838 adgredimini,
657 3776 805 3822 memores
818 3761 958 3837 pristinae
972 3757 1093 3819 rutulis

11 2982 20 3032 i
