2272 4176
1008 296 1054 326 'tet

73 498 93 559 Β
336 538 339 545 ·
369 498 417 558 DE
437 497 560 558 BELLO
585 497 747 557 GALLICO

72 659 158 727 geret
173 665 268 726 quare
282 650 409 727 timeret,
425 664 526 725 neque
541 649 608 707 sinc
623 665 718 708 causa
732 649 898 709 timendum
914 654 1048 725 putaret.

74 736 160 809 Quod
183 736 210 795 si
230 735 344 795 veteris
368 732 568 795 contumeliae
583 732 721 791 oblivisci
736 734 843 807 vellet,
868 750 939 795 num
956 734 1047 795 etiam

72 820 238 880 recentium
253 819 437 892 iniuriarum,
456 816 539 891 quod
554 830 590 874 eo
607 816 699 876 invito
715 818 771 876 iter
788 833 843 890 per
856 818 1048 892 provinciam

71 919 128 978 per
142 905 203 963 vim
218 907 437 978 temptassent,
464 900 548 974 quod
569 900 732 975 Haeduos,
760 902 844 975 quod
865 903 1047 977 Ambarros,

72 989 157 1063 quod
168 989 354 1059 Allobrogas
369 990 545 1058 vexassent,
562 985 738 1043 memoriam
755 986 912 1058 deponere
927 990 1051 1061 posset

71 1072 158 1146 Quod
174 1088 231 1132 sua
245 1069 373 1130 victoria
389 1076 449 1127 tam
465 1069 631 1127 insolenter
651 1069 869 1143 gloriarentur,
896 1072 1047 1147 quodque

69 1164 129 1216 tam
145 1156 197 1215 diu
213 1170 247 1214 se
268 1154 382 1226 inpune
404 1152 529 1212 iniurias
547 1152 654 1211 tulisse
670 1153 907 1227 admirarentur,
934 1156 1046 1215 eodem

70 1240 231 1314 pertinere.
263 1237 440 1296 Consuesse
456 1237 534 1295 enim
550 1238 627 1295 deos
642 1237 828 1311 inmortales,
845 1254 906 1312 quo
918 1242 1044 1317 gravius

69 1323 208 1383 homines
225 1337 264 1379 cx
280 1320 517 1381 commutatione
533 1336 633 1379 rerum
649 1320 788 1393 doleant,
807 1338 885 1394 quos
902 1337 959 1395 pro
976 1337 1043 1381 sce

69 1409 131 1465 lere
147 1420 252 1464 eorum
268 1405 375 1464 ulcisci
391 1406 499 1479 velint,
525 1403 572 1463 his
595 1404 796 1464 secundiores
819 1405 971 1464 interdum
993 1420 1042 1465 res

68 1496 98 1548 ct
112 1489 331 1548 diuturniorem
347 1489 547 1563 inpunitatem
563 1489 744 1548 concedere.
775 1488 848 1547 Cum
864 1504 901 1547 ea
916 1490 958 1548 ita
972 1490 1047 1569 sint,

68 1579 166 1632 tamen
183 1573 209 1632 si
224 1572 349 1632 obsides
366 1573 455 1631 abiis
471 1573 528 1631 sibi
545 1573 662 1643 dentur,
678 1573 720 1630 uti
734 1588 770 1634 ea
783 1584 864 1645 quae
874 1573 1040 1646 pollicean-

68 1665 114 1717 tur
130 1659 264 1717 lacturos
280 1657 448 1731 intellegat,
465 1663 494 1715 et
511 1657 536 1714 si
551 1656 687 1714 Haeduis
704 1657 742 1714 de
757 1656 885 1728 iniuriis,
904 1672 982 1729 quas
997 1656 1039 1731 ip-

67 1741 109 1799 sis
126 1741 283 1815 sociisque
298 1756 405 1799 eorum
419 1740 582 1811 intulerint,
598 1740 668 1797 ilem
678 1738 707 1798 'si
716 1739 937 1813 Allobrogibus
953 1740 1038 1799 satis-

68 1826 185 1897 laciant,
202 1840 272 1884 sese
288 1839 356 1882 cum
368 1823 405 1882 iis
419 1839 525 1898 pacem
537 1838 608 1881 esse
620 1824 777 1882 iacturum.
794 1822 900 1883 Divico
912 1838 1037 1898 respon·

68 1908 122 1966 dit=
140 1910 182 1967 lta
195 1907 351 1967 Helvetios
368 1908 566 1967 amatoribus
582 1908 647 1965 suis
663 1908 816 1966 institutos
832 1922 912 1981 esse,
930 1908 971 1967 uti
986 1906 1037 1967 ob

68 1991 148 2052 sides
171 1993 326 2066 accipere,
355 2008 416 2051 non
439 1993 512 2050 dare
528 1991 720 2060 consuerinl;
751 1991 817 2049 cius
832 1990 876 2048 rei
893 1993 1037 2066 populum

68 2074 236 2135 Romanum
252 2091 323 2134 esse
338 2082 456 2135 testem.
485 2076 552 2135 Hoc
567 2091 720 2148 responso
737 2074 977 2134 dato-discessit.

126 2161 191 2221 XV.
214 2160 340 2220 Postero
358 2160 407 2219 die
422 2166 523 2219 castra
537 2176 576 2218 ex
591 2175 627 2218 eo
650 2161 718 2218 loco
734 2165 867 2217 movent.
896 2158 981 2217 idem
996 2158 1035 2219 la·

43 2298 46 2303 .
68 2243 104 2302 cil
120 2246 232 2304 Cacsar
247 2244 476 2317 equitatumque
492 2260 628 2315 omnem,
655 2243 693 2300 ad
716 2258 875 2301 numerum
898 2250 1038 2317 quattuor

66 2329 188 2402 milium,
205 2343 294 2401 quem
311 2343 348 2384 ex
366 2327 446 2386 omni
464 2327 620 2401 provincia
636 2331 665 2384 et
678 2327 814 2385 Haeduis
826 2332 919 2401 atque
933 2342 1037 2388 corum

65 2413 159 2470 sociis
177 2418 315 2470 coactum
331 2409 476 2483 habebat,
499 2410 674 2483 praemittit,
692 2410 743 2484 qui
761 2411 897 2483 videant,
914 2428 994 2485 quas
1008 2412 1038 2471 in

65 2501 167 2567 partes
180 2494 284 2554 hostes
297 2494 353 2552 iter
364 2493 484 2552 saciant.
501 2493 556 2567 Qui
566 2494 706 2567 cupidius
715 2494 916 2554 novissimum
929 2510 1051 2569 agmen·

65 2578 194 2637 insecuti
216 2578 315 2637 alieno
340 2579 408 2636 loco
429 2594 498 2636 cum
514 2578 650 2652 equitatu
664 2578 872 2637 Helvetiorum
887 2580 1037 2653 proelium

65 2661 269 2729 cornmittunt;
286 2668 314 2719 cl
329 2661 419 2735 pauci
432 2662 470 2720 de
483 2662 595 2721 nostris
610 2663 731 2720 cadunt.
750 2662 815 2734 Quo
832 2664 949 2735 proelio
965 2662 1037 2723 sub·

64 2744 114 2803 lali
135 2745 280 2817 Helvetii,
305 2746 389 2819 quod
412 2745 584 2818 quingentis
609 2746 762 2819 equilibus
779 2753 891 2803 tantam
906 2748 1037 2807 multitu·

64 2830 165 2888 dinem
174 2830 309 2904 equitum
318 2830 524 2904 propulerant,
534 2830 683 2889 audacius
695 2830 864 2889 subsistere
887 2846 1036 2891 nonntnn-

65 2930 154 2987 quam
172 2920 200 2972 et
214 2913 382 2973 novissimo
398 2914 518 2987 agmine
534 2916 649 2988 proelio
663 2921 786 2973 nostros
799 2915 954 2974 lacessere
967 2930 1037 2975 coe·

65 3002 182 3071 perant.
200 2998 312 3056 Caesar
327 3013 402 3056 suos
414 3012 433 3055 a
445 3000 562 3071 proelio
579 2998 752 3058 continebat
766 3014 802 3056 ac
818 2999 892 3056 satis
907 2998 1039 3059 habebat

63 3081 92 3139 in
109 3083 283 3155 praesentia
298 3082 416 3141 hostem
431 3082 555 3157 rapiniS,
572 3083 816 3157 propalationibus
833 3082 1037 3156 populationi-

63 3164 184 3239 busque
207 3165 379 3239 probibere.
409 3166 452 3224 lta
473 3167 538 3225 dies
562 3167 680 3225 circiter
696 3166 870 3241 quindecim
885 3166 942 3224 iter
956 3167 1037 3227 lecc-

62 3255 140 3323 runt,
157 3249 198 3308 uti
214 3249 290 3307 inter
305 3249 502 3309 novissimum
519 3250 650 3309 hostium
666 3266 773 3323 agmen
787 3257 816 3308 et
827 3256 966 3309 nostrum
976 3250 1033 3325 pri·

63 3347 144 3391 mum
167 3349 228 3392 non
252 3333 380 3407 amplius
404 3334 503 3407 quinis
519 3341 571 3393 aut
592 3335 675 3393 senis
692 3335 813 3393 milibus
828 3350 978 3408 passuum
992 3335 1036 3393 in-

63 3422 199 3476 teresset.

124 3501 203 3558 XVI.
220 3500 340 3559 interim
353 3501 464 3559 cotidie
475 3503 587 3561 Cacsar
593 3501 740 3561 Haeduos
753 3503 938 3561 trumentum
951 3502 1037 3578 quod

63 3590 167 3641 essent
182 3585 304 3658 publice
319 3584 458 3658 polliciti,
484 3585 631 3659 flagitare.
669 3586 745 3644 Nam
766 3592 891 3660 propter
912 3587 1036 3663 frigore,

64 3668 148 3742 quod
157 3667 252 3726 Gallia
263 3669 321 3727 sub
337 3669 604 3743 septentrionibus
620 3676 652 3728 ut
663 3676 732 3727 ante
744 3670 857 3729 dictum
868 3676 923 3746 est,
935 3672 1038 3747 posita

62 3757 123 3825 est,
147 3768 208 3811 non
225 3752 317 3812 modo
334 3753 485 3813 lrumenta
498 3753 527 3811 in
541 3754 624 3829 agris
640 3760 759 3815 matura
773 3765 835 3815 non
856 3762 959 3833 erant,
980 3754 1037 3817 scd
