2272 4176
107 412 127 470 8
190 428 425 470 nucariensis
448 427 693 470 courvna’rroun
713 418 1005 474 o.14.15.16.1t.
1105 480 1114 535 1

108 586 195 655 atque
206 594 297 655 equos
312 577 447 644 mercari,
458 581 607 653 postremo
620 593 718 654 neque
733 576 866 652 sumptui
879 577 1077 655 usquemodo
1123 598 1128 617 ¹

108 663 179 720 stiae
194 678 264 720 suae
280 677 411 737 parcere,
427 658 499 719 dum
512 657 577 719 illos
591 658 736 718 obnoxios
750 660 886 737 lidosquc
900 659 956 719 sibi
972 660 1078 722 laceret.
1109 657 1129 706 l*

82 746 176 805 7Scro
188 745 276 803 luisse
287 741 444 802 nonnrdlos
455 760 504 820 qur
515 744 553 802 ita
567 744 792 813 existumarent,
808 744 1002 813 iuventutem,
1017 763 1081 822 quac
1126 765 1129 781 ¹

110 829 230 888 domum
252 826 388 888 Catilinae
409 824 630 904 frequentabat,
652 842 760 903 parurn
782 827 909 887 honeste
928 827 1081 904 pudicitiam

110 912 262 979 habuisse,
285 918 329 970 set
351 928 386 969 ex
410 908 473 969 aliis
497 908 588 969 rebus
608 910 718 987 magis,
747 928 837 988 quam
859 910 941 989 quod
961 912 1097 990 animans
1126 958 1129 965 .

63 999 100 1056 15
113 997 141 1056 id
163 1001 336 1072 conpertum
351 996 435 1062 loret,
455 994 529 1054 baec
548 993 624 1053 lama
640 991 765 1053 valebat.
799 994 863 1053 lam
876 994 1004 1071 primuni
1021 997 1083 1056 adu·
1119 1066 1122 1073 Ι

112 1080 225 1140 lescens
240 1078 359 1139 Catilina
373 1077 464 1137 multa
486 1077 612 1137 nefanda
628 1083 730 1154 stupra
749 1077 878 1147 lecerat,
902 1096 971 1138 cum
985 1080 1085 1157 virgine

112 1162 217 1232 nobili,
234 1180 300 1222 cnm
314 1161 466 1221 sacerdote
480 1160 600 1229 Vestae,
624 1159 678 1220 alia
699 1160 823 1221 huiusce
838 1162 922 1221 modi
937 1165 1086 1223 contraius
1119 1172 1124 1215 t

84 1248 225 1324 suasque.
257 1245 409 1304 Postremo
427 1251 529 1322 captus
543 1261 644 1304 amore
664 1243 801 1305 Aureliae
819 1242 991 1314 Orestillae,
1014 1248 1086 1307 cuius

113 1337 229 1408 praeter
257 1329 383 1388 sormam
411 1326 484 1388 nihil
509 1345 655 1426 umquam
665 1327 762 1388 bonus
791 1327 938 1398 laudarit,
965 1330 1043 1409 quod
1059 1348 1108 1391 ιιιι

112 1413 226 1474 nubere
243 1411 282 1472 illi
297 1412 448 1472 dubitabat
461 1413 567 1472 tImens
582 1412 748 1489 privignum
762 1412 897 1473 adultum
913 1420 1022 1483 aetate,
1041 1432 1086 1491 pro

114 1505 194 1558 certo
217 1496 346 1561 creditur
359 1503 463 1556 necato
485 1495 545 1555 ulio
562 1514 683 1556 vacuam
698 1495 821 1557 domum
837 1495 971 1557 scelestis
991 1499 1087 1577 nupu'is

86 1583 226 1642 stecisse
270 1576 351 1647 Quae
373 1579 491 1657 quidem
517 1596 566 1640 res
588 1579 711 1639 mihim
731 1580 836 1677 primis
856 1581 975 1641 videtur
997 1600 1086 1642 caussa

88 1665 203 1724 afuisse
223 1663 361 1722 facinoris
381 1663 556 1724 maturandi
589 1663 722 1741 Namque
743 1665 860 1747 animus
875 1666 1015 1741 inpurus,
1035 1666 1086 1725 deis

114 1745 339 1825 hominibusque
354 1745 485 1817 iniustus
502 1765 598 1825 neque
608 1740 759 1825 vigiliis
727 1765 825 1826 neque
841 1747 991 1826 quietibus
1004 1749 1108 1810 sedariu

87 1837 244 1929 spolerat:
261 1831 300 1891 ita
318 1833 494 1892 conscientia
511 1837 639 1891 mentem
654 1833 779 1891 excitam
790 1831 932 1892 vastabat.
945 1832 1036 1909 igitur
1047 1852 1086 1894 co

114 1915 198 1977 los'
174 1935 200 1979 er
216 1917 370 2017 exanguis,
387 1916 464 1980 ioedi
479 1912 570 1987 oculi,
593 1916 666 1976 citus
680 1915 768 1977 modo
783 1915 873 1975 modo
887 1916 1014 1977 tardam
1007 1936 1087 1978 mees-

67 2007 105 2076 16
119 2028 186 2072 sus:
208 2022 332 2087 prorsus
353 2005 383 2064 in
405 2005 478 2066 lacio
492 2001 629 2084 voltuque
641 2001 778 2067 uecordia
796 2001 901 2064 inerat.
937 2001 1009 2063 Set
1002 2020 1087 2063 ruren-

118 2105 224 2163 t‚ntern
249 2109 352 2171 quam,
375 2099 518 2167 utsupra
540 2091 679 2161 diximus,
701 2088 859 2160 inlexerat,
885 2086 1089 2155 multismodis

92 2180 193 2245 ernala
209 2180 339 2239 lacinora
357 2175 508 2237 edocebat.
541 2174 583 2233 Ex
599 2173 654 2234 illis
673 2176 754 2240 testis
774 2176 998 2261 signatoresque
1014 2180 1114 2243 lalsosa

120 2265 320 2326 commodare:
337 2261 424 2324 fidem
440 2261 570 2323 lortunas
584 2263 713 2341 pericula
728 2265 793 2325 vilia
808 2265 936 2334 babere,
954 2274 1035 2344 post,
1050 2266 1092 2326 ubi

119 2368 222 2410 eornm
244 2349 351 2409 lamam
373 2354 460 2427 atque
481 2348 625 2425 pudorem
647 2349 817 2417 adtriverat,
847 2351 962 2410 maiora
985 2351 1039 2411 alia
1058 2353 1093 2410 in·

93 2435 255 2512 sperabat:
279 2435 303 2492 si
323 2451 424 2493 caussa
444 2432 583 2510 peccandi
598 2435 628 2492 in
643 2451 783 2511 praesens
799 2432 896 2493 minus
918 2434 1093 2512 subpetebat,

120 2517 210 2578 nilrilo
238 2519 335 2577 minus
359 2517 480 2576 insontis
501 2517 585 2576 sicuti
613 2520 704 2576 sontis
725 2519 939 2578 circumvenire
960 2518 1093 2596 iugulare,

120 2601 281 2671 scilicetne
303 2617 357 2679 per
376 2602 467 2660 otium
487 2608 690 2678 torpescerent
709 2620 813 2662 manus
829 2609 879 2660 aut
895 2605 1022 2671 animus,
1037 2621 1118 2680 gra-a

93 2692 109 2737 4
120 2687 192 2745 tuito
211 2687 307 2762 potius
320 2684 414 2744 malus
428 2692 515 2762 atquc
531 2683 659 2743 crudelis
679 2692 750 2744 erat.
778 2687 827 2745 Eis
841 2687 944 2745 amicis
959 2688 1095 2764 sociisque

122 2770 248 2828 confisus
263 2767 400 2836 Catilina,
423 2768 509 2828 simul
525 2768 602 2845 quod
624 2786 673 2828 aes
688 2768 813 2829 alienum
829 2787 883 2846 per
899 2773 996 2830 omnis
1011 2778 1097 2830 terras

121 2855 223 2929 ingens
245 2860 323 2920 erat,
346 2859 375 2912 et
397 2852 475 2929 quod
496 2850 628 2929 plerique
651 2852 761 2913 Sullani
783 2853 898 2921 milites,
920 2853 1033 2930 largius
1050 2872 1096 2913 sui·

122 2937 180 3003 usi,
200 2938 370 3012 rapinarum
392 2942 421 2995 ct
442 2937 579 2994 victoriae
601 2938 705 2996 veteris
720 2954 867 2997 memores
890 2937 973 2998 cirilo
994 2937 1097 2997 bellum

94 3019 314 3096 oexoptabaut,
337 3019 549 3096 obprimundae
569 3020 765 3096 reipublicae
787 3018 942 3080 consilium
959 3024 1043 3098 cepit.
1070 3020 1123 3081 lna

121 3102 201 3162 ltalia
215 3102 312 3163 nullus
327 3104 485 3170 exercitum,
503 3103 557 3161 Gn.
570 3102 726 3181 Pompeius
741 3106 770 3164 in
786 3105 924 3164 extremis
938 3107 1026 3164 terris
1042 3103 1098 3163 bel·

121 3186 182 3246 lum
205 3187 333 3264 gerebat,
356 3186 411 3262 ipsi
432 3185 616 3246 consulatum
636 3189 745 3264 petenti
760 3206 865 3265 magna
883 3206 966 3265 spes,
987 3197 1100 3248 senatus

122 3269 193 3329 nibil
214 3289 285 3330 sano
307 3271 443 3336 intentus,
467 3276 545 3329 tutae
561 3271 791 3349 tranquillaeque
807 3289 856 3331 res
873 3290 990 3340 omnes,
1012 3280 1056 3332 set
1069 3289 1098 3331 ea

121 3371 244 3429 prorsus
261 3360 405 3429 oportuna
421 3351 567 3413 Catilinae.

73 3442 111 3499 17
208 3437 299 3514 igitur
321 3438 437 3497 circiter
458 3435 603 3498 llalondas
625 3437 721 3498 lunias
736 3439 768 3498 L.
791 3439 916 3500 Caesare
932 3439 989 3520 [et]
1009 3440 1042 3499 G.
1058 3439 1125 3504 liu

124 3520 193 3595 gulo
206 3519 375 3580 consulibus
386 3522 482 3597 primo
494 3521 625 3599 singidos
636 3522 800 3599 adpellare:
816 3524 928 3584 lrortari
941 3525 1020 3589 alios,
1034 3524 1099 3582 alios

122 3612 281 3680 temptare:
298 3622 369 3680 opes
384 3623 459 3671 siras,
472 3607 633 3682 inparatam
649 3625 713 3666 rem
728 3608 885 3684 publicam,
903 3625 1008 3684 magna
1022 3624 1098 3684 pree·

97 3690 179 3752 amia
203 3688 411 3747 coniurationis
433 3689 548 3749 docere.
598 3689 653 3750 Ubi
675 3693 744 3749 satis
766 3689 917 3768 explorata
941 3699 1009 3751 sunt
1032 3707 1098 3769 (puae
