2272 4176
998 141 1061 208 263

85 313 190 362 sarem
203 296 314 375 legatis
330 294 476 359 auxilium
491 299 529 359 ab
545 314 582 360 eo
599 300 760 377 petebant;
780 300 913 378 reliqua,
928 306 962 363 ut
975 307 1063 379 pote-

83 390 171 462 rant,
197 383 396 445 incommoda
416 399 473 459 per
488 400 522 444 se
537 387 740 448 sustinebant.
768 386 807 446 Et
821 388 912 461 longo
929 387 1059 464 interpo

84 470 146 532 sito
161 470 265 545 spatio
281 483 351 528 cum
366 468 546 530 diuturnitas
562 472 802 547 oppugnationis
817 474 1061 546 neglegentiores

86 554 274 617 Octavianos
296 552 466 629 effecisset,
491 557 573 615 nacti
594 558 789 617 occasionem
809 556 967 616 meridiani
988 566 1062 618 tent·

85 640 172 718 poris
187 639 446 699 discessueorum
452 640 556 713 pueris
564 641 803 717 mulieribusque
811 641 840 699 in
855 656 942 701 muro
958 643 1062 719 dispo·

85 726 161 798 silis,
178 724 306 799 nequid
321 723 490 783 cotidianae
506 726 736 786 consuetudinis
752 726 986 802 desideraretur,
1002 728 1062 803 ipsi

85 827 178 870 manu
193 810 276 869 iacta
290 824 357 867 curn
373 807 419 882 iis,
437 824 515 883 quos
530 811 705 884 nuperrime
720 812 931 887 liberaverant,
947 813 977 870 in
992 828 1063 888 pro·

85 895 168 954 xima
191 892 297 954 Octavi
320 900 423 952 eastra
441 893 632 969 inruperunt.
671 895 726 954 His
747 896 929 969 expugnatis
955 897 1061 958 eodem

85 982 204 1056 impetu
225 979 323 1037 altera
343 984 414 1036 sunt
435 978 547 1055 adorti,
576 979 647 1038 inde
662 981 750 1039 tertia
768 986 798 1038 et
813 985 920 1054 quarta
933 987 964 1040 et
979 981 1062 1041 dein·

87 1081 161 1141 ceps
183 1062 305 1137 reliqua
325 1062 528 1138 omnibusque
549 1079 605 1123 eos
627 1065 735 1124 castris
758 1065 941 1139 expulerunt
955 1073 985 1126 et
999 1083 1062 1127 ma·

86 1165 146 1225 gno
162 1162 292 1209 numero
307 1146 466 1207 interiecto
480 1148 618 1223 reliquos
633 1154 725 1224 atque
740 1149 841 1224 ipsum
857 1148 1014 1210 Octavium
1031 1151 1062 1211 in

86 1251 183 1295 naves
206 1233 373 1305 coningere
396 1235 571 1307 coegerunt.
600 1234 657 1293 Hic
672 1234 728 1292 luit
743 1234 982 1308 oppugnationis
998 1236 1062 1296 exi-

85 1327 143 1380 tus.
171 1318 298 1392 Iamque
318 1316 416 1375 hiems
431 1318 714 1394 adpropinquabat,
741 1324 772 1378 et
790 1318 881 1379 tantis
901 1320 1062 1379 detrimen·

85 1406 123 1465 tis
137 1399 427 1477 reccplisOctavius
443 1402 606 1477 desperata
622 1403 850 1478 oppugnatione
865 1404 969 1478 oppidi
983 1405 1061 1483 Dyr-

85 1487 245 1549 rhachium
260 1501 332 1546 sese
348 1484 387 1543 ad
401 1483 579 1561 Pompeium
593 1488 718 1562 recepit.

169 1573 208 1631 X.
240 1570 523 1631 Demonstravimus
544 1571 577 1629 L.
592 1572 758 1631 Vibullium
772 1571 898 1646 Rufum,
935 1573 1061 1650 Pompei

86 1658 290 1734 praefectum,
311 1655 359 1714 bis
373 1654 403 1713 in
419 1662 601 1730 potestatem
617 1657 797 1731 pervenisse
814 1656 953 1715 Caesaris
969 1664 1062 1732 atque

86 1743 123 1802 ab
137 1757 176 1803 eo
193 1755 266 1801 esse
281 1739 455 1814 dimissum,
471 1741 565 1799 semel
581 1741 621 1799 od
636 1740 809 1813 corfinium,
825 1741 933 1799 iterum
948 1742 977 1799 in
992 1741 1059 1801 llis·

87 1827 187 1902 pania.
212 1826 302 1894 Hunc
323 1840 379 1899 pro
403 1825 466 1884 suis
487 1824 646 1885 beneficiis
662 1826 774 1885 Caesar
788 1824 930 1884 idoneum
946 1826 1060 1885 iudica·

86 1918 186 1985 verat,
214 1925 306 1984 quern
332 1924 400 1968 cum
426 1909 576 1969 mandatis
598 1911 636 1968 ad
659 1910 710 1970 Cn.
726 1909 903 1983 Pompeium
923 1909 1060 1984 mitteret,

86 1997 281 2069 eundemque
301 1993 385 2067 apud
400 1993 451 2053 Cn.
467 1994 645 2069 Pompeium
667 1994 874 2054 auctoritatem
888 1993 1002 2053 habere
1016 1995 1060 2053 in·

86 2080 258 2155 tellegebat.
279 2076 352 2137 Erat
366 2085 466 2137 autem
481 2078 557 2138 haec
573 2096 692 2139 summa
705 2078 932 2138 mandatorum:
948 2079 1061 2139 debere

88 2173 249 2238 atrumque
264 2163 451 2237 pertinaciae
466 2164 557 2222 finem
578 2165 679 2223 lacere
695 2170 724 2223 et
738 2165 776 2222 ab
793 2165 884 2222 armis
901 2163 1061 2223 discedere

86 2261 186 2324 neque
209 2247 342 2322 amplius
369 2248 521 2306 fortunam
542 2248 722 2323 periclitari:
752 2248 828 2308 satis
854 2263 925 2308 esse
950 2263 1060 2322 magna

84 2335 240 2408 utrimque
266 2332 460 2392 incommoda
486 2340 628 2408 accepta,
660 2348 738 2408 quac
762 2349 818 2407 pro
845 2333 1006 2407 disciplina
1031 2338 1061 2392 et

83 2417 262 2496 praeceptis
278 2415 393 2474 habere
409 2425 553 2492 possent,
581 2426 613 2476 ut
634 2419 770 2493 reliquos
793 2434 884 2477 casus
905 2418 1059 2476 timerent=

83 2505 167 2563 illum
190 2502 276 2561 Italia
298 2502 461 2575 expulsum
477 2503 591 2561 amissa
606 2501 710 2561 Sicilia
724 2508 754 2561 et
770 2501 911 2561 Sardinia
926 2500 1060 2561 duabus·

84 2605 143 2664 que
166 2585 325 2661 Hispaniis
348 2591 378 2643 el
399 2587 575 2647 cohortibus
597 2587 626 2645 in
647 2588 733 2646 ltalia
748 2593 839 2661 atque
854 2585 1004 2659 Hispania
1019 2584 1060 2644 ci-

82 2675 165 2732 vium
180 2673 388 2732 Romanorum
403 2677 522 2730 centum
538 2678 630 2746 atque
647 2671 782 2745 triginta3
799 2687 833 2731 se
848 2677 944 2729 morte
956 2668 1059 2729 Curio·

82 2758 129 2816 nis
145 2763 177 2815 et
192 2754 372 2814 detrimento
388 2756 523 2814 Africani
540 2755 691 2815 exercitus
706 2761 789 2815 tanto
805 2751 992 2829 militumque
1007 2754 1061 2815 de·

82 2842 201 2901 ditione
217 2839 256 2898 ad
273 2839 446 2916 Corcyram.
475 2840 607 2899 Proinde
628 2840 685 2899 sibi
702 2856 737 2899 ac
751 2839 939 2914 reipublicae
952 2853 1059 2914 parce

80 2933 166 2994 rent;
194 2930 339 2999 quantum
360 2925 394 2982 in
411 2925 490 2984 bello
513 2927 635 2984 fortuna
649 2930 770 3000 posset,
796 2924 855 2983 iam
870 2923 930 2997 ipsi
945 2924 1059 2983 incom-

81 3011 184 3070 modis
212 3008 277 3068 suis
303 3009 377 3068 satis
404 3017 510 3069 essent
534 3011 728 3069 documento.
771 3009 837 3068 Hoc
869 3024 962 3067 unum
988 3023 1059 3068 esse

80 3102 207 3169 tempus
223 3093 262 3152 de
276 3108 353 3168 pace
372 3094 498 3167 agendi,
525 3095 596 3153 dum
618 3093 674 3152 sibi
697 3100 825 3168 uterque
847 3093 1017 3153 confideret
1029 3101 1060 3155 et

81 3195 176 3255 pares
197 3177 288 3237 ambo
309 3177 501 3248 viderentur;
524 3179 549 3238 si
570 3193 644 3238 vero
661 3177 745 3237 alteri
761 3178 885 3252 paulum
900 3178 992 3238 modo
1007 3178 1058 3238 tri·

80 3265 204 3325 buissel
223 3263 359 3336 fortuna,
386 3280 446 3323 non
470 3278 541 3322 esse
562 3279 690 3322 usurum
717 3262 949 3323 condicionibus
972 3263 1057 3338 pacis

81 3364 162 3422 eum,
180 3346 231 3424 qui
247 3346 388 3422 superior
402 3349 563 3421 videretur,
578 3361 678 3422 neque
693 3347 759 3407 lore
772 3362 873 3423 aequa
887 3356 974 3421 parte
985 3363 1053 3410 con-

80 3438 211 3507 tentum,
227 3432 280 3508 qui
295 3447 329 3492 se
344 3434 445 3493 omnia
459 3432 631 3493 habiturum
647 3432 825 3493 confideret
855 3432 1056 3501 condiclones
