2272 4176
70 466 134 531 ³12
395 466 445 527 DE
466 463 590 531 BELLO
612 462 729 526 clvlLl

69 620 285 695 equitatusque
305 622 404 683 omnis
424 618 529 679 venire
542 616 761 678 Alexandriam
776 616 940 679 nuntiatur.
970 616 1031 678 Cae

69 704 147 764 saris
161 704 471 781 copiaenequaquam
478 709 566 762 erant
574 708 684 776 tctntae,
696 707 732 761 ut
737 701 783 763 eis
791 708 878 763 extra
883 702 1036 778 oppidum

68 788 95 847 si
107 796 191 847 esset
202 789 415 864 dimicandmn,
428 787 605 849 confideret.
622 786 874 862 Relinquebatur,
883 793 961 848 ntse
977 784 1035 845 suis

68 872 144 933 locis
167 875 283 948 oppido
305 881 422 935 teneret
442 871 665 945 consiliumque
677 870 820 931 Achillae
831 878 1033 947 cognosceret

66 956 177 1016 Milites
197 964 297 1018 tamen
319 973 425 1019 onmes
447 957 475 1016 in
492 955 584 1015 arrnis
599 969 670 1014 esse
684 955 776 1015 iussit
790 969 960 1032 regemque
972 954 1031 1014 hor·

66 1047 146 1100 talus
162 1047 225 1116 est,
246 1051 279 1103 ut
293 1059 333 1103 ex
347 1043 412 1103 suis
427 1039 613 1101 necessariis
645 1054 725 1113 quos
750 1038 882 1100 haberet
894 1039 1032 1099 maximae

67 1125 253 1187 auctoritatis
265 1129 384 1202 legatos
395 1123 592 1186 adAclrillam
602 1123 732 1183 mitteret
741 1127 773 1183 et
784 1123 862 1198 quid
873 1132 958 1185 esset
968 1135 1031 1184 suae

66 1209 230 1271 voluntatis
253 1212 438 1271 ostenderet.
467 1211 496 1268 A
512 1224 573 1283 quo
588 1207 675 1267 missi
689 1207 894 1269 Dioscorides
910 1216 940 1269 et
953 1207 1029 1268 Sera·

68 1292 157 1369 pion,
181 1295 232 1369 qui
254 1295 342 1356 ambo
361 1294 452 1369 legati
466 1294 583 1353 Romae
604 1293 725 1352 inerant
737 1306 947 1370 magnamque
961 1289 1030 1367 apud

66 1385 183 1452 patrem
197 1377 404 1439 Ptolemaeum
419 1377 629 1438 auctoritatem
643 1376 823 1449 habuerant,
840 1376 881 1436 ad
893 1377 1029 1437 Achillam

65 1472 279 1536 pervenerunt.
308 1465 391 1537 Quos
412 1465 478 1536 ille,
500 1478 569 1521 curn
589 1461 619 1519 in
642 1465 844 1535 conspectum
859 1461 928 1522 cius
942 1461 1028 1520 venis·

67 1550 142 1619 sent,
158 1546 338 1621 priusquam
353 1547 472 1607 audiret
485 1553 544 1615 aul,
562 1546 650 1604 cuius
663 1544 708 1604 rei
720 1560 818 1605 eausa
827 1545 918 1606 missi
929 1552 1027 1616 essent,

66 1638 283 1704 cognosceret,
306 1631 418 1706 corripi
434 1638 527 1705 atque
542 1629 671 1689 interfici
685 1627 790 1697 iussin
820 1644 954 1703 qnorum
967 1631 1029 1689 alter

66 1720 193 1790 accepto
207 1717 334 1774 vulnere
351 1721 520 1792 occupatus
535 1728 681 1789 persnas
696 1728 754 1788 pro
770 1713 879 1773 occiso
892 1715 1027 1784 sublatus,

65 1799 140 1858 alter
154 1798 329 1860 interiectus
346 1806 402 1860 est
432 1800 497 1873 Quo
514 1799 594 1858 lactc
610 1813 714 1872 regern
729 1803 762 1857 ut
774 1798 807 1857 in
819 1813 879 1857 sua
890 1803 1029 1874 potestate

66 1881 198 1954 baberet,
217 1884 328 1944 Caesar
342 1884 436 1944 eflicit
450 1899 591 1958 magnam
606 1883 723 1957 regium
738 1897 852 1942 nomen
871 1885 955 1958 apud
965 1898 1028 1945 suos

68 1968 275 2028 auctoritatem
296 1969 415 2028 habere·
425 1968 603 2027 existimans
620 1973 650 2026 et
664 1974 698 2027 ut
711 1966 814 2043 potius
826 1968 951 2042 privato
966 1983 1027 2043 pau·

67 2067 170 2111 corum
185 2061 214 2111 el
229 2054 377 2113 latronum
393 2070 484 2129 quam
494 2052 580 2127 regio
593 2052 721 2112 consilio
734 2057 919 2126 susceptum
930 2053 1027 2112 bellun

67 2136 228 2196 videretur.

150 2221 207 2282 CX.
251 2223 345 2281 Erant
366 2238 433 2281 curn
448 2220 568 2281 Achilla
589 2220 713 2295 copiae,
735 2226 769 2279 ut
789 2235 894 2295 neque
915 2216 1029 2283 numero

69 2320 166 2379 neque
186 2320 299 2379 genere
319 2305 475 2366 hominum
496 2319 597 2379 neque
619 2320 677 2364 usu
692 2303 737 2363 rei
751 2304 890 2364 militaris
907 2311 1028 2365 contern-

65 2389 184 2450 ncndae
208 2390 392 2450 viderentur.
430 2389 512 2448 Milia
538 2389 618 2448 enirn
641 2388 747 2463 viginti
773 2388 804 2446 in
832 2389 927 2449 armis
949 2389 1029 2448 habe

65 2472 125 2533 bat.
153 2472 238 2532 Haec
254 2475 435 2534 constabant
449 2489 488 2533 ex
505 2473 680 2532 Gabinianis
695 2472 850 2546 militibus,
868 2474 921 2549 qui
938 2471 1031 2533 iamin

65 2558 316 2619 consuetudinem
331 2558 558 2619 Alexandrinae
579 2558 661 2617 vitae
681 2572 718 2617 ae
737 2556 880 2617 licentiae
894 2560 1032 2617 venerant

65 2649 94 2701 et
118 2659 229 2703 nomen
258 2645 511 2720 disciplinamque
540 2642 647 2720 populi
670 2641 800 2704 Romani
829 2641 1033 2704 dedidicerant

63 2744 240 2803 uxoresque
260 2728 424 2803 duxerant,
451 2729 624 2803 exquibus
646 2728 785 2802 plerique
811 2728 928 2790 liberos
950 2727 1033 2789 habe·

63 2812 144 2874 bant.
174 2814 241 2873 Huc
256 2814 444 2874 accedebant
455 2813 573 2873 collecti
586 2829 623 2872 ex
636 2812 844 2888 praedonibus
857 2814 1033 2874 latronibus

64 2913 124 2972 que
139 2897 249 2974 Syriae
265 2899 447 2973 Ciliciaeque
468 2897 647 2973 provinciae
668 2896 927 2972 finitimarumque
941 2898 1033 2973 regia-

63 2998 144 3042 nurn.
173 2982 258 3042 Multi
280 2989 440 3058 praeterea
461 2983 568 3056 capitis
592 2981 725 3040 damnati
740 2982 914 3056 exulesque
930 2998 1034 3044 conve-

63 3073 185 3126 nerant:
201 3068 335 3142 fugitivis
352 3066 492 3128 omnibus
507 3066 620 3126 nostris
636 3072 738 3125 certus
754 3071 820 3125 erat
833 3067 1035 3128 Alexandriae

62 3157 206 3227 receptus
224 3160 370 3229 certaque
384 3152 465 3212 vitae
480 3150 630 3223 condicio,
645 3158 679 3210 ut
693 3151 765 3210 dato
778 3151 903 3210 nomine
915 3153 1035 3212 militurn

63 3238 169 3297 essent
179 3252 321 3307 numero;
335 3238 361 3297 si
374 3237 441 3312 quis
455 3252 473 3296 a
485 3237 607 3296 domino
620 3235 869 3311 prehenderetur,
884 3250 1036 3296 consensu

63 3321 187 3383 militurn
203 3321 395 3397 eripiebatur,
412 3321 463 3396 qui
478 3321 539 3380 virn
556 3336 690 3394 suorum,
707 3319 791 3394 quod
803 3319 833 3377 in
847 3319 938 3380 simili
950 3323 1036 3395 culpa

64 3407 279 3482 versabantur,
302 3407 362 3482 ipsi
384 3422 440 3481 pro
462 3422 519 3465 suo
541 3405 677 3481 periculo
694 3404 910 3464 defendebant.
940 3406 1034 3465 Hire

63 3504 132 3562 gum
155 3492 270 3551 amicos
292 3493 332 3551 ad
353 3499 480 3552 mortem
503 3492 689 3566 deposcere,
710 3488 741 3547 hi
756 3489 839 3550 bona
853 3490 1036 3566 locupletum

63 3572 211 3649 diripere,
234 3576 376 3652 stipendii
392 3576 523 3650 augendi
539 3590 633 3636 causa
646 3573 728 3648 regis
745 3575 869 3634 demum
885 3575 1035 3648 obsidere,

63 3671 158 3731 regno
174 3662 344 3737 expellere,
367 3662 444 3721 alios
459 3675 620 3721 arcessere
634 3665 739 3718 vetere
755 3658 891 3733 quodam
904 3660 1035 3720 Alexan·

64 3741 141 3800 drini
170 3745 322 3805 exercitus
351 3746 487 3805 instituto
517 3748 712 3804 consuerant.
755 3743 850 3802 Erant
878 3758 1036 3818 praeterea
