2272 4176
344 39 1126 308 Ἡ

1015 290 1113 317 ’θήῃ

121 469 183 533 aaa
439 472 490 532 on
511 448 636 530 cacco
659 470 772 531 civim

122 625 304 702 imprudente
315 631 407 701 atque
417 624 594 700 inopinante
607 624 737 686 Curione
749 622 930 700 pervehitur
940 624 1091 703 adpulsis-

123 726 183 786 que
200 708 374 770 Messanam
395 709 525 769 navibus
547 717 639 784 atque
661 709 733 768 indo
755 718 885 784 propter
905 710 1095 785 repentinum

122 804 267 854 terrorem
289 794 460 869 principum
483 809 519 853 ac
540 802 665 854 senatus
688 794 763 866 luga
779 794 862 854 lacta
879 809 920 853 ex
935 794 1096 855 navalibus

123 895 228 938 eorum
250 895 342 937 unam
365 878 496 938 deducit.
525 878 591 937 Hac
614 878 756 938 adiuncta
779 878 819 937 ad
841 878 980 955 reliquas
1002 894 1096 938 naves

123 978 247 1023 cursum
258 962 427 1022 Massiliam
443 978 554 1022 versus
573 962 692 1037 perficit
703 962 942 1037 praemissaque
955 964 1035 1022 clam
1045 979 1096 1023 na-

124 1047 392 1107 viculallomitium
398 1046 665 1122 Massiliensisque
677 1047 716 1105 de
728 1062 786 1107 suo
800 1046 935 1107 adventu
951 1045 1095 1107 certiores

124 1132 194 1190 lacit
212 1147 331 1205 eosque
353 1146 540 1206 magnopere
560 1131 712 1204 hortatur,
736 1138 770 1191 ut
789 1147 902 1192 rursus
927 1146 997 1193 cum
1015 1131 1094 1192 Bruti

124 1217 226 1275 classe
239 1216 349 1275 additis
363 1217 429 1276 suis
442 1215 563 1275 auxiliis
578 1214 752 1288 confligant.

206 1301 258 1359 lv.
279 1300 490 1360 Massilienses
501 1307 574 1375 post
585 1300 729 1374 superius
742 1299 1094 1360 incommodumvoteres

124 1384 161 1442 ad
182 1385 311 1443 eundem
328 1400 486 1444 numerum
503 1400 542 1443 ex
560 1384 720 1444 navalibus
738 1383 908 1459 productas
920 1385 1010 1444 navis
1021 1384 1094 1443 rele-

125 1475 227 1528 cerant
238 1483 418 1543 summaque
429 1468 579 1528 industria
589 1475 780 1528 armaverant
791 1469 964 1543 (remigum,
989 1469 1093 1544 guber-

124 1559 262 1612 natorum
283 1568 393 1626 magna
415 1553 505 1628 copia
526 1552 722 1628 suppetebat)
744 1553 996 1629 piscatoriasque
1017 1552 1091 1614 edic

125 1643 228 1696 cerunt
240 1643 330 1711 atque
344 1643 554 1708 contexerant,
578 1644 609 1697 ut
620 1644 725 1696 essent
737 1637 774 1696 ab
786 1636 848 1697 ictu
865 1638 999 1699 telorum
1010 1637 1093 1697 remi-

124 1722 263 1794 gesturi:
286 1721 342 1780 has
355 1722 517 1795 sagittariis
528 1721 750 1796 tormentisque
762 1723 1006 1796 compleverunt
1035 1721 1092 1781 Tali

124 1805 215 1865 modo
228 1805 374 1866 instructa
386 1807 486 1866 classe
499 1806 632 1865 omnium
640 1806 804 1877 seniorum,
817 1814 949 1868 matrum
957 1806 1092 1875 familiae,

126 1890 274 1963 virginum
287 1890 430 1964 precibus
444 1899 473 1950 et
484 1889 558 1949 fletu
569 1890 700 1963 excitati,
724 1896 860 1950 extremo
872 1898 1016 1967 tempore
1027 1890 1092 1951 civi·

137 1975 174 2034 ati
189 1975 393 2047 subvenirent,
417 1991 479 2035 non
491 1975 608 2034 minore
621 1975 719 2034 animo
733 1990 769 2034 ac
780 1974 904 2048 fiducia,
924 1992 1019 2050 quam
1031 1982 1093 2035 ante

127 2059 349 2132 dimicaverant,
363 2075 458 2118 naves
472 2058 692 2119 conscendunt.
721 2058 878 2119 Communi
892 2060 974 2119 onim
985 2060 1091 2121 lltvitio

125 2151 267 2216 naturae,
290 2153 323 2204 ut
340 2144 447 2203 invisis
467 2151 559 2218 atque
570 2143 731 2216 incognitis
742 2143 835 2203 rebus
848 2145 948 2219 magis
962 2144 1092 2205 confida-

126 2245 193 2289 mus
213 2228 487 2303 vehementiusque
506 2234 729 2298 exterreamur3
753 2234 785 2287 ut
800 2234 864 2287 tum
881 2228 1003 2289 accidit.
1034 2228 1093 2288 Ad-

125 2320 234 2372 ventus
253 2313 332 2371 onim
343 2314 375 2372 L.
388 2312 502 2372 Nasidii
521 2328 640 2372 summa
657 2327 715 2387 spe
734 2313 930 2372 etvoluntate
947 2313 1093 2374 civitaten

125 2399 340 2471 cornploverat.
372 2398 457 2458 Nacti
475 2397 619 2456 idoneum
636 2405 760 2456 ventum
778 2412 816 2455 ex
834 2404 926 2470 portu
946 2402 1093 2458 exeuntel

124 2482 302 2551 Tauroenta,
317 2484 401 2556 quod
413 2483 625 2542 esteastellum
631 2481 878 2554 Massiliensium,
893 2482 933 2541 ad
940 2481 1093 2543 Nasidium

125 2567 306 2640 perveniunt
323 2567 427 2642 ibique
446 2582 542 2626 naves
563 2566 730 2640 expediunt
740 2581 913 2640 rursusque
925 2582 961 2626 se
974 2567 1015 2627 ad
1027 2582 1093 2626 con·

127 2649 290 2725 lligendum
321 2653 419 2712 animo
447 2652 628 2711 confirmant
652 2657 681 2710 et
709 2650 836 2710 consilia
863 2651 1094 2711 communicant

127 2736 237 2796 [lextra
255 2753 327 2811 pars
348 2734 791 2806 adtribuiturMassiliensibus
823 2733 948 2794 sinistra
959 2735 1093 2796 Nasidio.

208 2822 246 2880 V.
290 2821 407 2880 Eodem
418 2822 529 2880 Brutus
549 2819 703 2880 contendit
722 2826 810 2878 aucto
823 2819 1095 2881 naviumnumero.

126 2905 198 2964 Nam
212 2906 248 2964 ad
263 2922 326 2977 eaS,
351 2921 430 2979 quae
441 2906 539 2964 sactae
551 2912 635 2963 erant
647 2904 771 2963 Arelate
782 2917 838 2977 per
850 2902 1024 2978 Caesarem,
1049 2920 1094 2965 ca·

125 2991 225 3064 ptlvae
237 2989 475 3049 Massiliensium
495 2994 689 3048 accesserant
707 3002 773 3047 sex.
804 2987 868 3047 Has
882 2990 1095 3063 superioribus

124 3073 232 3134 diebus
245 3075 395 3133 refecerat
406 3082 497 3148 atque
509 3073 649 3133 omnibus
661 3072 754 3132 rebus
767 3072 961 3134 instruxerat.
991 3075 1095 3149 ltaque

125 3175 199 3219 suos
219 3158 405 3231 cohortatus⁷
432 3175 510 3232 quos
530 3159 665 3230 integros
685 3156 927 3231 superavissent,
950 3165 985 3218 ut
998 3156 1095 3219 victos

125 3249 365 3314 contemnerent,
389 3243 498 3317 plenus
517 3243 583 3316 spei
602 3242 703 3301 bonae
722 3249 813 3316 atque
835 3241 926 3301 animi
946 3242 1095 3305 adversus

124 3343 179 3386 eos
200 3327 413 3402 proficiscitur.
444 3326 545 3385 Facile
562 3333 627 3385 erat
644 3342 683 3384 ex
695 3325 803 3385 castris
818 3325 847 3385 C.
860 3326 994 3388 Treboni
1007 3337 1095 3404 atque

124 3412 263 3471 omnibus
277 3411 489 3484 superioribus
502 3410 577 3470 locis
591 3411 773 3485 prospicere
785 3410 814 3468 in
826 3411 943 3483 urbem,
957 3420 992 3472 ut
999 3412 1095 3473 omnis

125 3495 279 3566 iuventus,
305 3511 385 3570 quae
403 3496 432 3554 in
455 3495 570 3570 oppido
589 3504 787 3567 remanserat,
813 3510 986 3571 omnesque
1005 3511 1094 3573 supe-

123 3579 212 3638 rioris
230 3589 336 3640 aetans
356 3596 423 3640 cum
445 3581 547 3639 liberis
570 3588 662 3655 atque
673 3581 823 3640 uxoribus
835 3579 1034 3657 publicisque
1046 3597 1093 3641 cu·

123 3663 231 3724 stodiis
243 3664 334 3725 autin
347 3681 432 3744 muro
446 3666 484 3724 ad
497 3666 613 3725 caelum
625 3681 733 3726 manus
745 3664 912 3737 tenderenl,
926 3672 978 3727 aut
985 3667 1096 3743 templa

20 3795 25 3825 ·.
124 3750 250 3815 deorum
272 3750 476 3812 inmortalium
498 3749 614 3809 adirent
638 3756 667 3810 et
690 3758 759 3812 ante
781 3750 947 3812 simulacra
963 3749 1094 3828 proiecti
