2302 4192
66 39 261 95 rnna-,farma
985 80 988 85 .

464 153 580 216 LIBER
600 154 650 216 111.
982 148 1044 222 27⁵

71 305 270 378 dictimbanb
290 305 475 383 publicanis,
490 316 524 370 ut
536 308 567 368 in
583 307 674 387 Syria
688 309 837 384 fecerant,
853 307 1043 387 insequentis

72 391 147 453 anni
162 391 293 467 vectigal
307 399 509 468 promutuum.

157 476 288 537 XXXlll.
310 475 472 539 Praeterea
483 477 599 554 Ephesi
619 495 638 538 a
658 479 729 539 iano
750 476 865 538 Dianae
885 478 1042 554 depositas

72 561 241 639 antiquitus
256 560 404 637 pecunias
413 561 517 638 Scipio
531 564 594 624 tolli
609 563 739 623 iubebat.
756 555 904 637 certaque
918 563 983 625 eius
998 565 1042 625 rei

74 646 123 708 dic
140 647 307 707 constituta
323 661 391 706 curn
405 647 436 705 in
451 647 554 708 lanum
567 654 690 709 ventum
705 652 789 707 esset
803 647 944 707 adhibitis
961 664 1040 710 com

74 730 215 807 pluribus
231 731 375 791 senatorii
390 732 522 808 ordinis,
549 749 627 808 quos
642 732 848 794 advocaverat
863 731 982 807 Scipio,
997 734 1043 794 lit-

73 821 159 875 terae
174 816 203 875 ei
217 815 385 875 redduntur
399 832 417 874 a
430 815 590 892 Pompeio,
606 831 689 876 mare
702 816 852 877 transisse
867 833 934 875 cunr
949 817 1042 892 legio-

74 900 165 960 nibus
182 899 358 960 Caesarem:
382 907 563 975 properaret
583 902 622 961 ad
643 915 678 961 se
700 917 769 960 curn
789 901 925 963 exercitu
938 901 1043 961 venire

75 984 239 1058 omniaque
253 983 459 1059 posthaberet.
485 985 539 1045 llis
554 985 660 1045 litteris
676 986 810 1060 acceptis
841 1001 921 1059 quos
947 987 1042 1046 advo-

75 1076 200 1130 caverat
225 1068 358 1139 dimittit3
382 1069 451 1143 ipse
471 1069 528 1128 iter
547 1069 578 1128 in
591 1069 803 1129 Macedoniam
817 1085 927 1144 parare
940 1071 1042 1145 incipit

75 1153 249 1230 paucisque
262 1159 334 1226 post
348 1152 456 1214 diebus
471 1160 518 1214 est
531 1155 699 1229 proiectus.
728 1154 812 1214 Haec
825 1169 876 1214 res
889 1154 1044 1230 Ephesiae

75 1238 227 1313 pecuniae
241 1239 369 1309 salutem
383 1238 488 1299 attulit.

158 1320 292 1383 XXXIV.
315 1321 427 1382 Caesar
440 1323 554 1383 Antoni
577 1322 712 1383 exercitu
734 1322 895 1383 coniuncto
911 1314 1043 1384 deduc'ta

76 1407 166 1468 Orico
191 1406 325 1481 legione,
351 1423 442 1481 quam
456 1408 587 1467 tuendae
602 1423 675 1467 orac
688 1406 864 1468 maritumae
880 1422 974 1468 causa
988 1424 1037 1483 po

75 1498 190 1566 suerat,
205 1490 397 1567 temptandas
412 1491 469 1551 sibi
485 1491 659 1566 provincias
675 1491 859 1565 longiusque
873 1492 1028 1566 procedon

74 1577 147 1638 dum
163 1574 354 1635 existimabat
369 1581 406 1651 ct,
423 1591 491 1636 cum
506 1577 628 1636 adeum
643 1590 681 1634 ex
692 1575 851 1635 Thessalia
861 1575 1042 1650 Aetoliaque

66 1660 166 1738 legati
181 1660 348 1733 venissent,
365 1659 415 1734 qui
430 1660 584 1735 praesidio
600 1660 695 1719 misso
710 1658 926 1734 pollicerentur
940 1675 1042 1721 earum

73 1745 211 1821 gentium
226 1744 361 1804 civitates
375 1744 522 1820 imperata
533 1746 674 1817 iacturas,
688 1743 721 1802 L.
731 1743 1043 1818 CassiumLonginum

74 1845 144 1891 cum
150 1829 273 1904 legione
284 1828 422 1904 tironum,
437 1845 515 1903 quae
527 1829 737 1903 appellabatur
747 1827 894 1901 vigesima
904 1828 1042 1904 septima,

73 1922 168 1990 atquc
183 1913 335 1989 equitibus
351 1912 488 1974 ducentis
503 1913 534 1972 in
548 1912 750 1986 Thessaliam,
767 1911 797 1970 C.
813 1911 974 1971 Calvisium
989 1911 1042 1972 Sa·

71 1999 180 2060 binum
203 2013 271 2058 cum
292 1997 466 2058 cohortibus
488 1997 624 2073 quinque
650 1997 820 2072 paucisque
840 1996 991 2072 equitibus
1012 1997 1043 2057 in

72 2081 226 2144 Aetoliam
239 2081 336 2152 misit;
361 2081 491 2141 maxime
506 2098 575 2157 eos,
593 2082 676 2157 quod
691 2086 777 2140 erant
790 2081 982 2158 propinquae
995 2096 1043 2141 re·

71 2169 194 2244 gioneS,
210 2167 249 2227 de
262 2182 297 2226 re
311 2167 505 2226 frumentaria
517 2172 551 2228 ut
564 2167 761 2242 providerent
770 2166 907 2227 hortatus
919 2172 974 2226 est.
991 2166 1043 2227 Cn.

71 2251 237 2314 Domitium
252 2250 406 2311 Calvinum
421 2266 489 2311 cum
503 2251 673 2327 legionibus
689 2250 824 2326 duabus,
840 2250 1002 2312 undecima
1015 2257 1045 2312 et

72 2335 268 2410 duodecima,
284 2340 314 2396 ot
328 2335 480 2410 equitibus
495 2333 667 2412 quingentis
683 2336 714 2396 in
726 2335 938 2397 Macedoniam
951 2335 1043 2410 profi-

73 2420 149 2483 cisci
172 2419 277 2490 iussit;
307 2420 393 2481 catius
414 2421 591 2495 provinciae
610 2421 650 2481 ab
664 2436 702 2480 ca
715 2426 816 2495 parte,
843 2434 922 2496 quae
935 2419 1045 2479 Libera

73 2505 303 2582 appellabatur,
333 2503 546 2581 Menedemus,
576 2505 851 2581 princepsearum
875 2504 1043 2579 regionum,

72 2590 190 2651 missus
205 2590 331 2665 legatus
348 2590 481 2650 omnium
496 2606 622 2654 suorum
636 2589 790 2650 excellens
806 2588 937 2653 studium
952 2587 1045 2662 proii-

72 2676 205 2736 tebatur.

158 2757 278 2819 XXXV.
312 2758 359 2818 Ex
387 2758 435 2819 his
464 2758 611 2820 Calvisius
639 2758 736 2833 primo
766 2758 898 2819 adventu
927 2773 1044 2817 summa

73 2842 210 2906 omnium
225 2844 402 2903 Aetolorum
415 2850 557 2919 receptus
568 2844 723 2903 voluntate
734 2843 926 2917 apraesidiis
937 2842 1044 2901 adver-

74 2928 228 2991 sariorum
243 2927 399 3005 Calydone
414 2936 443 2988 et
456 2928 613 3002 Naupacto
629 2927 742 2987 relictis
758 2927 839 2989 omni
854 2926 975 2988 Aetolia
988 2942 1043 3000 po-

73 3015 146 3077 titus
169 3018 226 3072 est.
263 3011 387 3072 Cassius
409 3011 439 3071 in
460 3012 649 3072 Thessaliam
671 3027 739 3072 cum
760 3012 880 3086 legione
895 3010 1043 3087 pervenit.

74 3099 132 3160 llic
147 3113 216 3158 cum
231 3102 336 3156 essent
348 3097 497 3159 factiones
513 3097 607 3169 duae,
624 3096 707 3157 varia
720 3098 876 3157 voluntate
892 3095 1044 3155 civitatum

72 3183 232 3245 utebatur:
245 3181 461 3256 Hagesaretos,
476 3181 587 3242 vetaris
603 3181 693 3242 homo
710 3181 871 3257 potentiae,
885 3179 1043 3254 Pompeia-

73 3268 124 3331 nis
136 3268 232 3329 rebus
248 3266 407 3336 studebam
432 3265 593 3340 Petraeus,
610 3281 745 3327 summae
760 3264 925 3325 nobilitatis
940 3265 1039 3325 adule-

73 3368 177 3428 scens,
194 3351 258 3412 suis
273 3367 310 3411 ac
324 3367 449 3412 suorum
465 3351 574 3427 opibus
590 3351 750 3412 Caesarem
765 3348 854 3410 enixe
869 3349 1002 3411 iuvabat.

156 3436 288 3497 XXXVl.
315 3435 497 3517 Eodemque
519 3444 662 3519 tempore
680 3436 842 3503 homullus
857 3434 896 3497 in
908 3434 1054 3496 hhaeebo

804 3525 866 3592 ts*
