2272 4176
150 477 211 543 364
456 472 614 539 BELLUM
634 472 810 541 linteata.

150 634 197 695 vis
211 639 362 693 armatura
377 633 532 693 interiecta
544 633 621 694 inter
635 634 757 711 equites
771 648 846 693 suas
863 632 1106 711 interponeretur,

151 717 376 794 sagittariisque
391 733 431 777 ex
446 717 587 779 amnibus
600 719 730 779 navibus
737 717 857 795 ityreis,
870 714 961 795 Syris
976 725 1008 779 et
1017 717 1102 779 unius

152 819 211 879 quc
231 803 351 879 generis
373 802 472 863 ductis
497 803 527 862 in
555 810 655 863 castra
680 800 888 878 compluribus
906 802 1103 877 frequentabat

152 903 225 948 suas
247 887 354 963 copias
375 919 417 930 -
438 887 580 948 audiebat
594 887 674 947 enim
689 886 866 963 Scipionem
880 892 954 963 post
967 887 1045 947 dem
1056 892 1102 947 teu

152 972 226 1032 lium
240 973 305 1032 eius
322 970 390 1045 diei,
407 988 467 1046 qua
483 972 634 1047 proelium
648 972 760 1033 lactum
772 976 845 1045 erat,
862 971 1104 1047 adpropinquare,

152 1057 257 1131 copias
280 1071 352 1116 suas
375 1071 443 1116 cum
463 1056 597 1118 Labieno
620 1064 650 1117 et
667 1055 785 1117 Petreio
802 1054 1007 1131 coniunger03
1033 1056 1105 1117 criu

152 1141 260 1216 copiae
274 1141 426 1216 legionum
447 1148 516 1201 octa
532 1149 562 1200 et
577 1142 711 1217 equitum
725 1141 814 1201 trium
828 1140 947 1201 milium
961 1156 1032 1201 esse
1043 1156 1106 1201 nun

151 1226 358 1301 tiabantur-,
369 1225 508 1285 officinas
523 1226 665 1286 ferrarias
682 1226 842 1300 instruere,
858 1226 989 1301 sagittas
1001 1226 1106 1301 telaque

150 1310 192 1369 uti
208 1309 316 1370 fierent
330 1311 486 1385 complura
504 1326 619 1383 curare,
636 1310 764 1384 glandes
776 1310 916 1385 sundere,
934 1310 1029 1371 sudes
1040 1326 1105 1371 conr

152 1410 269 1469 parare,
285 1395 399 1453 litteras
415 1395 444 1453 in
454 1394 587 1455 Siciliam
597 1395 782 1470 nuntiosque
794 1394 923 1468 mittere,
940 1402 975 1455 ut
987 1394 1043 1455 sibi
1055 1409 1106 1455 cra·

151 1486 196 1538 tes
212 1478 428 1553 materiemque
445 1486 645 1553 congererent
659 1479 698 1539 ad
719 1479 845 1553 arietes,
873 1479 964 1540 cuius
979 1478 1107 1555 inopiain

153 1563 254 1621 Alriaa
266 1569 357 1635 esset,
370 1560 528 1637 praeterea
538 1564 659 1638 serrum,
671 1563 826 1639 plumbum
838 1564 1018 1624 mitteretur.
1028 1563 1108 1623 litiani

150 1645 409 1705 animadvertebat
429 1648 579 1709 tramenta
601 1663 636 1708 se
655 1648 686 1707 in
707 1648 813 1708 Africa
827 1648 888 1707 nisi
908 1650 1059 1724 inportata
1075 1644 1108 1709 ui

150 1747 211 1790 non
226 1746 336 1805 passe:
357 1729 459 1806 priore
474 1732 554 1791 enim
570 1749 649 1792 anna
665 1740 792 1809 propter
807 1733 1056 1795 adversariarum
1067 1730 1107 1793 dc

150 1817 262 1890 lectus,
290 1814 372 1891 quad
398 1815 586 1892 stipendiarii
612 1823 749 1877 aratores
774 1817 886 1878 milites
912 1825 1023 1879 essent
1044 1814 1108 1889 iudi,

151 1916 283 1967 messem
296 1917 359 1961 non
374 1915 445 1960 esse
460 1902 587 1972 lactam;
615 1908 775 1977 praeterea
789 1918 829 1962 ex
844 1903 929 1964 amni
944 1903 1048 1963 Africa
1061 1902 1109 1961 nu

151 1992 283 2048 mentum
307 1985 502 2047 adversarias
527 1987 557 2045 in
582 2002 683 2062 pauca
708 1987 825 2063 oppida
851 1994 882 2046 et
905 1988 990 2048 bene
1015 1984 1109 2046 munita

153 2076 361 2145 comportasse
377 2085 558 2146 amnemque
571 2071 727 2146 regionem
734 2071 858 2131 Africae
874 2071 1052 2132 exinanisse
1062 2072 1100 2130 lm

154 2163 260 2229 menta,
277 2156 392 2230 oppida
406 2162 526 2231 praeter
540 2171 577 2216 ea
592 2172 699 2232 pauca,
716 2171 795 2231 quae
809 2156 870 2230 ipsi
884 2157 952 2216 suis
965 2152 1109 2232 praesidiis

151 2240 226 2300 tueri
243 2247 397 2315 poterant,
412 2240 531 2315 reliqua
545 2240 623 2300 dirui
639 2247 731 2316 atque
747 2241 857 2313 deleri,
875 2247 906 2299 et
920 2256 1029 2302 eorum
1043 2241 1110 2299 inca-

147 2327 195 2384 las
211 2325 289 2383 intra
310 2341 367 2384 sua
387 2325 543 2398 praesidia
565 2324 706 2400 ao'egisse
722 2324 939 2400 commigrare,
968 2340 1057 2401 agras
1070 2324 1110 2383 de

149 2416 250 2468 sertas
266 2425 302 2467 ac
317 2415 454 2472 uastatos
470 2425 550 2469 esse.
1124 2402 1130 2419 '

232 2493 309 2552 XXI.
331 2494 396 2552 Hac
417 2494 601 2553 necessitate
617 2495 729 2554 Caesar
745 2500 872 2554 coactus
888 2494 1028 2569 privatas
1043 2490 1108 2553 amb

148 2577 239 2638 ienda
262 2583 292 2635 et
317 2577 429 2638 blande
454 2580 637 2653 appellanda
663 2580 851 2654 aliquantum
877 2595 1040 2639 numerum
1063 2577 1132 2669 lm·l

148 2664 240 2722 menti
256 2662 285 2720 in
303 2678 359 2721 sua
381 2662 535 2737 praesidia
551 2670 750 2738 congesserat
765 2669 794 2721 et
809 2678 846 2722 ea
864 2679 962 2738 parce
977 2662 1112 2724 utebatur.

150 2747 251 2822 Opera
271 2746 390 2805 interim
413 2747 480 2821 ipse
503 2748 613 2807 cotidie
629 2749 756 2808 circuire
772 2755 801 2807 et
815 2748 854 2807 ad
868 2755 976 2808 ternas
994 2742 1112 2808 cohortis

148 2833 178 2890 in
195 2831 324 2892 statione
338 2831 452 2890 habere
470 2839 596 2908 propter
608 2833 743 2893 nostium
758 2832 994 2892 multitudinem.
1019 2829 1112 2891 Labie

148 2934 207 2976 nus
224 2917 346 2977 saucias
362 2931 453 2991 suaS,
477 2934 606 2990 quarum
621 2917 770 2976 maximus
786 2932 932 2977 numerus
950 2917 1020 2990 luit,
1045 2914 1115 2974 iubet

149 3002 177 3059 in
201 3002 324 3076 plastris
347 3000 495 3075 deligatas
510 3002 708 3061 Adrumetum
731 3001 897 3076 deportari.
928 3002 1033 3061 Naves
1050 3000 1113 3058 inte·

147 3087 203 3144 rim
219 3085 359 3145 Caesaris
382 3085 539 3145 onerariae
561 3086 751 3146 errabundae
772 3086 852 3144 male
873 3087 1066 3160 vagabantur
1077 3082 1113 3141 in·

149 3177 250 3230 certae
270 3171 407 3229 locorum
429 3175 520 3243 atque
536 3178 705 3232 castrorum
721 3186 863 3240 suarum;
891 3187 971 3246 quas
991 3167 1114 3244 singulas

149 3254 283 3330 scaphae
304 3254 548 3316 adversariarum
570 3257 743 3331 complures
769 3254 895 3315 adortae
920 3254 1115 3314 incendebant

149 3347 240 3414 atque
262 3340 487 3414 expugnabant.
516 3342 581 3400 Hac
602 3357 636 3400 re
652 3341 787 3400 nuntiata
803 3339 917 3400 Caesar
932 3341 1053 3399 classes
1067 3336 1113 3396 cir·

149 3441 216 3484 cum
231 3424 347 3484 insulas
363 3432 534 3500 partusque
549 3426 716 3501 disposuit,
744 3441 803 3500 qua
825 3425 919 3486 tutius
936 3426 1113 3485 commeatus

148 3508 324 3585 supportari
340 3516 456 3583 posset.

229 3593 319 3652 XXII.
338 3593 377 3653 Μ.
394 3595 466 3654 Cato
481 3594 608 3669 interim,
626 3595 677 3670 qui
687 3594 793 3654 Uticae
807 3600 958 3669 praeerat,
975 3590 1112 3652 Cn.Pam·

151 3674 249 3748 peium
265 3677 360 3737 filium
373 3680 476 3739 multis
491 3679 595 3738 verbis
611 3679 798 3754 assidueque
815 3679 979 3752 obiurgare
993 3693 1054 3737 nan
1067 3673 1109 3733 de-

149 3758 283 3820 sistebat.
315 3761 408 3836 Tuus,
430 3762 541 3838 inquit,
552 3769 643 3839 pater
653 3756 1110 3826 urucaetamcamessetetm'r
