2302 4192
348 39 1141 337 ¹-

148 495 188 560 ee
430 495 482 556 nu
503 470 627 557 annuo
652 493 827 556 cnnuroo.

146 648 289 722 tibusque
312 645 481 722 coniuncti,
502 654 647 722 quantam
670 644 802 721 quisque
825 640 1048 706 multitudinem
1073 644 1104 709 ln

146 731 300 794 communi
321 731 485 806 Belgarum
503 730 632 790 concilio
650 730 690 789 ad
709 728 740 789 id
759 731 871 790 bellum
882 729 1039 805 pollicitus
1055 730 1103 802 sit,

146 815 355 891 cognoverint.
378 815 542 876 Plurimum
557 813 635 874 inter
646 830 701 874 eos
713 815 894 874 Bellovacos
905 820 936 874 et
949 812 1060 876 virtute
1073 822 1103 879 et

146 899 326 962 auctoritate
339 907 369 960 et
379 899 536 959 hominum
547 914 674 958 numero
686 900 804 958 valere=
829 899 887 958 hos
899 914 996 973 posse
1008 900 1105 961 contl-

146 1001 216 1045 cere
228 990 343 1043 armata
356 982 435 1044 inilia
447 990 577 1054 centum,
596 981 748 1058 pollicitos
761 999 801 1042 ex
813 999 851 1042 eo
863 998 991 1044 numero
1003 985 1105 1046 electa

145 1067 304 1144 sexaginta
316 1067 473 1144 totiusque
487 1066 558 1126 belli
569 1066 728 1143 imperium
741 1065 798 1128 sibi
808 1069 978 1143 postulare.
1008 1067 1104 1130 Sues-

145 1153 249 1213 siones
269 1168 345 1213 suos
369 1168 441 1213 esse
462 1150 623 1224 finitimos;
647 1150 812 1213 latissimos
830 1150 1105 1235 teracissimosque

144 1253 237 1312 agros
257 1235 427 1312 possidere.
458 1236 552 1312 Apud
571 1252 626 1296 eos
643 1235 741 1296 luisse
756 1251 860 1311 regem
882 1242 989 1295 nostra
1009 1236 1105 1296 etiam

144 1320 291 1380 memoria
313 1319 515 1392 Divitiacum,
530 1319 624 1381 totius
642 1318 756 1380 Galliae
770 1319 1016 1395 potentissimum
1029 1366 1037 1392 ‚
1051 1318 1104 1395 qui

145 1421 215 1465 curn
222 1420 351 1479 magnae
357 1404 452 1481 partis
462 1406 570 1465 harum
581 1403 749 1479 regionum,
757 1411 820 1464 tum
832 1403 1105 1464 etiamBritanniae

144 1487 303 1565 imperium
316 1487 495 1549 obtinuerit:
512 1505 594 1549 nunc
607 1504 678 1548 esse
693 1505 797 1564 regem
810 1487 949 1549 Galbam:
965 1489 1005 1548 ad
1020 1488 1104 1548 hunc

74 1614 77 1619 -
144 1580 273 1649 propter
286 1571 432 1634 iustitiam
447 1571 703 1649 prudentiamque
716 1589 803 1633 suam
819 1570 913 1633 totius
931 1571 1004 1632 belli
1019 1589 1101 1633 sum-

143 1673 222 1716 marn
231 1656 531 1717 omniumvoluntate
538 1656 659 1728 delerri3
667 1654 781 1731 oppida
789 1656 1037 1717 haberenumero
1046 1673 1102 1731 xm,

142 1741 280 1815 polliceri
291 1739 372 1800 milia
384 1748 497 1801 armata
509 1738 728 1816 quinquaginta
738 1761 746 1814 ;
758 1739 886 1801 totidem
898 1740 1037 1813 Nervios
1051 1738 1104 1814 qui

143 1823 272 1884 maxime
284 1824 340 1884 leri
351 1825 429 1885 inter
439 1825 526 1900 ipsos
537 1825 709 1885 habeantur
729 1824 967 1899 longissimeque
980 1823 1102 1898 absint;

143 1907 317 1983 quindecim
329 1908 410 1969 milia
422 1908 595 1982 Atrebates,
607 1909 776 1970 Ambianos
789 1909 896 1968 decem
910 1906 999 1981 milia,
1010 1908 1101 1969 Mori·

142 2007 200 2052 nos
211 2007 276 2051 xxv
288 1991 384 2065 milia,
399 1992 560 2059 Menapios
573 2008 616 2052 vn
627 1992 720 2063 milia,
759 1990 1015 2063 Caletosxmilia‚
1044 1994 1100 2052 Ve·

141 2074 280 2132 locasses
297 2079 328 2131 et
344 2071 578 2132 Veromandrros
593 2071 729 2148 totidem,
748 2074 926 2135 Aduatucos
945 2075 1053 2136 decem
1074 2084 1101 2137 et

141 2172 252 2216 novem
274 2154 371 2229 milia;
400 2155 594 2230 Condrusos‚
616 2156 793 2234 Eburones,
821 2158 1005 2234 Caeroesns,
1029 2160 1100 2231 Pae·

141 2256 258 2315 manos,
273 2238 325 2315 qui
336 2257 397 2302 uno
411 2241 534 2300 nomine
542 2239 683 2299 Germani
695 2242 896 2318 appellantur,
910 2243 1049 2304 arbitrari
1063 2244 1100 2306 ad

141 2339 178 2383 xn
199 2323 289 2384 milia.

223 2407 261 2465 V.
280 2408 391 2467 Caesar
402 2409 517 2468 Remos
532 2407 708 2468 cohortatus
720 2405 945 2484 liberaliterque
961 2410 1101 2473 oratione

141 2498 325 2568 prosecutus
341 2508 461 2552 omnem
477 2496 615 2552 senatum
631 2492 671 2551 ad
686 2507 721 2552 se
737 2494 901 2553 convenire
917 2494 1101 2571 principum·

142 2592 201 2651 (rue
217 2575 329 2635 liberos
347 2577 472 2637 obsides
487 2577 528 2637 ad
543 2591 578 2635 se
594 2576 705 2636 adduci
720 2575 820 2637 iussit.
846 2578 930 2652 Quae
946 2581 1048 2639 omnia
1062 2581 1101 2640 ab

139 2660 186 2720 his
202 2659 360 2735 diligenter
377 2660 416 2721 ad
436 2661 515 2721 diem
532 2661 611 2719 lacta
625 2667 705 2720 sunt.
739 2662 810 2735 lpse
825 2661 1004 2724 Divitiacum
1021 2664 1100 2724 Hae·

94 2755 98 2761 ·
140 2745 232 2804 duum
247 2761 435 2820 magnopere
448 2745 626 2805 cohortatus
638 2744 738 2820 docet,
755 2754 868 2819 quanto
882 2763 977 2822 opere
988 2747 1034 2807 rei
1046 2764 1099 2823 pu-

139 2827 236 2888 blicae
252 2829 485 2904 communisque
498 2829 604 2889 salutis
619 2827 737 2888 intersit
748 2845 856 2890 manus
869 2830 1003 2890 hostium
1015 2831 1099 2893 disti-

140 2913 213 2989 neri,
227 2929 266 2973 nc
278 2929 347 2972 cum
360 2921 442 2974 tanta
455 2911 644 2974 multitudine
656 2929 717 2972 uno
726 2913 1100 2989 temporeconlligendum

140 2995 186 3057 sit.
214 2997 250 3056 ld
269 2996 335 3056 fieri
352 3012 455 3072 posse,
473 2996 499 3057 si
515 3013 588 3057 suas
604 2997 711 3071 copias
726 2998 845 3058 Haedui
861 2998 890 3057 in
906 2997 984 3059 lines
997 3000 1116 3060 Bello·

141 3096 286 3140 vaeorum
298 3079 1099 3157 introduxerinteteorumagrospopularicoeperint.

139 3164 193 3226 His
206 3165 356 3226 mandatis
370 3181 438 3226 eum
448 3165 484 3224 ab
498 3181 532 3226 se
543 3164 670 3226 dimittit.
690 3166 857 3240 Postquam
873 3181 980 3226 omnes
992 3167 1088 3241 Belga

137 3266 203 3309 rum
219 3250 325 3325 copias
341 3248 474 3310 inunum
488 3251 588 3309 locum
602 3257 726 3310 coactas
742 3250 778 3308 ad
792 3266 827 3309 se
840 3250 944 3309 venire
956 3250 1034 3311 vidit
1048 3268 1099 3311 ne·

139 3351 199 3408 que
214 3333 272 3394 iam
287 3336 378 3409 longe
393 3334 504 3395 abesse
519 3335 557 3393 ab
572 3334 624 3410 iis,
644 3350 724 3408 quos
740 3334 873 3409 miserat,
898 3329 1098 3411 exploratori-

137 3416 195 3478 bus
213 3427 243 3479 et
257 3421 294 3479 ab
309 3416 413 3479 Remis
431 3417 584 3494 cognovit,
604 3417 717 3478 llumen
735 3419 885 3493 Axonam,
904 3419 988 3493 quod
1003 3429 1051 3480 est
1067 3419 1097 3478 in

138 3503 282 3564 extremis
299 3504 461 3563 Remorum
477 3502 599 3578 linibus,
615 3501 778 3562 exercitum
790 3502 952 3562 traducere
967 3511 1099 3563 matura·

136 3584 284 3660 vitatque
297 3586 337 3646 ibi
350 3594 450 3647 castra
463 3587 575 3662 posuit.
597 3587 681 3660 Quae
694 3602 745 3646 res
759 3588 1097 3649 etlatusunumcastro·

129 3687 202 3729 runr
212 3670 290 3745 ripis
301 3669 436 3734 lluminis
448 3672 602 3734 muniebat
613 3679 642 3733 et
654 3677 728 3747 post
739 3687 809 3732 eum
822 3686 900 3745 quae
913 3681 1019 3732 essent
1030 3678 1097 3733 tuta

116 3751 160 3811 ab
178 3754 333 3821 hostibus
348 3759 505 3823 reddebat
519 3766 562 3839 et,
577 3763 768 3821 commeatus
785 3754 825 3814 ab
836 3755 944 3814 Remis
955 3754 1084 3830 reliquis

530 3978 592 4029 “x
