2272 4176
353 146 511 211 BELLUM
529 146 792 213 HISPANIENSE.
995 148 1058 215 407

86 300 246 374 viduatur,
262 298 353 363 Salso
368 300 507 375 llumine,
524 302 662 378 proxime
673 310 773 365 minen
789 304 938 381 Ateguam
954 314 986 368 ut
1000 304 1057 369 llu-

87 400 153 446 men
169 387 220 457 sit,
237 386 358 448 circiter
372 403 520 463 passuum
535 388 595 447 duo
611 388 701 448 milia.
731 388 777 447 lix
799 404 837 448 ea
857 390 981 465 regione
1001 406 1055 467 op·

73 471 148 547 >pidi
170 472 200 531 in
224 473 379 533 montibus
395 482 494 531 castra
516 471 619 531 babuit
641 473 743 547 posita
758 472 920 548 Pompeius
942 476 970 535 in
986 490 1057 536 con·

88 563 194 632 spectu
210 562 409 631 utrorumque
424 556 606 631 oppidorum
624 572 723 631 neque
736 557 802 616 suis
816 576 911 618 ausus
927 568 974 618 est
988 560 1058 621 sub·

88 641 162 700 sidio
181 642 297 701 venire.
328 640 455 714 Aquilas
471 650 500 699 et
514 642 603 714 signa
619 641 721 701 babuit
737 642 881 702 tredecim
897 645 1058 718 legionum.

87 723 145 785 Sed
162 740 203 784 ex
221 725 332 799 quibus
348 726 458 800 aliquid
477 726 652 785 firtrnnnenti
675 741 709 784 se
724 726 918 785 existirnabat
938 726 1059 801 habere,

86 810 163 869 duae
181 811 306 870 luerunt
322 812 510 879 vernaculae,
529 830 608 883 «irrite
624 810 804 869 u'lrebunin
818 814 1059 885 transfugerant3

85 910 144 953 una
161 895 244 952 iactu
266 910 305 952 ex
327 895 470 963 coloniis,
497 911 575 968 quae
602 895 723 953 luerunt
742 895 770 951 in
793 895 839 953 bis
866 896 1059 970 regionibus3

84 986 194 1054 quarta
211 979 267 1038 luit
280 980 447 1039 Afraniana
461 993 498 1036 ex
514 979 631 1052 Ali-ica,
653 994 744 1054 quarn
759 994 864 1038 secum
880 981 1058 1041 adduxerat.

81 1062 234 1137 Reliquae
256 1078 294 1121 ex
317 1062 449 1138 fugitivis
469 1063 633 1122 auxiliares
652 1064 901 1124 ‘consistebant
931 1065 1005 1124 lllam
1021 1065 1059 1125 de

82 1147 139 1205 levi
164 1154 320 1205 arcuatum
340 1157 369 1208 et
389 1148 524 1223 equitatu
546 1150 635 1222 longe
650 1156 680 1207 et
695 1148 803 1208 virtute
818 1156 848 1208 et
863 1164 988 1210 nurnero
1005 1165 1057 1209 no·

81 1232 137 1290 stri
152 1238 244 1291 eram
259 1232 444 1306 superiores.

168 1315 249 1374 Vlll.
265 1316 433 1376 Accidebat
444 1315 511 1385 boc,
527 1322 560 1374 ut
574 1316 694 1389 longius
706 1316 816 1375 bellum
832 1317 957 1377 duceret
970 1316 1056 1377 Pom-

83 1399 191 1474 peiuS,
219 1401 301 1474 quod
325 1403 391 1460 loca
411 1408 482 1460 sunt
496 1400 578 1459 edita
592 1407 623 1459 et
637 1401 675 1459 ad
692 1407 860 1460 castrorum
876 1403 1058 1463 munitiones

82 1500 145 1543 non
170 1500 278 1559 parurn
299 1484 417 1544 idonea.
448 1486 519 1545 llam
544 1486 606 1542 lere
622 1485 711 1544 totius
728 1486 878 1545 ulterioris
895 1486 1059 1560 Hispaniae

82 1569 170 1643 regio
190 1577 315 1643 propter
332 1578 428 1629 terrae
446 1569 658 1629 secunditatem
676 1570 690 1601 *
706 1570 828 1645 inopem
844 1569 1058 1645 difficilemque

82 1652 178 1713 lrabet
204 1655 463 1727 oppugnationem
490 1661 520 1712 et
545 1670 604 1713 non
627 1652 727 1712 nrinus
748 1654 906 1728 copiosam
922 1656 1057 1727 arruntiu-

83 1752 164 1795 nenr.
188 1737 245 1796 Hie
260 1738 348 1796 etiann
366 1746 490 1812 propter
505 1738 703 1797 barbarorum
719 1738 843 1796 crebras
859 1738 1058 1798 excursiones

83 1822 189 1882 onmia
202 1824 278 1894 loca,
296 1831 456 1896 quaesunt
471 1823 509 1881 ab
526 1821 647 1896 oppidis
664 1830 788 1883 remota.
805 1822 936 1881 turribus
952 1830 982 1881 et
996 1840 1057 1882 mu-

83 1906 254 1966 nitionibus
270 1908 450 1978 retinentur,
467 1907 546 1966 sieut
561 1906 588 1964 in
606 1905 719 1969 Africa,
735 1906 857 1978 rudere,
873 1922 933 1965 non
950 1908 1057 1982 tegnlis

83 1998 245 2064 teguntum
268 1991 418 2066 simulque
439 1993 468 2050 in
485 1990 532 2049 lris
549 1990 660 2049 lrabeat
675 1992 818 2064 speculas
834 1998 864 2049 et
879 1998 1003 2065 propter
1016 1994 1055 2051 al·

84 2075 245 2135 titudinem
262 2077 350 2150 longe
367 2078 485 2149 lateque
502 2076 700 2150 prospiciunt.
718 2075 789 2132 ltem
803 2077 985 2149 oppidorum
996 2092 1056 2135 nra-

82 2175 144 2234 gna
162 2176 237 2233 pars
260 2161 325 2220 eius
343 2161 518 2235 provinciae
534 2159 687 2218 montibus
703 2160 766 2217 iere
782 2161 896 2219 munita
909 2167 940 2218 et
954 2171 1056 2221 nature

83 2244 307 2303 excellentibus
324 2247 397 2304 locis
413 2255 459 2304 est
474 2244 652 2316 constituta,
679 2252 711 2303 ut
731 2242 819 2302 sinnrl
835 2245 935 2304 aditus
950 2260 1056 2305 ascen·

82 2344 204 2403 susque
227 2327 336 2387 habeat
356 2330 503 2389 dilliciles.
534 2330 577 2387 lla
598 2327 637 2387 ab
659 2328 937 2401 oppugnationibus
953 2338 1060 2390 natura

82 2412 142 2474 loci
160 2412 350 2483 distinemur,
367 2422 399 2472 ut
414 2412 721 2486 civitatesHispaniae
737 2427 797 2471 non
816 2414 902 2471 facile
917 2414 955 2472 ab
971 2414 1058 2473 hoste

82 2498 255 2572 capiuntur.
285 2498 317 2556 ld
335 2498 417 2570 cpuod
434 2498 461 2555 in
478 2496 536 2556 hoc
552 2496 677 2570 contigit
692 2496 781 2556 bello.
809 2496 883 2555 llam
900 2514 967 2557 cum
984 2500 1060 2557 inter

79 2584 235 2655 Ateguam
258 2588 287 2639 et
307 2582 449 2653 Ucubim,
477 2596 556 2655 quae
582 2580 697 2654 oppida
721 2596 815 2655 supra
840 2589 912 2640 sunt
936 2582 1057 2657 scripta,

80 2665 250 2739 Pompeius
272 2666 376 2725 habuit
397 2673 497 2724 castra
518 2665 679 2724 constituta
700 2664 728 2722 in
745 2671 914 2739 conspectu
930 2666 1058 2725 duorum

81 2750 284 2825 oppidorum,
310 2751 348 2809 ab
370 2751 434 2809 suis
457 2750 566 2809 castris
583 2748 699 2807 circiter
713 2749 795 2807 milia
810 2765 957 2823 passuum
973 2757 1052 2825 quat-

81 2844 153 2895 tuor
174 2849 301 2908 grunrus
323 2843 370 2895 est
384 2835 539 2895 excellens
556 2839 677 2905 natura,
704 2833 755 2905 qui
772 2834 944 2908 appellatur
959 2841 1059 2893 castra

80 2918 298 2989 Postumiana;
330 2920 371 2979 ibi
386 2918 531 2994 praesidii
547 2931 643 2975 causa
656 2917 813 2976 castellum
829 2918 942 2977 Caesar
957 2918 1059 2978 babuit

81 3003 288 3065 constitutum.

167 3087 217 3147 lX.
234 3085 501 3161 QuodPompeius,
519 3085 603 3161 quod
618 3085 726 3144 eodem
741 3084 812 3160 iugo
827 3086 986 3159 tegebatur
1000 3087 1058 3147 loci

81 3181 200 3245 natura,
217 3180 247 3231 et
260 3177 407 3232 remotum
424 3178 522 3231 erata
540 3167 650 3229 eastris
665 3168 821 3243 Caesaris,
838 3170 1057 3231 aninradrerte

80 3258 134 3321 bat
148 3257 210 3319 loci
225 3256 434 3317 dilllcultatem
450 3262 488 3330 et,
506 3255 579 3330 quia
593 3250 716 3312 liumiue
731 3250 821 3313 Salso
837 3255 1056 3315 intercludeba-

79 3352 146 3417 tur,
172 3357 234 3401 non
250 3356 323 3401 esse
337 3341 571 3402 commissurum
588 3336 764 3413 caesam
789 3338 872 3399 utin
895 3344 977 3399 tanta
998 3340 1056 3401 loci

82 3428 265 3493 dunomme
285 3424 326 3489 ad
346 3426 517 3489 subsidium
536 3420 716 3489 mittendum
728 3436 765 3485 sa
778 3422 984 3487 commiteret
1012 3424 1062 3486 tta
