2272 4176
236 173 280 214 nn
299 172 404 214 senno
426 171 625 215 rvovreaarrvo
646 172 673 214 o.
693 162 738 217 92.
759 165 803 219 93.
969 157 1011 218 95

65 328 175 383 natura
194 319 275 380 velut
294 337 383 398 opere
405 327 492 398 atque
505 320 637 381 consulto
659 336 810 400 praeceps.
854 321 948 393 Quem
968 321 1040 389 loe

66 425 98 467 m
114 404 233 473 Marius,
258 404 336 482 quod
351 402 392 464 ibi
407 404 485 482 regis
499 403 652 465 thensauri
667 411 759 472 erant,
781 421 896 464 summa
913 407 942 467 vi
963 423 1011 467 ca-

65 509 100 551 re
115 488 247 548 intendit.
282 486 333 547 Set
350 506 384 548 ea
398 504 448 548 res
465 486 541 549 sorte
561 505 649 566 quam
665 487 785 549 consilio
800 486 904 548 melius
919 498 1038 565 goslar

64 592 105 633 rm
122 571 239 632 castello
259 572 390 631 virorum
404 577 491 649 atque
506 589 656 632 armorum
671 573 756 641 satis,
773 586 879 648 magna
893 573 936 631 vis
951 574 1012 634 iru-

64 658 121 718 enti
138 662 166 715 et
179 652 246 714 lons
262 672 363 732 aquae,
382 654 540 730 aggeribus
553 655 743 732 turribusque
764 653 809 735 [et
826 653 888 714 aliis
903 656 1012 718 machi·

66 736 211 818 tionibus]
233 736 317 798 locus
330 739 519 816 inportunus,
540 739 596 798 iter
616 737 840 799 castellanorum
857 746 1013 816 angustum

64 823 204 891 modum,
222 822 370 900 utrimque
384 823 559 898 praecisum.
590 821 698 883 Vineae
720 839 788 882 cum
805 823 915 898 ingenti
934 825 1040 901 peri-s

64 908 96 967 lo
120 905 228 965 frustra
243 903 421 981 agebantur:
441 922 509 965 nam
532 923 599 965 cum
619 923 670 967 eae
691 904 779 984 paulo
796 914 1010 983 processerant,

64 992 90 1050 ai
105 996 156 1050 aut
169 987 315 1067 lapidibus
330 987 613 1066 conrumpebantur:
629 987 735 1049 milites
745 1006 841 1067 neque
856 1006 910 1068 pro
922 1007 1012 1067 opere

64 1075 192 1134 nsistere
207 1077 329 1149 propter
344 1072 525 1152 iniquitatem
540 1070 605 1143 loci,
628 1089 724 1153 neque
738 1074 816 1133 inter
829 1074 927 1133 vineas
949 1075 1012 1134 sine

64 1154 162 1218 riculo
175 1156 394 1216 administrare:
410 1161 548 1232 optumus
562 1158 685 1235 quisque
697 1157 803 1217 cadere
814 1163 864 1217 aut
877 1158 1010 1226 sauciari,

64 1242 137 1301 teris
152 1246 248 1300 metus
262 1239 372 1315 augeri.
415 1239 453 1299 a:
465 1238 574 1301 Marius
587 1239 685 1301 multis
700 1240 803 1302 diebus
818 1246 847 1300 et
862 1238 1012 1301 laboribus
1021 1242 1063 1306 93

64 1325 212 1402 nsumptis
226 1324 329 1383 anxius
343 1321 462 1385 trahere
478 1341 547 1384 cum
560 1326 657 1384 animo
673 1341 743 1395 suo,
769 1325 953 1386 omitteretne
967 1326 1011 1384 in·

64 1419 163 1487 ptum,
182 1407 319 1485 quoniam
332 1406 441 1468 trustra
456 1413 532 1476 erat,
550 1424 588 1466 an
602 1407 749 1468 fortunam
764 1409 939 1485 operiretur,
954 1426 1011 1487 qua

63 1510 120 1571 epe
140 1508 282 1569 prospere
299 1507 372 1550 usus
394 1489 498 1551 luerat.
541 1491 622 1562 Quae
643 1508 710 1551 cum
728 1489 919 1552 multosdies
940 1507 1036 1556 noc-2

64 1594 127 1656 ¹que
149 1582 284 1635 aestuans
304 1576 440 1650 agitaret,
468 1574 544 1634 forte
566 1575 684 1653 quidam
703 1574 806 1651 Ligus,
827 1591 863 1634 ex
885 1574 1012 1635 cohorti·

64 1678 87 1720 vs
109 1658 265 1719 auxiliariis
279 1657 372 1718 ‘miles
393 1659 559 1736 gregarius,
585 1659 687 1719 castris
713 1663 851 1736 aquatum
875 1672 1013 1733 egressus

64 1750 104 1804 rut
120 1740 223 1819 procul
240 1741 277 1802 ab
298 1741 391 1802 latere
412 1741 535 1811 castelli,
559 1743 638 1820 quod
653 1758 789 1803 avorsum
804 1739 1013 1817 proeliantibus

66 1832 112 1894 at,
129 1826 258 1887 animum
273 1826 398 1886 advortit
418 1825 494 1886 inter
508 1842 577 1886 saxa
591 1826 720 1903 repentis
735 1823 864 1885 cocleas:
888 1841 1013 1903 quarum

64 1929 102 1971 rm
120 1926 208 1970 unam
227 1915 314 1988 atque
336 1908 471 1978 alteram,
494 1909 562 1969 dein
582 1908 683 1986 plures
703 1914 831 1986 peteret,
854 1907 949 1968 studio
970 1906 1012 1969 le·

63 1993 125 2055 rndi
140 1992 277 2071 paulatim
288 2010 382 2070 prope
398 1993 435 2054 ad
449 2010 596 2053 summum
611 1994 719 2053 montis
734 2008 870 2069 egressus
885 1998 938 2052 est.
957 1990 1039 2055 libia

64 2085 188 2155 vstquam
203 2076 388 2138 solitudinem
403 2075 551 2147 intellexit,
563 2095 647 2138 more
658 2078 756 2154 ingeni
769 2075 890 2137 humani
905 2075 1011 2153 cupido

64 2159 160 2221 ilicilia
174 2160 302 2221 faciundi
316 2161 446 2220 animum
459 2162 555 2221 vortit.
586 2160 622 2222 Et
632 2160 709 2222 lorte
722 2162 752 2221 in
764 2179 799 2221 eo
814 2159 879 2220 loco
894 2159 1038 2237 grandis:

64 2263 91 2305 :x
107 2243 256 2304 coaluerat
269 2245 345 2304 inter
360 2261 444 2315 saxa,
460 2242 581 2322 paulum
595 2244 683 2305 modo
697 2262 801 2322 prona,
818 2243 923 2303 deinde
938 2243 1013 2304 llexa

64 2345 121 2407 que
140 2332 223 2388 aucta
240 2329 270 2387 in
285 2327 480 2398 altitudinem,
505 2346 563 2406 quo
585 2335 689 2389 cuncta
708 2329 889 2426 gignentium
908 2332 1013 2387 natura

63 2418 107 2472 rt:
126 2413 208 2472 cuius
223 2413 312 2472 ramis
326 2412 424 2482 modo,
439 2413 527 2472 modo
538 2411 732 2474 eminentibus
743 2412 819 2473 saxis
833 2412 914 2471 nisus
924 2410 1013 2486 Ligus

64 2494 145 2556 stelli
159 2494 308 2572 planitiem
322 2501 534 2572 perscrutatur,
551 2497 629 2574 quod
644 2498 741 2557 cuncti
753 2494 895 2557 Numidae
910 2494 1015 2585 iptenti

64 2578 245 2640 oeliantibus
261 2580 391 2640 aderant
424 2578 588 2656 Exploratis
606 2580 757 2649 omnibus,
781 2596 855 2657 quae
873 2595 941 2638 mon
955 2594 1037 2643 usus

64 2681 99 2723 re
114 2661 247 2734 ducebat,
264 2664 366 2724 eadem
381 2664 557 2740 regreditur,
572 2681 631 2723 non
647 2669 759 2727 temere
772 2664 814 2723 uti
831 2661 1011 2729 escenderat,

64 2754 79 2805 ‚t
94 2752 238 2823 temptans
256 2749 351 2807 omnia
373 2753 401 2808 et
421 2748 666 2826 circumspiciens.
692 2747 793 2826 Itaque
806 2745 929 2806 Marium
943 2761 1038 2824 pro-e

64 2848 104 2891 :re
118 2830 186 2899 adit,
201 2837 264 2891 acta
276 2831 388 2900 edocet,
400 2831 546 2901 hortatur,
558 2830 593 2891 ab
610 2850 643 2892 ea
658 2837 751 2910 parte,
762 2848 819 2909 qua
833 2831 895 2907 ipse
911 2844 1011 2889 escen·

64 2920 125 2983 crat,
143 2913 293 2975 castellum
305 2920 445 2994 temptet:
460 2914 614 2994 pollicetur
629 2932 693 2976 sese
707 2916 818 2976 itineris
831 2910 1013 2991 periculique

64 3016 148 3059 roem.
199 2998 308 3058 Marius
328 3015 395 3059 cum
418 3000 526 3077 Ligure
554 3001 697 3077 promissa
723 2999 786 3060 eius
808 2997 956 3074 cognitum
977 3008 1037 3056 ext

64 3081 237 3144 aesentibus
264 3082 356 3143 misit·
385 3101 511 3161 quorum
534 3085 578 3145 uti
606 3084 747 3160 cuiusque
767 3081 917 3159 ingenium
940 3084 1011 3146 erat,

64 3186 71 3225 ι
92 3184 158 3227 rem
180 3165 327 3228 difficilem
346 3172 397 3227 aut
411 3166 526 3230 facilem
541 3168 728 3228 nuntiavere.
752 3162 878 3226 consulis
900 3164 1013 3223 animus

64 3268 131 3312 men
156 3250 277 3331 paulum
302 3251 447 3312 adrectos.
498 3253 600 3330 ltaque
626 3269 661 3312 ex
688 3251 771 3326 copia
796 3248 958 3309 tubicinum
984 3250 1038 3307 et8

64 3336 218 3396 ›rnicinum
233 3353 357 3396 numero
376 3338 504 3414 quinque
521 3354 609 3415 quam
624 3334 830 3395 velocissumos
848 3329 963 3408 delegit,
984 3336 1013 3391 et

64 3436 102 3481 rm
125 3421 176 3491 eis,
197 3420 343 3500 praeside
369 3422 420 3497 qui
441 3419 553 3492 iorem,
574 3422 677 3481 milites
694 3434 807 3495 pouces
827 3422 857 3479 et
876 3421 1012 3496 quattuor

640 3676 655 3713 Ι
