2302 4192
377 148 533 212 BELLUM
552 147 730 212 armcau.
978 145 1040 217 375

68 308 147 389 oltps
164 310 342 379 consuerat,
358 305 476 366 eductis
493 303 633 365 onmibus
651 303 748 381 copiis
766 304 958 381 quadruplici
973 305 1040 368 acio

67 390 217 454 instructa
229 404 269 450 ex
284 388 419 451 instituto
434 407 507 464 suo,
528 389 626 464 prima
646 390 782 465 equestri
796 389 945 451 turmatim
962 392 1039 452 dire·

69 485 119 538 eta
132 475 366 551 elephantisque
380 476 494 557 turritis
509 473 698 548 interpositis
713 475 908 551 armatisque,
925 491 1038 553 suppe-

67 563 126 624 tias
139 561 185 621 Ire
201 560 357 622 contendit
369 561 467 636 (quod
480 559 532 621 ubi
548 559 660 620 Caesar
675 559 898 635 anImadvertit,
915 561 1039 620 arbitra-

67 654 118 708 tus
127 645 354 722 Seipionem-ad
368 645 573 704 dimIcandum
586 650 724 718 paratum
739 645 779 703 ad
793 660 828 705 sc
843 651 925 706 certo
939 646 1039 707 animo

66 732 172 792 venire
185 731 216 790 in
231 745 269 790 eo
284 730 363 804 loco,
381 745 441 805 quo
456 731 546 805 paulo
561 737 630 790 ante
643 730 883 804 commemoravi,
900 736 970 790 ante
985 747 1038 807 op-

69 817 173 892 pidum
188 815 333 885 oonstitit)
347 831 496 891 suamque
510 815 608 874 aciem
621 815 751 874 medinm
766 830 802 875 eo
819 815 933 889 oppido
949 816 1038 886 texit;

67 902 209 962 dextrum
224 900 441 976 sinistrumque
457 915 564 974 cornu,
580 900 632 961 ubi
647 899 799 974 elephanti
813 906 906 975 erant,
922 900 951 958 iu
967 916 1037 961 con-

68 993 177 1063 spectu
194 985 306 1062 patenti
322 985 565 1045 adversariorum
583 984 744 1044 constituit.

150 1070 238 1130 XLII.
264 1070 336 1129 Cum
357 1070 416 1129 Iam
436 1085 535 1146 prope
556 1070 631 1130 solis
653 1083 798 1129 oceasum
813 1069 924 1128 Caesar
945 1081 1036 1144 expe·

69 1156 215 1217 clavisset
229 1170 330 1229 neque
346 1169 385 1214 ex
400 1170 437 1215 eo
459 1156 543 1229 Ioco,
571 1169 631 1229 quo
648 1154 836 1227 constiterat,
864 1152 1038 1228 Scipionem

68 1241 212 1317 progredi
234 1240 362 1314 propius
384 1255 418 1300 se
443 1239 707 1298 animadvertisset
732 1240 863 1314 locoque
885 1254 920 1298 se
941 1241 1037 1314 magis

67 1325 251 1399 detondere,
278 1324 304 1383 si
324 1339 375 1384 res
398 1325 565 1400 eo'e'gisset,
594 1339 685 1399 quam
698 1322 728 1381 In
745 1339 852 1399 campo
870 1325 1046 1384 comminus

66 1411 239 1472 consistere
254 1410 377 1483 audere,
392 1425 454 1469 non
469 1415 517 1470 est
531 1409 599 1467 ulsa
612 1408 687 1468 ratio
717 1405 845 1481 propius
871 1409 1038 1468 accedendi

66 1513 102 1556 eo
116 1495 169 1554 die
184 1495 223 1553 ad
239 1494 395 1569 oppidum,
412 1494 556 1569 quonlam
563 1493 603 1552 ibi
611 1491 798 1566 praesidium
812 1492 1037 1566 grandeNumi·v

66 1582 177 1641 darum
198 1594 271 1639 esse
292 1586 478 1652 cognoverat
498 1578 663 1652 hostesque
682 1575 813 1634 medIam
834 1576 929 1636 aciem
950 1593 1036 1637 suam

66 1664 188 1741 oppido
205 1663 319 1722 texisse
335 1670 363 1721 et
379 1663 436 1723 sibi
453 1662 574 1721 dissrcite
596 1663 677 1720 lactu
698 1676 769 1719 esse
787 1660 932 1720 intellexit
948 1661 1037 1722 simul

66 1757 94 1810 et
117 1748 267 1823 oppidum
288 1762 347 1806 uno
369 1756 507 1822 tempore
529 1760 707 1820 oppugnare
728 1752 757 1804 et
771 1745 925 1804 maelein
942 1760 1038 1806 cornu

66 1836 178 1894 dextro
193 1848 229 1891 ac
245 1831 367 1891 sinistro
384 1847 422 1890 ex
437 1832 587 1906 iniquiore
602 1832 670 1890 loco
685 1844 837 1904 pugnare,
858 1830 1036 1902 praesertim

65 2002 163 2077 tigatI.
192 2002 297 2075 Itaque
317 2001 451 2060 reductis
474 2000 539 2061 suis
563 2000 659 2075 copiis
681 2000 710 2058 tn
733 2006 833 2059 castra
846 2004 972 2073 postero
987 2000 1034 2059 dit

66 2087 197 2164 propius
213 2100 319 2146 eorum
334 2085 429 2144 aciem
444 2085 570 2144 instituit
584 2085 781 2158 exporrigere
795 2083 987 2143 munitiones.

151 2170 252 2228 XLIII.
267 2169 389 2228 InterIm
397 2169 567 2242 Considius,
585 2169 634 2243 qui
643 2164 793 2228 Aciliam*
805 2176 834 2227 et
846 2174 914 2228 octo
928 2168 1035 2228 cohor-

66 2254 149 2316 tibus
172 2253 375 2329 stipendiariis
397 2253 533 2313 Numidis
556 2253 753 2327 Gaetulisque
774 2252 949 2325 obsidebat,
985 2252 1037 2311 ubi

66 2340 98 2400 C.
115 2339 249 2398 Messius
266 2337 441 2398 cohortibus
457 2343 606 2411 praeerat,
623 2337 673 2396 dIu
688 2339 874 2412 multumque
891 2342 1036 2412 expertus

66 2423 249 2498 magnisque
271 2422 414 2496 operibus
435 2437 530 2496 saepe
551 2422 680 2481 admotis
702 2429 731 2481 et
749 2422 797 2482 his
819 2421 857 2480 ab
873 2421 1037 2497 oppidanis

66 2507 203 2568 incensis
220 2523 287 2566 cum
303 2506 465 2582 proliceret
479 2506 566 2579 nihil,
593 2505 692 2565 subito
714 2507 818 2567 nunti0
840 2506 879 2565 de
902 2506 1036 2580 equestri
1088 2570 1092 2578 ,

66 2592 186 2669 proelio
208 2591 298 2650 allato
321 2597 489 2650 commotus
511 2592 674 2663 frumento,
701 2592 786 2650 cuins
808 2591 838 2648 in
861 2589 968 2649 castris
985 2606 1036 2649 co·

66 2677 149 2755 piam
164 2675 318 2748 habuerat,
334 2676 469 2749 incenso,
485 2675 565 2746 vino,
579 2675 646 2733 oleo
659 2675 831 2750 ceterisque
841 2674 943 2747 rebus,
958 2689 1036 2748 quae

66 2761 107 2821 ad
121 2761 235 2819 victum
249 2760 351 2834 parari
366 2761 472 2832 solent,
490 2760 641 2832 corruptis
655 2758 791 2833 Aciliam,
809 2773 899 2833 quam
915 2757 1035 2817 obside·

65 2846 126 2918 bat,
144 2845 286 2919 deseruit,
303 2850 393 2918 atque
406 2844 511 2903 itinere
523 2858 578 2917 per
590 2858 716 2916 regnum
728 2843 820 2903 lubae
834 2845 913 2902 Iacto
931 2842 1035 2916 copias

66 2945 137 2990 eum
154 2927 298 3002 Scipione
313 2928 440 3002 partitus
457 2928 654 2986 Adrumetum
671 2942 704 2984 se
719 2928 843 3002 recepit.

151 3012 253 3072 XLIV.
275 3013 392 3071 Interea
407 3028 446 3070 ex
462 3011 597 3071 secundo
611 3018 788 3084 conmreatu,
807 3027 896 3086 quem
908 3008 1037 3069 aSicilia

66 3099 193 3159 miserat
205 3097 340 3169 Alienus
358 3097 444 3155 neuls
460 3113 535 3170 arna,
551 3096 580 3153 in
598 3112 659 3170 qua
674 3096 771 3154 luerat
787 3096 818 3168 Q.
837 3093 990 3154 Comitiius
1007 3101 1037 3152 et

66 3184 97 3243 L.
112 3180 233 3253 Ticida,
256 3197 351 3255 eques
367 3183 537 3254 Romnum,
564 3180 601 3238 ab
617 3179 741 3238 residua
756 3181 856 3238 classe
873 3194 940 3237 cum
954 3192 1035 3236 erra·

66 3269 164 3328 visset
179 3265 338 3340 delataque
354 3273 438 3325 esset
451 3271 541 3324 vento
558 3264 597 3323 ad
610 3264 769 3338 Thapson,
785 3262 951 3337 aVergilio
968 3277 1035 3322 sea-

66 3352 136 3428 phis
157 3348 367 3424 namculisque
389 3349 530 3409 actuariiS
547 3354 675 3423 excepta
691 3355 737 3408 est
752 3355 780 3407 et
795 3348 933 3407 abducta.
962 3348 1034 3406 Item

66 3439 160 3499 altera
180 3434 269 3493 naris
292 3435 391 3495 trieris
413 3450 452 3497 ex
475 3435 585 3501 eaden
608 3436 713 3500 classe
733 3433 917 3499 errabunda
925 3437 1050 3493 ‘aetem
