2302 4192
251 124 256 137 Ι
315 182 473 245 BELLUM
489 183 808 250 ALEXANDRIMJM.
983 184 1045 249 341

75 338 191 399 iareos
202 336 373 398 referretur.
396 338 440 398 lta
449 354 559 413 magna
567 340 835 413 etiamsollicitudo
843 340 1046 416 periculorum

75 423 117 484 ad
127 424 261 482 iacturas
273 429 304 481 et
314 422 493 483 detrimenta
502 425 546 482 rei
558 424 713 484 familiaris
725 426 956 501 adiungebatur.

159 508 194 566 L.
238 505 353 579 Quibus
372 508 411 566 de
429 507 531 568 causis
543 507 661 581 accidit,
684 516 726 582 ut,
749 525 816 569 curn
826 510 981 585 Longinus
992 509 1045 569 im·

75 597 203 669 perator
214 591 322 650 cadem
334 591 455 667 laceret,
475 608 555 668 quae
567 593 682 653 fecerat
694 602 848 669 quaestor,
861 596 970 654 similia
980 612 1045 655 rur-

76 693 132 737 sus
150 676 190 736 dc
206 682 304 736 morte
322 676 387 736 eius
408 677 611 751 provinciales
635 678 762 739 consilia
781 680 899 741 inirent.
931 680 1047 741 Horum

75 761 182 822 odium
194 759 413 819 confirmabant
423 762 558 822 nonnulli
570 762 734 823 familiares
746 763 829 834 eius3
851 764 910 840 qni,
936 766 1046 825 cumin

74 846 127 905 illa
138 845 286 905 societate
296 852 491 906 versarentur
502 845 685 920 rapinarum,
700 846 793 908 nihilo
805 849 904 923 minus
918 850 1047 910 oderant

75 947 161 1002 eum,
186 929 272 989 cuius
290 930 412 989 nomine
429 931 612 1005 peccabant,
642 932 763 1008 sibique
781 934 864 1008 quod
882 943 1047 1009 rapuerant

73 1020 235 1089 acceptum
251 1014 432 1088 referebant,
456 1016 539 1090 quod
556 1016 750 1079 interciderat
767 1024 818 1078 aut
828 1019 1045 1093 eratinterpel-

73 1101 178 1172 latum
204 1098 310 1159 Cassio
329 1098 539 1173 adsignabant.
562 1100 701 1174 Quintam
719 1103 869 1177 legionem
882 1103 1047 1164 conscribit

73 1199 196 1243 novam.
224 1185 361 1257 Augetur
378 1183 481 1244 odium
499 1193 529 1245 et
547 1200 586 1244 ex
602 1186 671 1260 ipsc
684 1187 804 1248 delectu
816 1196 846 1248 et
857 1196 980 1262 sumptu
993 1188 1045 1247 ad·

73 1269 156 1328 ditae
167 1267 306 1341 legionis.
327 1267 520 1343 complentur
532 1271 667 1343 equitum
684 1271 741 1329 tria
752 1272 1045 1347 miliamaximisque

73 1351 385 1425 ornanturinpensis3
408 1368 465 1412 nec
476 1354 654 1427 provinciae
665 1355 753 1414 datur
764 1357 826 1416 ulla
836 1357 970 1431 requies.

159 1436 206 1495 Ll.
249 1437 370 1495 Interim
382 1437 495 1497 litteras
508 1439 628 1512 accepit
639 1456 658 1498 a
669 1438 808 1512 Caesare,
824 1440 897 1500 utin
909 1441 1045 1500 Alricam

72 1521 243 1581 exereitum
254 1521 394 1581 traiceret
404 1521 739 1596 perqueMauritaniam
751 1525 790 1584 ad
802 1524 1045 1584 finesNumidiae

72 1605 269 1681 perveniret,
310 1604 393 1680 quod
426 1621 537 1681 magna
566 1606 617 1666 Cn.
646 1606 791 1683 Pompeio
819 1608 895 1668 luba
922 1609 1046 1670 miserat

72 1690 187 1751 auxilia
198 1689 374 1764 maioraque
385 1690 537 1751 missurus
549 1691 787 1752 existimabatur.
812 1690 926 1765 Quibus
938 1693 1044 1754 litteris

72 1774 210 1850 acceptis
232 1773 374 1834 insolenti
394 1777 550 1850 voluptate
572 1775 770 1847 efferebatur,
804 1777 888 1851 quod
910 1777 968 1837 sibi
989 1793 1044 1838 no-

72 1875 182 1919 varum
192 1858 417 1934 provinciarum
429 1866 458 1919 et
469 1860 646 1920 fertilissimi
657 1861 743 1935 regni
754 1868 837 1921 tanta
849 1860 951 1922 oblata
962 1868 1046 1923 esset

72 1944 212 2005 factdtas.
235 1943 340 2019 ltaque
357 1943 426 2018 ipse
442 1944 472 2003 in
483 1945 668 2005 Lusitaniam
685 1945 890 2019 proficiscitur
901 1947 939 2006 ad
952 1946 1044 2021 legio-

72 2044 129 2089 nes
148 2027 350 2088 areessendas
363 2028 536 2104 auxiliaque
548 2030 745 2101 adducenda;
768 2030 858 2091 certis
870 2030 1044 2092 hominibus

72 2113 126 2174 dat
143 2113 306 2187 negotium,
327 2119 361 2172 ut
377 2114 558 2173 frumentum
576 2129 734 2191 navesque
747 2123 867 2175 centum
879 2131 1044 2191 praepara-

72 2205 179 2259 rentur
200 2196 411 2272 pecuniaeque
433 2199 679 2259 describerentur
701 2205 793 2275 atque
814 2200 1044 2275 imperarentur,

72 2298 112 2342 ne
131 2297 193 2358 qua
207 2295 275 2356 res,
298 2296 365 2340 cum
387 2281 532 2357 redisset,
549 2292 726 2344 moraretur.
759 2284 886 2345 Reditus
905 2285 971 2345 eius
990 2285 1046 2344 luit

74 2366 204 2427 celerior
221 2365 353 2427 omnium
371 2365 529 2441 opinione:
552 2385 614 2429 noo
634 2368 714 2427 enim
731 2368 818 2430 labor
829 2377 881 2428 aut
890 2369 1044 2444 vigilantia

74 2451 208 2526 cupienti
219 2450 399 2526 praesertim
410 2450 525 2526 aliquid
537 2452 643 2512 Cassio
656 2453 769 2514 deerat.

157 2535 217 2596 Lll.
260 2534 405 2595 Exercitu
417 2542 523 2596 coacto
536 2536 566 2595 in
578 2552 671 2596 unum
683 2538 783 2597 locum
799 2538 907 2597 castris
920 2537 959 2596 ad
972 2536 1043 2597 Cor·

74 2620 188 2681 dubam
207 2619 316 2694 positis
340 2636 396 2694 pro
409 2621 551 2681 contione
567 2620 712 2693 militibus
730 2622 871 2697 exponit,
896 2637 973 2698 quas
992 2636 1043 2680 res

74 2704 215 2765 caesaris
233 2705 321 2763 iussu
337 2718 445 2777 gerere
463 2705 596 2776 deberet,
621 2705 843 2781 polliceturque
860 2706 907 2778 iis,
933 2721 1001 2765 eum
1013 2706 1043 2764 in

72 2788 284 2848 Mauritaniam
296 2787 480 2859 traiecisset,
500 2789 658 2850 sestertios
672 2797 817 2851 centenos
836 2806 871 2850 se
886 2791 1043 2859 daturum;

73 2875 208 2949 quintam
226 2873 292 2932 lore
308 2872 338 2930 in
349 2872 497 2948 Hispania
513 2874 672 2948 legionem.
697 2874 745 2934 Ex
763 2876 905 2936 contione
924 2890 959 2934 se
972 2873 1042 2932 Cor-

74 2958 186 3018 dubam
196 2956 313 3031 recepit
320 2971 421 3032 eoque
433 2958 501 3032 ipso
511 2958 959 3056 dietemporepostmeridiano,
975 2973 1043 3016 cum

74 3042 100 3105 in
119 3041 277 3101 basilicam
295 3039 360 3113 iret,
384 3042 508 3117 quidam
524 3042 674 3102 Minucius
687 3042 760 3117 Silo,
784 3044 879 3104 cliens
891 3043 923 3102 L.
936 3041 1041 3114 Racili,

72 3127 216 3198 libellum,
235 3124 323 3200 quasi
336 3126 451 3200 aliquid
463 3126 501 3185 ab
513 3143 550 3186 eo
563 3128 740 3202 postularet,
762 3134 796 3187 ut
812 3128 898 3187 miles
912 3125 939 3186 ei
950 3126 1041 3185 tradi·

71 3210 130 3282 dit,
156 3209 356 3283 deindepost
374 3211 521 3270 Racilium
541 3219 625 3285 (nam
646 3211 673 3269 is
695 3214 774 3271 latus
794 3211 880 3271 Cassi
898 3210 1040 3285 tegebat),

70 3295 162 3373 quasi
189 3309 374 3368 responsum
400 3302 535 3370 peteret,
569 3294 706 3355 celeriter
728 3297 799 3355 dato
822 3297 891 3355 loco
915 3311 984 3354 cum
1006 3310 1042 3355 se

68 3380 267 3449 insinuasset,
296 3378 419 3439 sinistra
438 3379 562 3454 corripit
578 3394 702 3438 versum
720 3380 890 3454 dextraque
908 3379 955 3439 bis
974 3379 1042 3439 lerit

68 3464 216 3544 pugione.
239 3462 377 3524 claruere
393 3465 513 3527 sublato
525 3463 1040 3541 litaconiuratisimpetusuniver-
