2272 4176
321 155 436 217 LIBER
457 156 536 216 VIII.
846 154 910 222 185

64 310 113 371 nni
136 312 272 388 equitatu
292 327 383 387 quem
405 316 508 384 potest
528 310 685 371 celerrime
705 311 746 373 ad
759 311 914 373 Caninium

79 481 156 540 Cum
174 488 279 541 contra
294 477 538 554 expectationem
553 478 686 539 omnium
700 479 812 541 caesar
821 480 913 542 Uxel-

64 582 84 624 n
98 566 238 626 venisset
249 566 459 640 oppidumque
472 563 618 638 operibus
631 567 769 625 clausum
779 564 911 626 animad·

64 670 70 710 ;
84 666 189 724 neque
204 651 242 711 ab
259 648 489 724 oppugnatione
503 648 607 708 recedi
626 648 745 709 videret
763 651 827 710 ulla
841 666 912 710 con·
994 726 998 733 ⁸

80 751 194 809 posse,
220 750 330 808 magna
351 741 452 794 autem
473 733 564 808 copia
589 733 731 794 frumenti
758 735 915 795 abundare

64 835 116 879 ros
139 836 179 878 ex
199 819 335 899 perfugis
363 823 543 893 cognosset,
571 833 653 893 aqua
672 818 836 893 prohibere
859 819 912 879 ho·

64 911 184 978 mptare
199 896 309 977 coepit.
338 904 463 963 Flumen
478 902 612 961 infimam
626 904 736 962 vallem
751 903 913 979 dividebat,

65 998 131 1049 tum
147 1003 245 1063 paene
260 995 393 1048 montem
409 987 558 1061 cingebat,
578 986 609 1046 in
625 1004 685 1063 quo
702 987 837 1063 positum
851 995 915 1048 eret

64 1080 139 1132 ›tum
160 1073 296 1147 undique
316 1072 465 1147 oppidum
485 1071 718 1132 Uxellodunum.
746 1072 813 1132 Hoc
827 1087 913 1131 aver-

66 1159 76 1216 i
92 1163 203 1215 natura
217 1157 413 1231 prohibebat=
431 1156 461 1214 in
476 1155 588 1215 intimIs
603 1156 683 1216 enim
700 1157 744 1217 sle
757 1156 914 1217 radicibus

69 1242 242 1315 serebatur,
267 1247 301 1301 ut
320 1243 432 1300 nullam
452 1239 483 1298 in
504 1247 621 1314 partem
640 1241 798 1317 depressis
819 1243 913 1303 fossis

64 1326 204 1400 iposset.
233 1325 307 1386 Erat
328 1332 428 1387 autem
449 1324 613 1398 oppidanis
635 1325 767 1386 difficilis
783 1333 813 1386 et
825 1342 912 1401 prae-

64 1427 100 1470 eo
118 1411 304 1484 descensus,
327 1417 363 1469 ut
383 1408 616 1484 prohibentibus
637 1410 750 1470 nostris
766 1410 912 1471 sinevul·

83 1510 121 1553 ac
142 1494 278 1569 periculo
299 1494 380 1553 vitae
400 1509 501 1567 neque
523 1494 608 1553 adire
622 1492 736 1554 flumen
751 1509 852 1570 neque
866 1511 912 1555 ar-

64 1579 205 1653 recipere
220 1586 350 1653 possent
363 1593 504 1637 ascensu.
536 1578 600 1651 Qua
615 1579 793 1639 difficultate
807 1594 910 1643 eorum

70 1663 185 1722 Caesar
200 1663 365 1736 sagittariis
381 1661 646 1739 funditoribusque
662 1663 837 1738 dispositis,
851 1671 911 1725 tor

66 1748 158 1806 etiam
181 1747 364 1822 quibusdam
384 1746 461 1806 locis
485 1754 590 1806 contra
610 1747 770 1808 lacillimos
785 1748 898 1808 descen

64 1832 188 1906 locatis,
204 1848 285 1906 aqua
300 1831 432 1891 fluminis
448 1831 630 1905 prohibebat
645 1832 829 1906 oppidanos.

66 1962 73 1973 .
91 1917 226 1990 Quorum
241 1917 338 1976 omnis
347 1916 912 1992 posteamultitudoaquatorumuntun

64 2018 83 2059 n
102 2000 303 2061 conveniebat
317 2002 374 2061 sub
389 2001 487 2075 ipsius
503 2000 608 2075 oppidi
622 2018 756 2077 murum,
782 2001 834 2062 ubi
849 2018 911 2063 ma-

64 2102 103 2144 ns
119 2101 218 2160 aquae
232 2086 452 2159 prorumpebat
466 2085 504 2144 ab
519 2101 556 2144 ea
570 2093 666 2160 parte,
688 2103 767 2162 quae
782 2089 846 2146 lere
857 2102 909 2162 pe—

65 2187 80 2232 c
102 2171 260 2230 intcrvallo
279 2169 412 2230 fluminIs
435 2170 562 2230 circuitu
581 2171 720 2231 vacabat.
748 2172 814 2232 Hoc
828 2173 912 2232 lonte

64 2257 94 2316 ri
109 2272 206 2331 posse
222 2257 398 2330 oppidanos
412 2271 482 2315 curn
498 2261 639 2329 optarent
651 2256 776 2332 reliqui,
798 2255 912 2317 Caesar

64 2342 164 2415 deret,
181 2357 197 2399 e
211 2341 337 2414 regione
351 2342 418 2400 eius
433 2342 539 2399 vineas
555 2355 647 2414 agere
661 2341 810 2401 adversus
825 2356 910 2401 mon-

68 2441 212 2500 aggerem
233 2425 385 2485 iustruere
406 2426 507 2499 coepit
528 2440 638 2498 magno
661 2442 730 2485 curn
750 2426 856 2485 labore
881 2432 911 2487 et

64 2510 309 2570 adimicatione.
356 2509 507 2584 Oppidani
539 2509 619 2568 enim
650 2512 719 2571 loco
749 2510 911 2585 superiore

64 2601 102 2653 nt
123 2600 153 2652 et
174 2595 290 2653 eminus
317 2595 384 2653 sine
409 2594 545 2668 periculo
573 2596 760 2668 proeliantur
784 2596 908 2655 multos-

64 2679 214 2738 rtinaciter
240 2679 442 2738 succedentes
468 2681 645 2748 vulnerant3
670 2696 732 2742 non
754 2679 908 2739 deterren-

65 2779 104 2822 cn
126 2763 235 2822 milites
257 2763 355 2823 nostri
375 2764 481 2822 vineas
498 2764 637 2838 prolerre
655 2771 685 2822 et
699 2764 803 2823 labore
818 2771 910 2839 atque

64 2865 84 2907 s
101 2850 238 2906 locorum
251 2849 376 2907 vincere
398 2847 603 2907 difficultates.
641 2848 758 2909 Eodem
771 2855 909 2923 ternpore

64 2949 95 2992 >s
117 2939 214 2992 tectos
235 2933 272 2991 ab
295 2933 393 2992 vineis
416 2940 509 3005 agunt
528 2933 568 2991 ad
582 2940 675 3006 caput
689 2933 799 3001 lontis;
826 2934 910 3007 quod
955 2982 959 2987 .

66 3017 153 3091 peris
169 3017 235 3076 sine
250 3019 312 3077 ullo
328 3017 480 3091 periculo,
502 3016 569 3077 sine
584 3017 762 3090 suspicione
776 3016 909 3078 hostium

64 3102 171 3162 icebat.
192 3100 365 3161 Exstruitur
380 3117 473 3174 agger
486 3101 517 3161 in
532 3102 718 3161 altitudinem
732 3101 845 3176 pedum
860 3117 908 3163 se

64 3234 72 3262 ,
100 3188 279 3246 conlocatur
293 3188 324 3245 in
340 3203 376 3245 eo
392 3186 482 3246 turris
497 3203 518 3244 x
532 3186 750 3260 tabulatormn,
765 3201 828 3245 non
843 3186 907 3263 qui-

64 3286 97 3329 ae
111 3271 273 3331 moenibus
289 3277 435 3345 aequaret
449 3271 494 3344 (id
505 3269 584 3329 enim
598 3270 688 3329 nullis
704 3270 849 3344 operibus
864 3272 906 3332 el-

64 3360 147 3431 trat),
173 3357 229 3415 sed
250 3371 330 3432 quae
351 3370 499 3430 superare
514 3354 605 3415 sontis
622 3354 776 3430 fastigium
788 3366 907 3432 posset

64 3458 108 3503 nn
121 3443 182 3500 tela
193 3442 349 3501 tormentis
365 3442 536 3503 iacerentur
550 3442 590 3500 ad
605 3439 696 3501 fontis
711 3439 831 3505 aditum-
849 3456 908 3488 nan
