2272 4176
65 466 129 533 400
371 464 530 529 BELLUM
548 464 728 531 tamem

67 637 102 683 se
115 621 295 699 reciperent,
309 624 398 685 tertio
414 622 487 699 petit
501 620 540 680 ab
554 620 609 696 eis,
624 627 658 682 ut
671 620 731 682 sibi
745 620 892 699 coniuges
907 622 1024 687 liberos

66 723 127 783 que
141 708 318 783 redderent,
343 713 377 768 ut
396 722 501 769 secum
516 721 572 766 eos
586 712 770 780 asportaret
798 706 963 783 Postquam
975 706 1024 771 sbi

66 792 137 852 nibil
159 794 280 855 omnino
301 792 473 867 oppidanos
499 790 642 864 responsi
665 790 798 853 reddere
818 792 1024 868 unboadvertit,

65 878 147 936 nulla
160 891 195 935 re
209 877 248 936 ab
269 877 316 937 his
338 876 496 949 impetrata
517 874 555 933 ab
569 874 662 934 Zama
675 876 808 936 discedit
822 884 914 953 atque
928 878 966 937 ad
980 878 1024 937 ril-

64 963 124 1021 lam
139 976 226 1021 suam
241 977 309 1021 cum
319 960 358 1019 M.
372 959 490 1019 Petreio
506 959 675 1033 paucisque
691 960 846 1034 equitibus
861 977 897 1023 se
911 963 1024 1022 confert

147 1044 233 1104 xcll.
255 1045 420 1103 Zamenses
435 1043 553 1103 interim
567 1044 684 1118 legatos
697 1043 736 1102 de
751 1044 799 1105 his
812 1046 907 1107 rebus
918 1045 1025 1105 adCae

66 1145 165 1190 sarem
173 1129 288 1189 Uticam
302 1130 421 1189 mittunt
436 1133 603 1202 petuntque
618 1128 656 1186 ab
672 1144 719 1200 eo,
734 1130 788 1202 uti,
805 1136 969 1206 antequam
980 1146 1027 1191 rex

65 1229 185 1273 manum
202 1215 357 1287 colligeret
372 1228 504 1286 seseque
520 1218 721 1286 oppugnaret,
737 1212 797 1271 sibi
812 1214 958 1275 auxilium
970 1215 1027 1275 mit·

65 1305 156 1358 teret:
172 1313 207 1356 se
221 1305 319 1357 tamen
338 1304 461 1371 paratos
477 1311 548 1355 esse
562 1296 636 1370 sibi,
653 1296 756 1371 quoad
770 1297 834 1357 vila
848 1304 1026 1374 suppeteret,

66 1383 213 1456 oppidum
229 1397 324 1456 seque
339 1381 366 1439 ei
381 1396 549 1440 reservare.
568 1380 701 1454 Legatos
717 1382 911 1443 collaudatos
927 1383 1028 1444 Caesar

66 1468 188 1526 domum
202 1466 284 1524 iubet
296 1467 477 1524 antecedere
489 1479 523 1523 ac
536 1480 625 1523 suum
637 1464 801 1524 adventum
813 1469 1027 1539 praenuntiare.

66 1552 136 1625 lpse
152 1558 276 1624 postero
298 1550 347 1608 die
362 1549 449 1609 Utica
463 1564 608 1623 egressus
630 1564 698 1607 cum
712 1550 851 1623 equitatu
866 1552 896 1609 in
911 1567 1026 1627 regnum

65 1637 109 1695 ire
134 1635 298 1694 contendit.
336 1634 457 1692 Interim
479 1634 509 1692 in
530 1634 636 1692 itinere
657 1647 696 1691 ex
717 1634 810 1708 regiis
827 1636 929 1709 copiis
943 1637 1027 1697 duces

66 1720 238 1793 complures
251 1720 290 1790 ad
300 1717 459 1776 Caesarem
472 1719 595 1776 veniunt
603 1716 761 1792 orantque,
770 1726 804 1777 ut
814 1718 875 1778 sibi
887 1720 1027 1794 ignoscat.

66 1804 181 1877 Quibus
196 1802 385 1876 supplicibus
401 1802 490 1860 venia
505 1802 575 1861 data
588 1802 711 1860 Zamam
726 1804 875 1876 pervenit.
904 1805 1028 1867 Rumore

67 1888 182 1947 interim
205 1889 321 1961 perlato
342 1887 381 1945 de
402 1887 467 1945 elus
489 1887 609 1946 lenitate
629 1887 853 1962 clementiaque
873 1905 1027 1965 propemo-

67 1973 138 2032 dum
159 1987 265 2031 omnes
286 1970 371 2044 regni
393 1971 510 2045 equites
533 1971 653 2029 Zamam
669 1972 852 2045 perveniunt
871 1973 914 2032 ad
929 1972 1026 2034 Caesa

67 2071 130 2115 rem
145 2057 182 2114 ab
197 2071 296 2129 eoque
312 2061 382 2113 sunt
396 2063 476 2112 melu
492 2056 688 2129 periculoque
703 2055 831 2116 liberati.
876 2078 879 2083 ·

149 2140 247 2200 XClll.
271 2140 347 2198 llum
363 2139 437 2198 haee
452 2139 614 2213 utrobique
625 2147 779 2212 geruntur,
796 2140 970 2215 Considius,
985 2142 1027 2217 qui

66 2224 213 2298 Thisdrae
228 2238 296 2282 cum
312 2223 423 2280 launilia
437 2239 508 2295 sua,
535 2223 714 2296 gladiatoria
729 2240 821 2283 manu
838 2226 1028 2301 Gaetulisque

67 2315 220 2382 praeerat,
248 2307 369 2380 cognita
390 2307 484 2365 caede
499 2323 625 2366 suorum
643 2308 822 2381 Domitiique
839 2317 870 2368 et
884 2311 1027 2385 legionum

67 2392 198 2451 adventu
215 2391 390 2464 perterritus
406 2391 569 2464 desperata
584 2394 680 2450 salute
696 2392 843 2466 oppidum
861 2395 976 2455 deserit
987 2410 1027 2454 se·

67 2491 127 2549 que
143 2478 218 2533 elam
241 2491 308 2533 cum
330 2474 436 2549 paneis
453 2475 589 2534 barbaris
606 2477 734 2549 pecunia
749 2485 880 2537 onustus
895 2479 1029 2540 subducit

67 2568 156 2632 alque
171 2559 199 2617 in
217 2574 340 2632 regnum
355 2561 458 2632 lugere
474 2561 637 2619 contendit.
668 2560 760 2633 Quem
777 2561 906 2635 Gaetuli,
922 2565 969 2623 sui
984 2579 1027 2624 eo·

66 2644 162 2713 mites,
178 2644 207 2700 in
224 2644 329 2700 itinere
345 2644 477 2717 praedae
493 2645 593 2718 cupidi
610 2645 772 2704 concidunt
786 2660 885 2720 seque
898 2648 928 2706 in
945 2663 1025 2723 quas·

67 2742 195 2802 cumque
218 2735 343 2801 potuere
365 2728 459 2802 partis
480 2730 647 2788 conterunt,
687 2728 717 2787 C.
739 2729 859 2789 interim
872 2731 1028 2806 Vergilius,

66 2820 229 2886 postquam
251 2819 331 2870 terra
350 2811 487 2885 marique
505 2814 633 2872 clausus
648 2828 682 2871 se
697 2811 767 2871 nihil
784 2813 939 2888 proficere
953 2816 1028 2876 intel-

66 2897 139 2954 lexit
153 2911 290 2970 suosque
307 2896 481 2954 interlectos
498 2904 550 2956 aut
564 2899 693 2971 fugatos,
709 2896 749 2955 M.
769 2897 916 2958 Catonem
931 2900 1028 2961 Uticae

67 2980 123 3038 sibi
145 2980 244 3053 ipsum
266 2996 372 3038 manus
389 2981 540 3053 attulisse,
566 2997 668 3054 regem
681 2997 791 3055 vagum
806 2997 825 3040 a
840 2985 970 3058 suisque
984 2985 1029 3043 de·

67 3071 180 3122 sertum
195 3063 232 3122 ab
249 3063 387 3123 omnibus
404 3065 575 3138 aspernari,
599 3064 762 3124 Saburram
783 3066 916 3141 eiusque
931 3069 1030 3144 copias

66 3148 104 3206 ab
120 3147 206 3207 Sittio
222 3161 292 3205 esse
314 3147 444 3219 deletaS,
470 3149 575 3208 Uticae
591 3150 750 3231 Caesarem
767 3149 835 3209 sine
849 3168 939 3212 mora
953 3167 1029 3212 rece·

66 3240 158 3305 plum,
176 3232 214 3289 de
229 3237 311 3289 tanto
324 3232 459 3290 exercitu
471 3233 615 3308 reliquias
627 3248 698 3292 esse
712 3234 820 3307 nullas,
837 3236 897 3294 sibi
909 3237 1029 3311 suisque

65 3316 167 3374 liberis
184 3330 202 3373 a
217 3315 340 3375 Caninio
359 3318 552 3388 proconsule,
570 3318 621 3393 qui
636 3334 703 3376 eum
720 3317 892 3392 obsidebat,
908 3319 970 3379 lide
985 3335 1029 3379 ac-

67 3407 156 3474 cepta
170 3413 267 3472 seque
281 3406 311 3458 et
336 3415 392 3458 sua
407 3400 508 3459 omnia
525 3409 554 3462 et
575 3402 722 3476 oppidum
745 3405 925 3476 proconsuli
940 3405 1030 3464 tradit

147 3483 249 3543 XClV.
280 3485 346 3544 Rex
366 3484 482 3543 interim
504 3486 541 3544 ab
569 3487 708 3548 omnibus
735 3487 908 3548 civitatibus
934 3491 1030 3549 exclu-

66 3582 120 3625 sus
136 3568 299 3642 desperata
313 3570 425 3642 salute,
453 3585 521 3628 cum
537 3571 594 3630 iam
616 3578 762 3631 coenatus
784 3578 870 3630 esset
892 3588 960 3631 cum
981 3572 1030 3631 Pe

11 3686 14 3691 -
64 3651 150 3723 treio,
165 3659 198 3710 ut
213 3668 280 3711 eum
295 3654 403 3712 virtute
418 3654 565 3715 interlecti
580 3672 650 3714 esse
666 3655 849 3727 viderentur,
867 3656 949 3717 lerro
961 3657 1032 3716 inter

65 3748 101 3793 se
116 3734 305 3811 depugnant,
320 3743 413 3813 atque
427 3739 542 3799 firmior
555 3739 781 3799 imbecilliorem
796 3739 872 3800 iuba
885 3740 1029 3801 Petreium

535 4022 594 4100 f
