2302 4192
255 198 297 240 nr:
319 197 422 241 annno
445 196 695 241 1vnunrra1uoc.
718 188 761 244 71.
781 187 824 243 72.
847 187 890 244 ta.
1024 177 1062 241 81

72 349 245 412 cruciatum
265 345 371 408 mallet.
397 346 447 408 Set
462 364 530 408 cum
544 364 596 408 eae
610 345 723 408 litterae
746 345 873 417 adlatae,
894 346 970 408 sorte
985 346 1062 408 Nab-
1074 349 1111 410 71

75 431 163 495 dalsa
184 432 312 501 exercito
329 447 454 508 corpore
471 431 566 492 sessus
589 431 619 490 in
641 430 717 491 lecto
732 430 908 510 quiescebat,
924 429 976 491 ubi
993 442 1090 509 cog-2

76 517 149 579 nitis
162 513 334 577 Bomilcaris
352 515 449 574 verbis
464 516 559 592 primo
576 532 656 583 cura,
673 515 787 585 deinde,
808 516 851 575 uti
865 531 987 592 aegrum
1004 518 1066 575 ani-

77 618 165 661 mum
184 599 278 669 solet,
301 615 421 659 somnus
442 600 526 676 cepit.
562 597 633 658 Erat
648 599 674 658 ei
690 597 814 660 Numida
836 599 954 678 quidam
971 605 1090 676 nego-3

77 686 191 745 tiorum
207 688 340 753 curator,
360 683 435 745 lidus
455 688 650 760 acceptusque
673 689 702 743 et
724 684 854 744 omnium
877 684 1065 744 consiliorum

77 768 137 829 nisi
151 767 310 842 novissumi
320 768 476 845 particeps.
499 766 555 836 Qui
566 772 721 845 postquam
736 767 845 828 adlatas
859 765 970 829 litteras
984 767 1091 828 audi-4

76 852 120 912 rit
143 857 172 910 et
195 869 230 911 ex
253 850 464 912 consuetudine
485 856 567 910 ratus
588 867 678 927 opera
700 857 751 912 aut
775 853 891 928 ingenio
910 868 963 911 suo
991 869 1065 928 opus

79 952 147 997 esse
174 936 205 995 in
233 932 456 995 tabernaculum
478 934 602 1004 introiit,
632 935 795 995 dormiente
823 934 872 996 illo
900 935 1063 1012 epistulam,

79 1036 172 1096 super
197 1025 284 1097 caput
302 1019 332 1078 in
354 1017 472 1097 pulvino
494 1025 606 1078 temere
628 1020 761 1095 positam,
779 1020 867 1079 sumit
881 1036 916 1079 ac
930 1019 1064 1096 perlegit,

66 1102 153 1165 ‚dein
174 1117 302 1181 propere
323 1103 446 1178 coguitis
463 1101 574 1163 insidiis
592 1100 629 1162 ad
650 1118 751 1179 regem
768 1103 874 1180 pergit.
918 1101 1091 1164 Nabdalsab

79 1185 170 1267 paulo
192 1191 260 1263 post
282 1191 487 1264 experrectus,
514 1185 567 1246 ubi
594 1199 690 1264 neque
713 1185 866 1264 epistulam
886 1188 1017 1266 repperit
1037 1194 1067 1248 et

79 1288 147 1331 rem
164 1286 281 1330 omnem
296 1271 338 1330 uti
353 1275 415 1331 acta
431 1276 494 1331 erat
508 1271 653 1346 cognovit,
677 1271 771 1348 primo
786 1270 912 1332 indicem
928 1271 1067 1350 persequi

83 1361 221 1424 conatus,
233 1359 388 1432 postquam
398 1353 428 1414 id
439 1352 548 1414 frustra
560 1353 627 1421 luit,
645 1353 817 1430 Iugurtham
827 1352 961 1432 placandi
973 1356 1065 1431 gratia

82 1437 213 1499 adcedit:
235 1436 318 1506 dicit,
336 1454 410 1516 quac
427 1438 489 1515 ipse
506 1438 666 1514 paravisset
680 1438 792 1506 iacere,
815 1438 937 1516 pertidia
953 1438 1066 1498 clientis

66 1522 129 1583 isui
149 1505 506 1600 prmrentazlacrumans
528 1520 689 1581 obtestatur
702 1537 757 1600 per
776 1521 931 1581 amicitiam
952 1539 1065 1600 perque

82 1623 136 1666 sua
157 1610 241 1665 antea
256 1602 378 1666 fideliter
392 1611 456 1666 acta
473 1622 510 1665 ne
525 1622 614 1684 snper
628 1603 678 1664 tali
692 1603 803 1666 scelere
819 1611 987 1683 suspectum
1002 1621 1065 1664 sese

81 1688 215 1750 baberet.
257 1689 301 1749 td
324 1707 358 1750 ea
378 1706 445 1759 rex,
473 1687 556 1749 aliter
571 1694 658 1768 atque
679 1690 776 1749 animo
798 1687 928 1766 gerebat,
950 1686 1115 1765 placide72

82 1772 244 1852 respondit.
268 1771 431 1834 Bomilcare
448 1772 568 1851 aliisque
583 1772 690 1842 multis,
703 1790 778 1852 quos
787 1773 883 1833 socios
894 1771 1064 1832 insidiarum

83 1862 277 1935 cognoverat,
305 1856 466 1918 interfectis
493 1858 568 1919 iram
595 1855 797 1935 obpresserat,
826 1872 864 1916 ne
886 1874 943 1934 qua
965 1874 1001 1917 ex
1029 1871 1064 1915 eo

66 1942 201 2018 tnegotio
220 1940 322 2001 seditio
338 1946 481 2002 oreretur.
512 1939 614 2018 Neque
634 1947 701 2017 post
715 1940 744 2001 id
757 1941 891 2001 locorum
906 1938 1091 2017 Iugurthaet

78 2026 144 2089 dies
166 2031 216 2086 aut
243 2023 382 2084 nonulla
404 2024 500 2102 quieta
522 2024 592 2084 fuit:
621 2042 718 2102 neque
741 2023 808 2086 loco
826 2041 923 2103 neque
949 2021 1064 2084 mortali

76 2110 218 2188 cuiquam
240 2114 291 2169 aut
311 2110 437 2187 tempori
463 2111 532 2169 satis
554 2107 691 2177 credere,
724 2108 792 2168 civis
810 2104 963 2187 bustisque
986 2109 1063 2168 iuxta

73 2198 222 2261 metuere,
239 2193 484 2270 circumspectare
501 2193 597 2253 omnia
613 2198 641 2252 et
662 2193 742 2252 omui
759 2192 881 2269 strepitu
897 2209 1063 2269 pavescere,

73 2276 137 2339 alio
153 2282 240 2356 atque
255 2274 311 2336 alio
325 2275 399 2345 loco,
415 2293 502 2355 saepe
517 2282 619 2336 contra
635 2275 724 2337 decus
737 2277 853 2353 regium
867 2281 957 2335 noctu
967 2275 1064 2353 requi-

76 2377 197 2429 escere,
224 2360 372 2421 interdum
386 2377 489 2420 somno
503 2366 693 2439 experrectus
709 2359 837 2438 adreptis
852 2360 941 2420 armis
955 2355 1062 2419 tumul-¹

75 2453 144 2507 tum
164 2443 278 2505 iacere:
301 2446 340 2504 ita
359 2443 515 2504 formidine
538 2445 619 2522 quasi
636 2444 770 2504 vecordia
794 2445 943 2520 exagitari.

166 2526 258 2603 Igitur
275 2526 421 2597 Metellus,
444 2526 496 2587 ubi
513 2527 549 2588 de
569 2544 638 2588 casu
656 2527 828 2589 bomilcaris
846 2532 875 2587 et
892 2526 998 2586 iudicio
1009 2528 1106 2604 pa-'ld

75 2611 188 2675 tefacto
203 2628 238 2670 ex
258 2610 389 2688 perfugis
405 2613 553 2687 cognovit,
575 2627 679 2672 rursus
696 2616 845 2690 tamquam
863 2609 900 2670 ad
915 2612 1063 2687 integrum

75 2693 191 2757 bellum
212 2700 315 2755 cuncta
336 2701 420 2772 parat
446 2692 630 2773 festinatque.
680 2695 817 2764 Marium,
837 2694 1004 2771 fatigantem
1027 2692 1090 2755 det

76 2778 260 2861 proiectione
283 2778 369 2838 simul
391 2786 420 2839 et
440 2779 563 2839 invisum
586 2784 615 2838 et
637 2778 791 2840 obtensum
810 2776 983 2855 sibiparnm
1002 2774 1064 2836 ido·

76 2880 171 2925 neum
197 2868 293 2931 ratus,
319 2860 438 2923 domum
460 2861 583 2923 dimittit.

164 2944 201 3005 Et
222 2946 336 3007 Romae
356 2945 458 3023 plebes
479 2946 596 3015 litteris,
625 2963 700 3025 quae
722 2945 759 3006 de
780 2942 896 3005 lletello
917 2961 952 3004 ac
973 2940 1091 3003 Marion

76 3030 186 3091 missae
204 3034 303 3098 erant,
328 3031 451 3106 cognitis
471 3028 577 3090 volenti
598 3031 694 3089 animo
716 3027 752 3090 de
775 3027 919 3088 ambobus
941 3043 1064 3102 accepe-

75 3118 156 3175 rant.
188 3113 353 3190 lnperatori
367 3112 512 3184 nobilitas,
536 3131 611 3193 quae
633 3119 718 3173 antea
739 3113 839 3173 decori
858 3111 968 3179 iuerat,
991 3109 1092 3175 invi-4

66 3196 145 3259 diae
161 3214 240 3257 esse:
255 3202 285 3256 at
300 3195 340 3256 illi
358 3196 442 3258 alteri
456 3199 574 3274 generis
587 3196 735 3257 humilitas
747 3195 878 3256 savorem
894 3192 1061 3255 addiderat:

77 3288 212 3343 ceterum
232 3280 262 3340 in
283 3287 411 3360 utroque
431 3282 524 3359 magis
540 3280 635 3342 studia
655 3282 783 3358 partium
806 3297 891 3357 quam
914 3278 990 3337 bona
1014 3280 1064 3336 aut

75 3363 156 3427 mala
175 3381 228 3425 sua
250 3364 411 3426 moderata.
441 3364 598 3426 Praeterea
615 3365 743 3424 seditiosi
760 3365 949 3440 magistratus
961 3360 1096 3434 dulgente

75 3450 238 3524 exagitare,
261 3446 411 3513 Metellum
426 3448 569 3516 omnibus
583 3449 779 3515 contionibus
792 3448 901 3527 eapitis
920 3455 1098 3503 arcemus»

112 3543 249 3599 omues.
931 3538 961 3598 io
