2272 4176
255 152 414 214 BELLUM
433 152 750 217 ALfflh'DRffl-'bh
923 148 987 213 ola

54 326 126 373 mes
140 312 252 369 evocat
263 308 406 379 Tarsum,
421 306 505 380 quod
519 307 667 382 oppidum
682 311 746 370 lere
759 312 851 371 lolius
866 294 990 371 Ciliciae

54 393 241 457 bilissimiun
256 391 515 465 lortissimumque
528 399 584 451 est
598 391 643 451 Ibi
656 394 749 454 rebus
763 396 904 455 omnibus
915 411 985 470 pro

54 479 135 543 aciae
149 484 181 537 et
191 476 383 536 finitimarum
394 477 548 534 eii-itatiun
560 478 730 538 constitutis
742 479 904 555 cupiditate
916 496 985 554 pro·

54 562 178 626 iscendi
192 561 232 620 ad
246 561 358 619 bellum
378 560 546 633 gerendum
566 577 627 620 non
649 562 762 623 diutius
776 570 910 623 moratur
923 580 985 622 irra-

55 650 149 724 isque
164 644 321 705 itineribus
336 659 391 719 per
400 644 625 718 Cappadociam
636 646 783 707 conlectis
790 647 916 706 biduum
922 646 985 705 illa-

54 749 110 794 cae
126 736 332 791 commoratus
348 728 480 787 Comana
498 730 595 801 venit,
618 733 857 792 retuslissimum
872 740 901 790 et
915 748 971 790 san

55 817 185 878 ssimum
205 814 235 872 in
251 812 446 887 Cappadocia
459 812 604 872 Bellonae
622 817 781 889 templum,
806 815 890 889 quod
904 822 986 875 anta

54 901 164 976 ligione
180 898 303 969 colitur,
318 904 352 955 ut
366 896 513 954 sacerdos
528 897 595 955 eius
611 898 688 957 deae
702 900 875 970 maiestate,
891 899 985 974 irnpe-

54 1007 74 1059 ι,
100 982 239 1060 potentia
258 981 414 1040 secundus
436 996 454 1037 a
469 995 541 1053 rege
557 997 710 1041 consensu
724 984 823 1056 gentis
837 983 917 1042 illius
932 983 984 1043 ha-

54 1077 134 1133 atur.
163 1067 198 1125 ld
216 1065 330 1124 homini
351 1064 542 1124 nobilissimo
556 1065 722 1142 Lycomcdi
737 1068 880 1144 Bithynio
901 1067 985 1126 adiu-

54 1154 144 1221 ravit3
171 1149 223 1224 qui
237 1149 321 1223 regio
337 1148 551 1222 Cappadocum
566 1165 679 1222 genere
694 1158 778 1210 ortus
794 1158 919 1226 propter
932 1151 985 1209 ad·

54 1253 137 1298 rsam
153 1237 303 1294 lonunam
320 1233 466 1292 maiorum
482 1248 605 1291 suorum
621 1236 878 1310 mutationemque
892 1250 984 1310 gene

54 1360 56 1377 .
77 1322 146 1380 iure
167 1318 288 1376 minime
309 1316 402 1376 dubio
417 1323 567 1376 velustate
582 1324 681 1376 tamen
697 1320 869 1380 intermisso
884 1333 985 1378 saeer-

56 1407 131 1465 tium
145 1404 177 1462 id
192 1401 349 1476 repetebat
379 1400 474 1459 Fratri
489 1408 587 1459 aulem
603 1402 985 1477 AriobarzanisAriarathi,

54 1507 84 1549 m
100 1485 318 1548 benemeritus
335 1491 463 1559 uterque
478 1500 583 1543 eorum
599 1486 638 1544 dc
653 1488 811 1560 republica
824 1496 924 1560 esset,
946 1503 985 1547 nc

53 1571 168 1647 tregni
182 1569 336 1629 hereditas
347 1568 526 1627 Ariarathen
542 1568 718 1630 sollicitaret
731 1580 782 1631 aut
795 1572 884 1631 heres
899 1572 984 1645 regni

54 1664 142 1717 reret
149 1654 386 1723 Ariobarzanen,
402 1653 544 1712 adtribuit
556 1653 638 1726 quod
654 1655 792 1715 sabelus
807 1656 933 1730 imperio
949 1672 984 1717 ac

54 1744 137 1802 :ione
152 1745 244 1798 esset.
274 1739 344 1812 lpse
365 1738 420 1796 iter
441 1738 593 1811 inceptum
608 1737 697 1798 simili
710 1741 871 1800 velocitate
891 1739 980 1800 conli-

54 1843 84 1886 re
100 1822 212 1896 eoepit.

98 1907 217 1967 LXVII.
253 1904 325 1964 Cum
349 1905 475 1979 propius
497 1905 623 1967 Pontum
651 1907 790 1982 lincsque
811 1908 977 1983 Gallograe

54 2009 79 2053 rc
94 1991 290 2062 accessisset,
306 1990 473 2059 Deiotarus,
491 1991 656 2051 tetrarches
673 1992 899 2066 Gallograeciae
913 2001 983 2054 tunc

54 2079 138 2138 idem
155 2091 252 2150 paene
268 2073 368 2146 totius,
386 2075 468 2147 quod
484 2075 512 2132 ei
530 2092 630 2149 neque
646 2076 763 2150 legibus
780 2092 880 2151 neque
894 2078 983 2137 mori-

55 2180 71 2224 s
87 2175 272 2222 concessum
288 2175 359 2217 esse
375 2159 464 2218 ceteri
482 2160 649 2218 tetrarchae
666 2161 902 2235 contendebant,
917 2162 983 2222 sine

55 2248 107 2307 hio
124 2254 224 2305 autem
240 2259 295 2301 rex
309 2243 470 2300 Armeniae
487 2245 609 2303 nriuoris
625 2245 662 2302 ab
679 2254 785 2305 senatu
801 2247 982 2319 appellatus

54 2331 165 2406 positis
181 2329 272 2402 regiis
288 2327 467 2401 insignibus,
486 2344 585 2402 neque
601 2337 714 2387 tantum
732 2330 848 2403 priuato
863 2331 982 2404 vestitu,

54 2415 175 2475 letiam
192 2429 311 2471 reorum
327 2411 429 2471 habitu
445 2415 576 2486 supplex
592 2414 629 2473 ad
644 2412 803 2473 Caesarem
819 2414 901 2473 venit
915 2431 981 2475 ora-

54 2517 83 2573 n,
100 2507 135 2557 ut
150 2498 207 2556 sihi
221 2497 399 2571 ignosceret,
417 2499 498 2569 quod
512 2499 539 2555 in
553 2515 589 2556 ea
600 2507 684 2571 parte
697 2500 813 2572 positus
827 2507 981 2573 terrarum,

55 2600 93 2644 ae
109 2584 192 2642 nulla
201 2583 351 2655 praesidia
360 2582 499 2640 Caesaris
514 2582 679 2654 habuisset,
692 2583 875 2642 exercitibus
888 2583 980 2658 impe-

54 2683 129 2745 sque
145 2668 173 2725 in
191 2667 243 2725 Cn.
258 2666 381 2739 Pompei
399 2666 506 2724 castris
524 2666 647 2726 luisset:
671 2683 770 2742 neque
786 2667 864 2726 enim
880 2668 982 2727 sede·

53 2756 118 2813 isse
135 2751 263 2810 iudicem
279 2766 349 2810 esse
366 2750 641 2809 controversiarum
656 2752 762 2827 populi
774 2751 910 2827 Romani,
926 2751 979 2814 sed

54 2853 121 2899 rere
138 2835 349 2909 praesentibus
367 2835 509 2908 imperiis.

94 2920 216 2980 LXVlll
250 2920 358 2979 Contra
380 2937 469 2994 quern
486 2921 578 2979 Cesar
600 2937 666 2979 trum
682 2920 810 2995 plurima
823 2936 880 2980 sua
898 2936 976 2985 com·

54 3011 215 3065 rmorassct
229 3004 344 3075 olfieia,
371 3021 451 3078 quae
467 3005 574 3064 consul
591 3004 618 3063 ei
634 3005 765 3065 decretis
784 3005 913 3080 publicis
929 3004 981 3065 tri-

54 3089 145 3162 issct‚
173 3104 302 3163 cumque
318 3089 519 3149 delectionem
534 3089 600 3148 eius
616 3091 727 3149 nullam
742 3105 837 3165 posse
851 3103 979 3149 exeusa-

54 3190 124 3234 nem
148 3173 365 3248 imprudentiae
387 3175 523 3247 recipere
548 3174 752 3247 coarguisset,
779 3173 862 3248 quod
887 3173 978 3233 homo

54 3265 112 3318 ttae
130 3258 308 3332 prudentiae
324 3273 359 3317 ae
374 3259 546 3332 diligentiae
561 3257 640 3317 scire
659 3259 822 3332 potuisset,
846 3258 913 3333 quis
929 3276 974 3318 ur·

54 3359 81 3404 m
96 3342 276 3417 Italiamque
292 3350 419 3415 teneret,
448 3343 499 3403 ubi
522 3350 646 3402 senalus
662 3345 855 3420 populusque
869 3343 976 3404 Roma-

54 3444 83 3502 s,
97 3428 152 3489 uhi
167 3427 341 3502 respublica
356 3435 446 3504 essct,
464 3428 515 3505 qui
530 3429 663 3504 denique
677 3437 750 3505 post
762 3428 795 3488 L.
810 3428 977 3503 Lentulum,
