2272 4176
10 39 192 157 W

444 180 560 242 LIBER
580 182 631 241 Vl.
964 182 1023 245 lta

48 332 254 412 procumbunt
265 348 377 411 neque,
389 334 416 395 si
429 352 490 412 quo
502 336 645 397 adllictae
657 352 732 396 casu
744 335 950 411 conciderunt,
967 339 1023 397 eri-

48 436 117 497 gere
130 434 206 481 sese
218 427 273 480 aut
284 420 446 480 sublevare
458 429 596 496 possunt.
613 422 667 482 His
681 428 753 480 sunt
763 421 890 480 arbores
904 438 958 496 pro
972 438 1023 485 ou·

10 542 13 595 5
48 504 174 566 ιιιιιιιιιι
191 505 231 564 ad
247 521 301 566 eas
319 521 354 566 se
368 506 524 581 adplicant
537 515 628 583 atque
643 507 683 567 ita
698 507 822 581 paulurn
834 506 925 566 modo
938 509 1022 568 resb-

10 614 13 631 =
48 599 134 651 natae
149 591 287 667 quietem
303 591 435 666 capiunt
462 591 592 665 Quarum
610 609 648 652 ex
661 591 798 666 vestigiis
815 607 884 650 cum
900 600 947 651 est
961 592 1022 651 ani—

49 676 243 736 madversum
264 692 283 735 a
302 676 514 752 venatoribus,
545 695 607 753 quo
629 693 663 737 se
684 676 823 751 recipere
839 677 1022 751 consuerint,

10 786 13 835 l
50 775 153 822 omnes
177 776 216 822 eo
240 763 310 822 loco
331 768 384 820 aut
402 761 441 821 ab
462 763 618 823 radicibus
640 763 791 823 subruunt
811 769 862 821 aut
883 762 1024 822 accidunt

10 846 187 939 labores,
202 853 319 911 tantum
335 851 369 906 ut
385 862 504 906 summa
521 849 643 921 specles
662 854 806 907 earumst
795 847 919 905 tantiurn
934 847 1022 905 relin—

10 920 168 1009 '.quatur
184 931 253 991 Huc
269 947 337 991 curn
352 946 386 991 se
404 933 625 992 consuetudine
639 932 871 1029 reclinaverunt,
888 931 1023 991 infirmas
1104 993 1107 999 ,

10 1094 12 1105 .
52 1017 175 1078 arbores
193 1016 332 1091 pondere
347 1014 598 1092 adlliguntatque
610 1034 671 1078 una
685 1017 772 1091 ipsae
791 1016 964 1075 concidunt.

128 1102 266 1163 XXVIII.
287 1100 419 1160 Tertium
435 1109 483 1160 est
497 1118 594 1176 gertus
610 1118 725 1175 eorum,
742 1101 792 1176 qui
805 1100 850 1160 uri
866 1102 1018 1198 appellan-

10 1184 103 1249 'tun
130 1187 171 1247 Hi
189 1193 262 1247 sunt
275 1186 480 1261 magnitudine
496 1189 587 1261 paulo
604 1187 681 1247 inlra
696 1185 891 1260 elephantos,
918 1186 1022 1260 specie

10 1278 79 1330 ιιι
92 1273 199 1333 colore
215 1278 245 1331 et
261 1270 360 1345 ligura
374 1272 463 1330 tauri
498 1271 609 1347 Magna
624 1272 670 1332 vls
687 1287 792 1331 eorum
808 1279 856 1330 est
870 1278 900 1330 et
914 1286 1023 1344 magna

10 1330 27 1439 ξ’
55 1356 206 1432 velocitas,
222 1371 324 1432 neque
336 1355 449 1416 homini
461 1372 562 1431 neque
575 1358 666 1431 lerae,
680 1373 770 1432 quarn
783 1361 1021 1430 conspexerunt,

11 1462 15 1527 3
56 1447 187 1513 parcunt
217 1440 284 1501 Hos
300 1441 438 1501 studiose
456 1441 554 1501 loveis
571 1450 678 1517 captos
693 1441 884 1500 interficiunt.
906 1442 972 1500 Hoc
988 1454 1022 1499 se

11 1532 15 1569 ἲ
54 1525 153 1588 abore
175 1525 288 1586 durant
308 1525 522 1586 adulescentes
538 1534 630 1602 atque
651 1527 710 1587 hoc
723 1542 836 1601 genere
851 1525 1021 1586 venationis

55 1617 211 1686 exercent,
227 1618 257 1670 et
272 1610 323 1686 qui
338 1611 486 1684 pluriuros
506 1628 545 1671 ex
559 1611 606 1671 his
622 1612 852 1684 interfecerunt,
873 1609 976 1668 relatis
992 1609 1022 1668 in

55 1696 206 1770 publicum
221 1695 376 1769 cornibus,
393 1712 471 1771 quae
486 1697 548 1755 sint
564 1696 746 1770 testimonio,
763 1710 904 1769 magnam
922 1696 1023 1754 lerunt

54 1780 180 1841 laudem.
195 1779 257 1840 Sed
265 1781 451 1840 adsuescere
463 1781 502 1840 ad
513 1781 651 1842 homines
660 1789 690 1841 et
697 1779 890 1839 mansuefieri
902 1795 940 1838 ne
955 1794 1022 1853 par-

10 1929 14 1939 ,
55 1864 111 1926 vuli
121 1864 524 1941 quidemexceptipossunt.
540 1867 716 1941 Amplitudo
726 1871 911 1925 cornuumet
925 1864 1022 1937 figura

54 1957 83 2009 ct
103 1950 226 2025 species
253 1951 380 2011 multum
400 1966 418 2009 a
438 1958 613 2011 nostrorum
634 1952 727 2012 boum
751 1949 895 2010 cornibus
911 1947 1021 2007 dillert.

10 2106 12 2113 .
54 2034 133 2094 Haec
149 2034 288 2095 studiose
304 2035 476 2109 conquisita
491 2036 528 2095 ab
541 2037 633 2096 labris
645 2043 770 2111 argento
784 2034 1023 2093 circumcludunt

10 2205 13 2211 Ι
56 2126 144 2195 atque
157 2119 187 2179 ln
203 2120 399 2195 amplissimis
416 2121 514 2195 epulis
530 2138 586 2196 pro
601 2122 721 2197 poculis
738 2126 871 2180 utuntur.

134 2205 238 2266 XXIX.
259 2206 385 2279 Caesar,
417 2213 581 2281 postquam
606 2223 662 2281 per
686 2205 783 2266 Ubios
809 2205 1021 2278 exploratores

56 2291 191 2366 conperit
206 2289 326 2351 Suevos
347 2305 419 2350 sese
439 2290 470 2349 in
492 2291 585 2350 silvas
607 2291 781 2365 recepIsse,
806 2289 941 2364 inopiam
962 2291 1018 2349 iru-

10 2407 12 2417 ·
56 2375 143 2435 urenti
158 2374 289 2450 veritus,
315 2376 414 2451 quod,
436 2383 470 2435 ut
485 2392 580 2450 supra
594 2375 884 2449 demonstravimus,
903 2374 1023 2433 minime

16 2510 19 2519 .
57 2475 157 2520 omnes
175 2459 316 2520 Germani
332 2460 535 2534 agriculturae
550 2462 688 2536 student,
706 2460 860 2521 constituit
875 2476 935 2519 non
951 2475 1020 2533 pro—

10 2600 12 2607 .
57 2545 136 2642 gredi
151 2545 292 2620 longius3
311 2545 382 2619 sed,
399 2560 438 2604 ne
454 2545 575 2606 omnino
590 2552 703 2605 metum
718 2546 834 2605 reditus
852 2544 899 2602 sui
915 2543 1017 2602 barba·

10 2664 21 2722 5
56 2630 92 2689 ris
106 2631 226 2690 tolleret
241 2637 332 2704 atquc
346 2636 380 2690 ut
393 2645 499 2690 eorum
514 2630 627 2690 auxillo
640 2632 782 2704 tardaret,
794 2629 922 2688 reducto
936 2642 1021 2686 exer

10 3096 16 3247 ι

10 3570 12 3575 .
47 3478 249 3541 Treveronun
264 3478 303 3538 ad
314 3478 441 3540 Nern'os
453 3480 587 3556 pertinet
595 3479 787 3562 milibusque
798 3479 938 3562 amplius
952 3476 1043 3551 adili-

58 2715 111 2776 cltu
127 2722 246 2790 partem
260 2716 395 2775 ultimam
410 2716 527 2790 pontis,
533 2756 546 2773 ι
582 2731 629 2773 rae
643 2715 726 2790 ripas
741 2715 888 2775 Ubiorum
907 2711 1021 2772 contin-

56 2799 153 2876 gebat,
181 2800 211 2859 in
232 2799 452 2875 longitudinem
473 2776 588 2874 ριιιιιιι
578 2846 615 2861 .,
674 2800 848 2859 escinditat
818 2797 1020 2874 atqueinex-

57 2890 145 2945 tremo
160 2891 255 2960 ponto
271 2884 375 2944 taurim
390 2885 593 2945 tabulatorum
606 2880 666 2960 qua
669 2920 679 2944 t.
733 2902 748 2943 r
764 2892 852 2944 const
841 2883 919 2943 tituit
934 2897 1020 2956 prae-

15 2968 224 3045 sidiumquc
240 2969 410 3029 cohortium
427 2986 472 3028 xn
497 2971 636 3044 pontist
624 2970 728 3029 tuendi
746 2986 839 3029 causa
854 2968 939 3042 ponit
960 2982 1019 3023 ma·

54 3055 180 3130 gnisque
200 3070 269 3114 eum
285 3055 386 3114 locum
402 3055 618 3115 munitionibus
632 3055 740 3114 firmat.
770 3054 805 3113 Ei
821 3055 889 3112 loco
906 3050 1018 3125 praesi-

54 3137 161 3216 dioque
178 3139 286 3198 Gaium
301 3139 473 3198 Volcatium
487 3141 606 3198 Tullum
620 3140 846 3199 adulescentem
866 3135 1021 3210 praefecit

10 3222 134 3299 'lpse,
159 3239 231 3284 curn
252 3230 459 3284 maturescere
474 3225 821 3298 frumentainciperont,
848 3221 888 3281 ad
911 3220 1023 3279 bellurn

10 3309 233 3383 Ambiorigis
258 3309 416 3384 protectus
439 3325 496 3383 per
511 3310 709 3370 Arduennam
731 3307 854 3369 sibam
881 3316 1024 3380 quaeest

49 3394 139 3456 tellus
161 3393 280 3455 Galliae
301 3392 435 3453 maxima
455 3400 547 3469 atque
568 3395 606 3454 ab
627 3393 703 3468 ripis
725 3391 822 3451 Rheni
848 3391 1027 3466 finibusque

747 3564 834 3651 58*

1122 3012 1131 3065 l

1116 3068 1131 3181 l
