2302 4192
494 164 608 226 LIBER
629 165 652 224 Ι.
1022 164 1063 228 27

36 342 39 371 =
81 320 194 391 fillum,
212 335 334 379 summa
347 318 457 378 virtute
472 324 501 376 et
515 316 701 377 humanitate
716 318 958 393 adulescentem,
975 320 1062 380 cuius

82 412 203 482 patera
220 404 295 464 Gaio
311 403 437 463 Valerio
451 401 562 462 Flacco
578 402 698 461 civitate
714 402 844 462 donatus
860 411 931 477 erat,
947 410 977 463 et
990 421 1060 479 pro·

36 484 41 565 j·
82 495 150 566 pter
160 488 254 548 iidem
267 494 296 546 et
307 493 433 562 propter
443 488 565 560 linguae
574 486 707 545 Gallicae
719 487 885 561 scientiam,
899 503 959 563 qua
970 491 1060 548 mulla

82 575 141 633 tam
156 571 334 632 ArIovistus
349 571 517 644 longinqua
532 569 754 630 consuetudine
769 571 917 645 utebatur,
934 577 963 629 et
978 574 1061 647 quod

83 659 113 718 iu
128 672 168 718 eo
184 655 336 730 peccandi
353 655 509 714 Germanis
526 669 620 712 causa
641 669 702 714 non
724 661 821 727 esset,
845 656 884 714 ad
906 670 974 714 eum
996 656 1061 715 mit-

83 748 164 814 tere,
186 745 216 798 et
230 739 270 797 Μ.
286 739 423 812 Matium,
450 738 500 810 qui
520 736 653 811 hospitIo
668 737 815 797 ArIovisti
830 739 978 797 utebatur.
1007 739 1061 797 HIs

84 823 254 895 mandavit,
271 830 303 883 ut
318 838 398 898 quae
413 822 528 881 diceret
541 821 723 893 Ariovistus,
740 829 965 895 cognoscerent
980 828 1008 880 et
1022 822 1060 881 ad

84 925 118 968 se
130 908 291 966 referrent.
315 907 398 980 Quos
415 921 483 965 cum
497 906 581 981 apud
596 921 630 963 se
642 905 672 963 in
686 905 793 964 castris
800 905 974 968 Ariovistus
988 922 1060 965 con-

84 991 254 1067 spexisset,
278 990 413 1051 exercitu
428 1005 485 1051 suo
501 995 665 1063 praesente
680 990 897 1050 conclamavit:
928 990 1005 1063 Quid
1021 989 1059 1049 ad

85 1093 119 1136 se
132 1074 296 1135 venirent?
316 1091 355 1133 an
370 1073 550 1149 speculandi
567 1079 681 1132 causat
701 1073 843 1133 conantis
866 1074 967 1133 dicere
988 1090 1059 1148 pro-

36 1204 40 1227 .
86 1159 180 1220 hibuit
195 1164 227 1217 et
240 1159 271 1217 in
288 1164 411 1218 catenas
427 1158 564 1218 coniecit.

36 1246 40 1301 “,
166 1242 297 1304 XLVIII.
319 1242 436 1302 Eodem
458 1242 507 1301 die
528 1247 629 1300 castra
643 1240 796 1315 promovit
810 1249 839 1301 et
853 1243 972 1302 milibus
987 1258 1058 1316 pas-

36 1318 38 1375 ?
85 1344 173 1388 suum
187 1342 246 1386 sex
261 1343 279 1386 a
296 1326 435 1385 Caesaris
451 1325 560 1385 castris
576 1325 634 1384 sub
649 1331 752 1385 monte
767 1326 915 1386 consedit.
945 1327 1059 1385 Postri-

86 1413 133 1471 die
148 1412 216 1470 eius
232 1410 292 1469 diei
307 1416 427 1485 praeter
442 1415 542 1469 castra
557 1409 694 1468 Caesaris
710 1424 783 1468 suas
802 1408 907 1484 copias
926 1409 1059 1469 traduxit

87 1503 114 1555 et
126 1494 249 1554 milibus
265 1509 413 1568 passuum
431 1493 551 1554 duobus
566 1494 645 1552 ultra
659 1508 726 1552 eum
740 1499 840 1551 castra
851 1493 923 1552 lecit
934 1510 971 1554 eo
985 1509 1057 1553 con-

87 1580 163 1653 silio,
178 1580 221 1637 uti
238 1578 387 1638 frumento
404 1582 644 1652 commeatuque,
661 1578 710 1651 qui
728 1591 767 1634 ex
776 1575 927 1651 Sequanis
943 1577 1056 1636 etHae-

88 1664 153 1722 duis
169 1668 418 1737 supportaretur,
446 1660 608 1721 Caesarem
630 1661 853 1719 intercluderet.
892 1660 938 1719 Ex
954 1677 991 1719 eo
1008 1660 1058 1719 die

88 1747 151 1806 dles
173 1747 337 1806 continuos
360 1747 496 1822 quinque
520 1747 632 1806 Caesar
652 1760 708 1819 pro
731 1745 839 1802 castris
862 1758 934 1803 suas
951 1743 1055 1817 copias

89 1831 231 1905 produxit
246 1836 276 1889 el
290 1831 387 1890 aciem
401 1830 579 1889 Instructam
593 1829 713 1902 habuit,
728 1834 775 1901 ut,
792 1827 819 1887 si
832 1828 924 1886 vellet
937 1827 1054 1887 ArIovi*

91 1921 151 1974 stus
164 1913 284 1990 proelio
301 1915 494 1987 contendere,
511 1913 539 1972 ei
554 1912 691 1988 potestas
705 1929 768 1972 non
783 1912 914 1970 deesset.
937 1911 1054 1970 Ariovi-

90 2006 150 2059 stus
161 1998 210 2057 hIs
222 1999 364 2059 omnibus
377 1997 485 2058 diebus
498 1997 663 2056 exercitum
677 1996 783 2056 castris
797 1995 950 2069 continuit,
963 2010 1053 2068 eque·

91 2083 139 2143 stn'
148 2083 268 2158 proelio
281 2082 392 2143 cotidie
404 2081 567 2142 contendit.
585 2082 687 2140 Genus
699 2080 759 2140 hoc
772 2085 837 2139 erat
847 2095 977 2154 pugnae,
994 2095 1053 2153 quo

90 2182 121 2226 se
137 2165 278 2226 Germani
294 2173 503 2225 exercuerant.
532 2166 674 2241 Equitum
695 2164 777 2223 milia
791 2169 877 2222 erant
890 2179 961 2237 sex,
987 2163 1055 2221 toti-

92 2250 154 2310 dem
174 2264 303 2310 numero
325 2251 443 2324 pedites
465 2250 651 2310 velocissimi
671 2264 707 2307 ac
723 2247 894 2321 fortissimi,
921 2262 1001 2321 quos
1017 2262 1056 2305 cx

91 2334 165 2394 omni
179 2334 271 2408 copia
281 2333 390 2407 singuli
403 2335 541 2407 singulos
554 2349 629 2392 suae
641 2333 746 2392 salutis
761 2346 855 2389 causa
865 2331 1055 2404 delegerant:

91 2432 153 2477 cunr
168 2418 217 2477 his
233 2419 263 2476 in
279 2418 404 2492 proeliis
419 2418 630 2477 versabantur.
660 2417 709 2475 Ad
726 2431 780 2474 eos
795 2429 830 2473 se
846 2414 963 2488 equites
978 2413 1055 2472 reci-

90 2502 225 2567 plebano
241 2500 280 2575 hi,
296 2503 322 2561 si
339 2502 412 2577 quid
427 2509 491 2560 erat
507 2501 621 2575 durIus,
638 2499 867 2572 concurrebant,
883 2498 974 2572 siqui
988 2512 1056 2570 gra-

91 2585 171 2646 viore
184 2587 311 2646 vulnere
334 2592 461 2660 accepto
477 2601 557 2660 equo
574 2584 743 2656 deciderat,
774 2581 1056 2650 circumsistebant3

92 2669 114 2728 sl
127 2686 190 2746 quo
203 2676 268 2729 erat
279 2671 398 2744 longius
411 2669 624 2744 prodeundum
636 2674 686 2727 aut
698 2665 827 2725 celerius
839 2664 1056 2740 recipiendum,

92 2758 167 2814 turta
182 2760 248 2812 erat
261 2753 370 2814 horum
391 2753 607 2813 exercitatione
629 2751 781 2823 celeritas,
807 2756 840 2809 ut
860 2749 938 2808 iubis
960 2765 1055 2824 equo-

92 2852 151 2897 rum
167 2838 319 2898 sublevati
335 2853 457 2897 cursum
473 2838 689 2910 adaequarent.

168 2921 271 2981 XLIII.
298 2922 356 2982 Ubi
378 2937 448 2979 eum
470 2920 577 2980 castris
601 2936 636 2978 se
654 2924 759 2978 tenere
776 2917 888 2977 Caesar
903 2917 1056 2991 intellexit,

93 3021 125 3066 ne
139 3005 253 3065 diutius
269 3009 439 3066 commeatu
455 3004 675 3078 prohiberetur,
691 3005 769 3062 ultra
784 3018 853 3061 cum
869 3004 978 3075 locum,
995 3018 1056 3076 quo

94 3089 118 3150 in
132 3093 203 3150 loco
221 3089 362 3148 Germani
378 3089 597 3162 consederant,
625 3087 742 3146 circiter
764 3101 876 3160 passus
893 3092 1057 3146 sexcentos

94 3174 126 3234 ab
140 3174 192 3247 iis,
216 3173 324 3232 castrIs
347 3173 491 3232 idoneum
506 3174 606 3232 locum
622 3172 733 3246 delegit
747 3171 874 3244 acieque
888 3169 997 3243 triplici
1013 3171 1057 3229 in-

94 3264 204 3318 structa
218 3258 258 3317 ad
273 3272 341 3317 eum
356 3259 458 3317 locum
472 3257 563 3315 venit.
591 3256 721 3314 Primam
737 3261 766 3312 et
780 3253 946 3312 secundam
962 3255 1057 3312 aciem

95 3338 226 3402 inarmis
242 3356 328 3415 esse,
343 3341 460 3401 tertiam
476 3347 575 3400 castra
588 3339 706 3398 munIre
721 3337 817 3396 iussit.
846 3336 903 3396 Hic
917 3339 1004 3396 locus
1020 3337 1058 3396 ab

95 3422 178 3487 hoste
192 3425 311 3487 circiter
324 3440 437 3502 passus
449 3431 623 3499 sexcentos,
637 3423 680 3484 uti
692 3422 803 3482 dictum
816 3426 870 3497 est,
885 3420 998 3481 aberat.
1012 3420 1058 3480 Eo
