2272 4176
207 164 250 205 nn
271 162 375 205 33333
395 162 595 205 rvovnrnrno
613 162 641 204 o.
658 155 701 209 &t
723 155 768 208 84.
783 154 826 211 83.
969 145 1010 209 87

18 312 155 394 pendae,
178 329 252 390 quae
273 311 369 387 pober
391 307 469 370 bello
484 318 569 380 esset,
587 319 616 373 et
635 329 812 390 quamquam
830 312 935 391 opibus
949 315 1013 375 suis

19 395 201 462 confideret,
224 402 405 454 tamennon
427 393 536 456 debere
557 397 669 456 incerta
689 412 744 472 pro
770 397 858 456 certis
880 404 1009 459 mutare:

19 496 115 543 omne
128 476 238 539 bellum
255 478 331 538 sumi
344 476 439 546 facile,
456 486 587 540 ceterum
598 497 771 557 aegerrume
786 479 933 541 desinere:
949 499 1011 542 non

19 566 54 625 in
76 562 210 624 eiusdem
231 567 375 639 potestate
396 562 510 622 initium
532 564 595 623 eius
616 569 646 622 et
665 563 755 624 tinem
777 580 856 624 esse:
878 565 1011 642 incipere

10 648 128 715 cuivis,
151 647 238 707 etiam
254 646 373 722 ignavo,
395 643 502 715 113333,
531 646 639 722 deponi
668 664 735 706 cum
761 648 887 707 victores
908 647 1010 708 velint:

19 730 151 811 proinde
164 728 220 790 sibi
237 744 388 807 regnoque
402 745 456 789 suo
471 728 646 799 consuleret,
662 748 722 791 neu
733 729 865 790 florentis
879 748 928 791 res
942 749 1010 791 suas

21 832 96 877 eum
116 812 276 890 lugurtbae
295 813 417 889 perdib‘s
433 814 579 874 misceret.
619 813 663 873 dd
681 831 716 874 33
736 831 790 874 rex
808 815 876 875 satis
898 814 1037 892 placidos

18 897 117 959 verba
138 896 220 957 lacit:
243 912 307 957 sese
322 913 426 975 pacem
444 914 562 974 cupere,
585 896 801 974 setlugurthae
824 897 1011 959 fortunarum

22 982 179 1043 misereri:
194 982 221 1040 si
235 980 337 1042 eadem
348 979 389 1039 illi
400 981 483 1059 copia
498 981 591 1049 tieret,
608 983 705 1041 omnia
721 988 909 1042 conventura.
933 980 1037 1043 bur-3

10 1083 78 1127 =sus
98 1067 249 1143 inperator
269 1069 371 1124 contra
399 1063 543 1141 postulata
559 1063 670 1124 Roochi
697 1066 815 1125 nuntios
836 1066 940 1126 mittit:
962 1065 1011 1127 ille

20 1148 155 1229 probare
174 1149 289 1227 partim,
307 1146 362 1208 alia
377 1146 517 1209 abnuere.
554 1147 596 1207 Eo
618 1149 706 1209 modo
721 1166 809 1226 saepe
824 1148 861 1210 ab
884 1155 1012 1228 utroque

21 1233 121 1295 missis
142 1233 330 1310 remissisque
351 1232 460 1291 nuntiis
482 1238 599 1309 tempus
612 1232 793 1310 procedere,
810 1240 839 1294 et
854 1251 890 1294 ex
904 1231 1012 1294 Metelli

23 1316 173 1377 voluntate
191 1313 308 1376 bellum.
322 1316 465 1375 intactum
485 1316 570 1376 trabi.

110 1399 283 1468 Asnaum,
300 1405 334 1459 ut
346 1416 437 1478 supra
449 1399 583 1468 diximus,
599 1401 825 1479 cupientissuma
838 1400 925 1479 plebe
940 1418 1010 1461 con·
1020 1406 1062 1470 84

10 1484 73 1546 3331
86 1483 195 1553 taetris,
217 1489 373 1561 postquam
391 1484 417 1543 ei
431 1484 611 1562 provinciam
628 1482 793 1543 Numidiam
808 1483 935 1561 populus
949 1485 1009 1545 ius-

25 1572 76 1638 sit,
104 1574 189 1629 33133
208 1568 268 1628 iam
288 1565 411 1627 13133133
431 1566 590 1636 nobilitati,
618 1573 681 1627 tum
700 1584 771 1627 vero
793 1565 902 1627 multus
923 1572 1010 1646 atque

25 1654 110 1715 ferox
126 1654 249 1719 instare,
265 1648 394 1727 singulos
408 1650 496 1710 modo
510 1651 598 1711 modo
614 1651 768 1711 univorsos
781 1649 913 1710 laedere:
928 1650 1011 1710 dicti·

23 1744 88 1797 tare
107 1753 172 1797 sese
187 1733 371 1796 consulatum
387 1752 423 1795 ex
439 1735 521 1794 victis
537 1733 592 1794 illis
606 1732 698 1812 spolia
715 1735 836 1812 cepisse,
853 1734 908 1794 alia
923 1750 1009 1812 prae·

22 1827 107 1883 terea
123 1819 276 1898 magnilica
291 1836 346 1895 pro
359 1834 405 1887 se,
423 1825 452 1878 et
465 1817 521 1878 illis
537 1817 673 1878 dolentia.
704 1816 826 1878 Interim
841 1835 916 1896 quae
932 1814 1036 1882 bell02

10 1922 101 1983 =opus
119 1908 203 1964 erant
223 1903 318 1981 prima
332 1900 458 1962 babere:
479 1900 629 1979 postulare
641 1900 806 1978 legionibus
821 1900 1008 1981 subplemen-

19 1995 104 2056 tum,
122 1985 228 2048 auxilia
242 2003 259 2046 a
274 1983 390 2064 populis
406 1991 435 2045 et
451 1984 572 2062 regibus
586 1986 730 2064 sociisque
746 2002 906 2054 arcessere,
923 2002 1009 2063 prae-

19 2080 107 2133 terea
128 2089 165 2132 ex
185 2069 268 2130 Latio
289 2068 491 2130 fortissumum
513 2087 675 2148 quemque,
700 2069 858 2148 plerosque
880 2069 1008 2136 militiae,

20 2172 137 2236 paucos
152 2154 229 2214 lama
245 2154 377 2230 cognitos
395 2153 508 2224 adoino,
530 2162 558 2215 et
580 2153 738 2214 ambiundo
754 2170 861 2230 cogere
875 2153 1010 2213 homines

22 2240 156 2302 emeritis
181 2237 332 2315 stipendiis
358 2255 460 2298 secum
485 2238 640 2316 proficisci.
690 2237 792 2315 Neque
816 2237 857 2298 illi
882 2243 1038 2302 33331333

21 2339 204 2405 quamquam
222 2322 363 2382 advorsus
379 2327 450 2391 erat,
466 2321 503 2383 de
517 2321 577 2382 ullo
589 2322 706 2399 negotio
720 2320 851 2383 abnuere
866 2320 1011 2382 audebat:

22 2414 159 2470 ceteram
173 2404 410 2485 subplementum
426 2407 513 2466 etiam
526 2406 620 2466 laetus
635 2406 816 2474 decreverat,
833 2407 899 2484 quia
914 2419 1012 2484 neque

20 2490 124 2571 plebei
144 2488 245 2550 militia
265 2488 373 2550 volenti
390 2488 548 2566 putabatur
576 2495 606 2549 et
625 2488 734 2550 blarius
756 2495 806 2548 aut
835 2487 903 2548 belli
924 2503 1012 2548 usum

27 2581 82 2637 aut
111 2573 205 2633 studia
232 2572 310 2649 volgi
337 2575 508 2634 amissurus.
549 2574 599 2633 Set
619 2589 653 2633 ea
673 2590 723 2633 res
745 2571 855 2632 1333133
876 2578 1037 2651 sperata:4

21 2664 107 2718 tauta
128 2655 227 2718 lubido
250 2675 317 2718 cum
338 2656 430 2717 Mario
453 2656 541 2718 eundi
562 2655 719 2734 plerosque
740 2656 894 2716 invaserat.
940 2656 1012 2717 Sese

10 2743 151 2819 »quisque
162 2741 272 2818 praeda
284 2740 461 2819 locupletem
471 2741 544 2810 fore,
552 2741 693 2801 viatorem
705 2741 825 2801 domum
834 2740 1010 2807 rediturum,

24 2825 82 2886 3113
103 2824 226 2885 huiusce
252 2824 333 2884 modi
351 2826 455 2885 animis
474 2823 647 2892 trabebant,
677 2828 706 2884 et
731 2841 782 2885 eos
809 2840 868 2884 non
890 2821 1012 2901 paulum

24 2911 159 2969 oratione
187 2925 240 2968 sua
267 2907 375 2968 Marius
398 2909 561 2970 adrexerat.
603 2906 677 2968 Nam
699 2913 855 2987 postquam
876 2905 1037 2967 omnibusti

25 3010 103 3071 quae
125 2990 324 3070 postulaverat
344 2993 471 3053 decretis
490 2990 596 3051 milites
616 2990 747 3052 scribere
774 2989 847 3060 volt,
874 2990 1013 3052 hortandi

25 3093 130 3137 caussa
145 3075 232 3136 simul
254 3083 283 3136 et
297 3073 478 3136 nobilitatem
492 3076 535 3136 uti
554 3081 746 3135 consueverat
763 3074 926 3152 exagitandi
941 3091 1011 3135 cou-

10 3160 136 3224 3133333
155 3159 257 3240 populi
270 3159 428 3228 advocavit,
451 3159 556 3219 deinde
575 3158 738 3219 bonmodo
760 3158 910 3218 disseruit:

113 3243 277 3320 18313333,
300 3244 435 3315 Quirites,
459 3241 616 3320 plerosque
636 3259 696 3301 non
712 3242 821 3303 eisdem
840 3241 952 3302 artibus
966 3234 1060 3303 in-cs

23 3327 144 3407 perium
161 3344 178 3386 a
194 3327 274 3388 vobis
289 3335 392 3405 petere
407 3332 436 3386 et
450 3332 606 3404 postquam
621 3326 719 3402 adepti
734 3332 802 3386 sunt
814 3341 934 3402 gerere:
949 3327 1010 3404 pri·

24 3428 77 3473 mo
105 3411 265 3472 industrios
279 3410 418 3490 subplicis
444 3409 577 3471 modicos
598 3427 676 3478 esse,
703 3409 769 3469 dein
790 3426 845 3487 per
866 3410 1011 3490 ignaviam
