2272 4176
127 456 188 524 188
412 456 464 519 DE
484 454 609 517 BELLO
629 456 797 518 GALLICO

122 622 216 688 ratus,
232 627 300 672 cum
315 611 452 670 celeriter
466 626 572 671 omnes
587 619 756 672 conventus
770 611 1027 688 percucurrisset,
1040 630 1090 691 pu-

122 698 218 758 blicas
246 694 472 756 controversIas
494 704 675 771 cognosset,
709 695 932 759 benemeritis
960 698 1091 774 praemia

122 782 280 841 tribuisset
291 812 334 823 —
349 780 556 854 cognoscendi
578 780 658 841 enim
677 779 840 840 maximam
853 781 1031 843 facultatem
1043 783 1091 843 ba·

123 865 228 940 bebat,
246 864 328 940 quali
344 865 476 939 quisque
490 865 600 924 luisset
614 865 713 925 animo
727 864 759 924 in
773 865 866 926 totius
883 867 1000 927 Galliae
1014 868 1092 927 dele

123 950 238 1023 ctione,
261 965 352 1025 quam
367 950 552 1009 sustinuerat
568 948 711 1009 lidelitatc
727 955 818 1024 atque
835 950 956 1011 amriliis
971 952 1092 1026 provin-

123 1034 188 1093 ciae
202 1033 282 1094 illius
298 1065 349 1107 -,
364 1033 413 1093 his
430 1033 578 1093 conlectis
593 1032 687 1093 rebus
701 1032 742 1092 ad
755 1032 893 1108 legiones
908 1034 940 1095 in
954 1035 1091 1111 Belgium

122 1132 158 1178 se
171 1118 282 1191 recipit
293 1117 495 1193 hibernatque
509 1117 764 1177 Nemetocennae.

203 1202 321 1261 XLVII.
349 1202 394 1261 Ibi
415 1201 575 1276 cognoscit
599 1201 765 1261 Commium
779 1202 956 1263 Atrebatem
976 1205 1092 1278 proelio

123 1300 192 1344 curn
203 1286 341 1360 equitatu
355 1303 413 1346 suo
428 1285 634 1346 contendisse.
662 1286 738 1345 Nam
752 1300 822 1345 curn
835 1287 989 1348 Antonius
1004 1289 1035 1347 in
1049 1287 1091 1348 hi·

120 1368 216 1428 bcrna
238 1370 389 1445 veulsset,
418 1370 588 1445 civitasque
611 1370 789 1429 Atrebatum
813 1370 845 1429 In
871 1371 975 1432 officio
1002 1381 1093 1448 esset,

120 1451 290 1528 Commium
321 1454 372 1528 qui
393 1462 466 1529 post
486 1454 568 1513 illatn
593 1455 849 1529 vulnerationem,
881 1472 974 1531 quam
1000 1473 1093 1532 supra

120 1539 370 1614 commemoravi,
396 1554 518 1612 semper
539 1539 579 1598 ad
593 1554 699 1599 omnes
714 1545 814 1598 motus
829 1547 956 1614 paratus
971 1541 1039 1602 suis
1053 1541 1092 1601 ci-

121 1621 209 1681 vibus
225 1638 297 1682 esse
313 1629 504 1697 consuesset,
521 1639 559 1682 ne
575 1622 703 1683 consilia
716 1622 787 1681 belli
803 1624 1025 1698 quaerentibus
1040 1642 1090 1686 au-

121 1711 186 1764 ctor
201 1721 354 1766 armorum
370 1708 496 1781 duxque
511 1707 649 1782 deesset,
666 1713 793 1781 parente
808 1707 956 1768 Romanis
972 1710 1092 1771 civitate

20 1822 24 1829 -
121 1804 188 1849 cunr
208 1790 272 1850 suis
293 1790 446 1866 equitibus
458 1790 624 1851 latrocIniis
646 1805 680 1851 se
692 1806 831 1867 suosque
845 1793 946 1852 alebat
958 1794 1090 1856 inlestIs·

121 1890 180 1949 que
194 1873 351 1935 itineribus
368 1884 554 1936 commeatus
576 1877 766 1950 complures,
793 1876 846 1952 qui
869 1880 1089 1953 conportaban·

121 1964 166 2020 nu
180 1958 210 2017 In
224 1958 352 2020 hiberna
365 1961 579 2036 Romanorum,
596 1960 814 2034 intercipiebat.

199 2043 329 2104 XLVIII.
351 2044 425 2105 Erat
439 2046 600 2105 attributus
614 2046 749 2105 AntonIo
763 2047 940 2120 praelectus
955 2049 1091 2125 equitum

120 2127 149 2188 ὃ.
165 2129 343 2189 Volusenus
360 2129 546 2203 Quadratus,
574 2129 626 2204 qui
648 2144 716 2188 curn
737 2144 774 2188 eo
791 2129 974 2192 hibernaret.
1004 2134 1091 2194 Hunc

120 2214 268 2273 Antonine
283 2215 323 2273 ad
334 2214 584 2288 persequendum
594 2214 761 2289 equitatum
771 2212 903 2276 hostiurn
915 2217 1014 2278 mittit.
1029 2221 1089 2279 Vo-

119 2298 244 2357 lusenus
259 2298 299 2356 ad
314 2314 381 2357 earn
395 2297 551 2373 virtutem,
567 2314 646 2373 quae
661 2297 824 2372 singularis
840 2303 950 2361 eratin
965 2318 1015 2377 eo,
1030 2320 1089 2363 ma·

119 2397 210 2456 gnum
232 2382 335 2441 odium
350 2383 474 2443 Commii
490 2383 689 2457 adlungebat,
717 2399 778 2457 quo
793 2383 935 2446 libentius
957 2385 989 2445 id
1011 2389 1088 2448 lace-

120 2473 172 2539 ret,
191 2467 275 2542 quod
288 2467 504 2542 imperabatur.
531 2468 637 2543 ltaque
653 2467 813 2541 dIspositIs
828 2468 948 2529 insidiis
964 2472 1088 2546 saepius

118 2550 235 2625 equites
258 2551 324 2611 eius
346 2553 514 2626 adgressus
529 2552 666 2612 secunda
680 2552 798 2626 proelia
811 2553 953 2614 faciebat.
982 2554 1088 2616 Novis·

118 2633 192 2694 sitne
214 2651 282 2696 curn
303 2636 511 2696 vehementius
533 2636 767 2696 contenderetur
786 2652 823 2696 ac
843 2637 1024 2700 Volusenus
1046 2641 1089 2715 ip-

117 2719 180 2781 sius
195 2720 407 2795 intercipiendi
416 2721 541 2780 Commii
555 2719 719 2796 cupiditate
733 2721 920 2796 pertinacius
937 2740 1007 2784 eum
1023 2741 1088 2785 curn

118 2805 222 2879 paucis
238 2805 396 2865 insecutus
412 2812 510 2880 esset,
535 2806 585 2864 ille
607 2813 706 2865 autem
721 2806 794 2880 iuga
806 2806 979 2869 vehementi
995 2810 1087 2870 Volu-

117 2904 225 2949 senum
240 2889 442 2964 produxisset
454 2889 591 2964 longius,
616 2889 756 2949 Inimicus
772 2890 886 2951 homini
901 2909 1030 2954 suorum
1045 2894 1087 2954 in·

117 2983 206 3035 vocat
219 2975 311 3033 fidem
326 2982 419 3048 atque
432 2974 587 3049 auxilium,
603 2989 642 3033 ne
657 2990 714 3033 sua
727 2977 855 3035 vulnera
868 2992 926 3051 per
939 2978 1035 3039 fidem
1045 2978 1085 3038 In-

115 3058 217 3133 posita
230 3064 409 3133 paterentur
420 3058 565 3134 inpunita,
583 3074 797 3134 conversoque
809 3076 889 3133 equo
902 3077 937 3121 se
948 3079 967 3121 a
978 3064 1086 3124 ceteris

115 3143 264 3203 incautius
273 3142 416 3217 permittit
425 3142 456 3201 in
467 3144 665 3218 praelectum.
679 3141 807 3204 Faciunt
816 3144 876 3204 hoc
886 3144 969 3205 idem
981 3164 1085 3209 omnes

114 3227 179 3289 eius
201 3227 321 3303 equites
344 3242 526 3303 paucosque
546 3236 670 3289 nostros
692 3235 873 3289 convertunt
892 3238 985 3306 atque
1006 3232 1084 3294 tnse-

115 3320 256 3386 quuntur.
273 3311 427 3372 Commius
441 3312 600 3371 incensum
615 3311 785 3372 calcaribus
802 3328 915 3389 equum
929 3316 1086 3392 conlungit

113 3411 193 3471 equo
211 3396 355 3470 Quadrati
376 3398 547 3472 lanceaque
560 3396 673 3456 infesta
686 3396 805 3472 magula
820 3398 938 3459 sitibus
953 3401 1084 3461 medium

114 3480 210 3540 lemur
223 3480 323 3542 traicit
335 3481 497 3543 Voluseni.
525 3479 684 3541 Praefecto
699 3483 857 3543 vulnerato
873 3498 935 3543 non
948 3484 1084 3546 dubitant

113 3566 208 3624 nostri
225 3567 372 3627 resistere
387 3572 418 3626 et
432 3565 591 3627 conversis
607 3565 696 3641 equis
710 3564 830 3627 hostem
843 3569 968 3643 pellere.
998 3567 1084 3645 Quod

112 3647 164 3708 ubi
178 3650 305 3723 accidit,
327 3651 492 3725 conplures
506 3650 639 3711 hostium
653 3666 764 3726 magno
780 3659 957 3714 nostrorum
970 3653 1083 3731 impetu

112 3733 247 3812 perculsi
260 3736 458 3800 vulnerantem
471 3751 509 3795 ac
521 3735 678 3812 partimin
692 3737 766 3813 iuga
780 3744 992 3817 proteruuuu,
1013 3755 1082 3819 par
