2272 4176
123 496 187 561 324
360 496 519 560 BELLUM
538 496 861 562 ALEXANDRINUM.

122 661 172 715 tae
190 660 277 728 terga
295 656 459 712 verterunt.
488 651 543 712 His
565 653 663 728 pulsis
686 653 848 715 custodiae
870 660 978 731 portus
999 655 1084 717 relicti

121 753 216 798 navcs
232 738 272 797 ad
287 737 376 796 litora
390 743 419 796 ct
429 735 530 796 vicum
545 737 737 812 adplicarunt
751 754 849 815 seque
860 753 901 801 ex
913 739 1043 801 navibus
1054 740 1085 800 ad

120 823 235 884 tuenda
250 820 391 881 aedificia
409 820 575 881 elecerunt.

203 905 308 966 XVlll.
323 905 430 980 Neque
445 919 519 966 vero
536 906 648 967 diutius
663 923 700 967 ca
715 908 883 969 munitione
895 923 931 969 sc
943 908 1086 971 continere

123 997 298 1069 potuerunt,
323 988 379 1049 etsi
395 997 460 1049 erat
474 1006 535 1049 non
551 990 699 1052 dissimile
715 1001 807 1067 atque
823 994 1031 1054 Alexandriae
1043 1010 1085 1070 ge·

121 1094 178 1137 nus
194 1072 472 1148 aedificiorumm
439 1081 472 1135 ut
485 1090 604 1135 minora
616 1076 781 1138 maioribus
798 1078 1012 1153 conterantur,
1035 1088 1082 1139 ιιιι-
1126 1054 1130 1147 l

121 1177 234 1235 resque
249 1160 391 1218 editaee
402 1159 583 1219 coniunctae
593 1161 783 1221 munlocum
795 1161 984 1238 obtinebant,
998 1179 1085 1239 neque

122 1253 192 1306 nost
193 1247 217 1305 ri
233 1251 283 1304 aut
297 1242 389 1303 scalis
405 1251 457 1303 aut
471 1245 604 1305 cratibus
620 1255 672 1305 aut
685 1246 813 1321 reliquis
828 1246 924 1306 rebus
937 1249 1032 1322 parati
1043 1264 1084 1307 re

120 1338 229 1390 nerant
243 1329 283 1388 ad
298 1330 549 1403 oppugnandum
582 1328 643 1388 Sed
661 1338 760 1390 terror
775 1330 953 1391 hominibus
969 1340 1085 1392 mentem
1128 1344 1130 1349 ·

126 1415 346 1488 consiliumque
362 1413 451 1488 eripit
465 1421 496 1473 et
509 1413 645 1472 membra
659 1414 813 1484 debilitat;
835 1420 869 1474 ut
890 1421 964 1475 tunc
979 1416 1084 1477 accidit
1128 1438 1130 1443 ·

123 1499 178 1573 Qui
200 1513 235 1557 se
256 1499 286 1556 in
309 1512 409 1571 aequo
431 1500 499 1558 loco
522 1513 558 1557 ac
580 1500 671 1572 plano
695 1515 786 1574 pares
803 1514 875 1558 csse
892 1500 1085 1574 confidebant,

122 1583 203 1643 idem
221 1582 369 1658 perterriti
393 1583 466 1656 luga
486 1597 611 1642 suorum
633 1590 663 1643 et
683 1583 779 1642 caede
794 1599 966 1658 paucorum
980 1584 1086 1660 triginta

123 1668 236 1742 pedum
258 1666 414 1726 altitudine
435 1667 465 1724 in
488 1666 636 1727 aediliciis
658 1668 828 1727 consistere
851 1670 918 1729 ausi
939 1685 1002 1730 non
1027 1675 1087 1730 sunt

124 1767 221 1826 seque
237 1766 292 1825 per
306 1751 417 1810 molem
431 1751 462 1810 in
477 1766 561 1810 mare
576 1752 854 1826 praecipitaverunt
864 1761 896 1812 et
910 1755 1086 1830 octingento-

124 1853 190 1896 rum
205 1852 353 1909 passuum
368 1835 558 1894 intcrvallum
574 1835 612 1894 ad
628 1836 776 1910 oppidum
790 1842 999 1899 enataverunt.
1014 1839 1086 1898 Multi
1128 1894 1130 1901 .

122 1926 221 1981 tamen
238 1935 277 1978 en
292 1919 339 1978 his
356 1920 435 1994 capti
448 1919 658 1995 interfectique
673 1927 760 1989 sunt;
776 1922 833 1981 sed
844 1938 992 1983 numerus
1004 1924 1082 1998 capti·

121 2022 228 2065 vorum
246 2003 368 2064 omnino
385 2004 439 2064 luit
450 2012 595 2064 sexcenti.

206 2090 281 2148 XIX
306 2089 419 2148 Caesar
433 2089 548 2164 pracda
569 2087 712 2148 militibus
730 2103 882 2150 concessa
897 2046 1084 2151 aediliciadi·

123 2175 180 2250 ripi
207 2175 298 2234 iussit
323 2175 544 2269 castellumque
569 2173 608 2231 ad
635 2180 772 2247 pontem,
804 2174 855 2248 qui
881 2176 1011 2250 propior
1035 2182 1087 2236 erut

37 2316 42 2333 -.
122 2259 237 2331 Pharo,
265 2257 460 2318 communivit
484 2264 576 2332 atque
602 2257 642 2316 ibi
666 2258 852 2331 praesidium
868 2261 981 2334 posuit.
1012 2261 1087 2320 Hunc

124 2345 196 2418 luga
210 2342 349 2401 Pharitae
365 2342 565 2415 reliquerant;
583 2340 742 2400 certiorem
759 2341 842 2402 illum
857 2345 1088 2420 propioremque

125 2427 448 2502 oppidnAlexandrini
463 2428 631 2486 tuebantur.
649 2424 710 2485 Sed
726 2441 795 2487 cum
811 2435 935 2502 postero
949 2431 1000 2489 die
1011 2428 1088 2490 simili

123 2512 241 2572 ratione
254 2510 436 2585 adgreditur,
449 2511 533 2584 quod
544 2511 591 2570 his
604 2510 733 2570 obtentis
747 2511 868 2572 duobus
882 2529 1004 2573 omnem
1016 2513 1088 2574 navi-

123 2597 241 2672 giorum
256 2611 420 2655 excursum
436 2602 465 2656 et
484 2595 643 2669 repentina
658 2595 815 2655 latrocinia
832 2598 986 2658 sublatum
1002 2599 1038 2658 iri
1051 2599 1086 2658 ri·

124 2682 225 2741 debat.
260 2680 384 2754 lamque
400 2695 469 2753 eos,
499 2679 550 2754 qui
574 2679 728 2754 praesidio
745 2695 815 2739 eum
829 2681 930 2741 locum
946 2684 1089 2757 tenebant,

123 2765 280 2827 tormentis
293 2779 330 2822 ex
347 2764 475 2825 navibus
492 2765 674 2838 sagittisque
688 2763 848 2840 depulerat
862 2773 957 2842 atque
969 2767 999 2828 in
1012 2769 1090 2844 oppi-

124 2852 196 2910 dum
214 2850 374 2922 redegerat
388 2858 417 2910 et
432 2849 602 2910 cohortium
615 2849 705 2908 trium
720 2849 816 2909 instar
830 2851 860 2910 in
874 2860 990 2913 terram
1004 2869 1092 2930 expc-

123 2942 227 2996 suerat
247 2942 322 3007 (non
343 2934 422 2992 enim
444 2935 548 3008 plures
565 2934 735 2994 consistere
750 2937 912 3010 angustiae
927 2939 989 2998 loci
1004 2940 1091 3016 patic-

24 3056 27 3059 -
123 3020 262 3088 bantur);
277 3018 415 3093 reliquae
427 3019 535 3093 copiae
546 3018 575 3077 in
588 3018 717 3079 navibus
731 3020 894 3080 stationem
910 3022 1091 3084 obtinebant.

16 3132 22 3187 ι,
123 3104 189 3178 Quo
206 3105 284 3163 lacto
297 3103 425 3178 imperat
438 3111 558 3178 pontem
571 3103 721 3162 adversus
734 3103 853 3163 hostem
865 3109 1048 3181 praevallari
1060 3117 1093 3181 et,

124 3205 184 3263 qua
199 3188 299 3247 exitus
317 3188 446 3247 navibus
463 3196 527 3247 crat
543 3187 659 3247 fornice
675 3194 846 3263 exstructo,
870 3207 932 3264 quo
948 3208 1029 3265 pons
1047 3209 1093 3253 su-

123 3272 307 3345 stinebatur,
335 3270 488 3346 lapidibus
507 3273 626 3346 oppleri
644 3279 736 3346 atque
751 3273 876 3333 obstrui.
908 3274 1044 3348 Quorum
1057 3277 1093 3335 al·

123 3365 187 3418 tero
203 3371 298 3430 opere
313 3354 432 3427 allecta,
448 3362 482 3415 ut
495 3359 577 3416 nulla
589 3356 710 3417 omnino
727 3357 844 3432 scapha
859 3360 966 3432 egredi
982 3368 1094 3436 posset,

16 3478 18 3483 -
124 3444 218 3502 altero
234 3440 371 3501 instituto
387 3455 493 3500 orrrnes
509 3442 786 3501 Alexandrinorum
803 3443 912 3517 copiae
927 3458 968 3503 cx
984 3445 1094 3521 oppido

125 3541 159 3585 se
174 3526 329 3585 eiecerunt
344 3532 373 3586 et
388 3534 494 3586 contra
509 3525 692 3586 munitiones
707 3526 809 3602 pontis
821 3526 928 3588 latiore
943 3529 1014 3591 loco
1027 3546 1083 3592 con

124 3609 276 3679 stiterunt,
303 3611 474 3686 eodemque
488 3619 625 3685 ternpore
642 3627 722 3686 quae
737 3616 963 3675 consueverant
977 3614 1097 3691 navigia

124 3708 180 3770 per
201 3702 308 3768 pontes
331 3696 370 3755 ad
392 3696 533 3755 incendia
554 3696 761 3757 onerariarum
781 3695 920 3757 emittere
933 3698 974 3761 ad
989 3701 1098 3761 molent

124 3778 352 3839 constituerunt
385 3779 579 3854 Pugnabatur
593 3797 612 3840 a
626 3781 740 3842 nostris
755 3795 794 3841 ex
816 3788 926 3861 ponte,
947 3798 989 3847 cx
1001 3786 1097 3859 mqlcr

854 4070 867 4089 ·'·
877 4079 901 4099 ..·..
907 4056 968 4100 0:.-.·'.e:=‘·
