<?xml version="1.0" encoding="UTF-8"?>
<!DOCTYPE html PUBLIC "-//W3C//DTD XHTML 1.0 Transitional//EN"
    "http://www.w3.org/TR/xhtml1/DTD/xhtml1-transitional.dtd">
<html xmlns="http://www.w3.org/1999/xhtml" xml:lang="en" lang="en">
 <head>
  <title>
</title>
<meta http-equiv="Content-Type" content="text/html;charset=utf-8" />
  <meta name='ocr-system' content='tesseract 3.04.00' />
  <meta name='ocr-capabilities' content='ocr_page ocr_carea ocr_par ocr_line ocrx_word'/>
</head>
<body>
  <div class='ocr_page' id='page_1' title='image "./commentarii00caesgoog_0052.png"; bbox 0 0 2272 4176; ppageno 0'>
   <div class='ocr_carea' id='block_1_1' title="bbox 464 178 1039 250">
    <p class='ocr_par' dir='ltr' id='par_1_1' title="bbox 464 178 1039 250">
     <span class='ocr_line' id='line_1_1' title="bbox 464 178 1039 250; baseline 0.016 -9"><span class='ocrx_word' id='word_1_1' title='bbox 464 178 580 242; x_wconf 82' lang='lat' dir='ltr'>LIBER</span> <span class='ocrx_word' id='word_1_2' title='bbox 600 184 636 243; x_wconf 91' lang='lat' dir='ltr'><strong>ll.</strong></span> <span class='ocrx_word' id='word_1_3' title='bbox 997 185 1039 250; x_wconf 74' lang='lat'><strong>39</strong></span> 
     </span>
    </p>
   </div>
   <div class='ocr_carea' id='block_1_2' title="bbox 26 334 1036 3365">
    <p class='ocr_par' dir='ltr' id='par_1_2' title="bbox 31 334 1036 920">
     <span class='ocr_line' id='line_1_2' title="bbox 60 334 1035 415; baseline 0.004 -14"><span class='ocrx_word' id='word_1_4' title='bbox 60 350 129 401; x_wconf 77' lang='lat' dir='ltr'><strong>rese</strong></span> <span class='ocrx_word' id='word_1_5' title='bbox 142 334 424 412; x_wconf 84' lang='lat' dir='ltr'><strong>confirmaverant,</strong></span> <span class='ocrx_word' id='word_1_6' title='bbox 450 335 553 397; x_wconf 90' lang='lat' dir='ltr'><strong>subito</strong></span> <span class='ocrx_word' id='word_1_7' title='bbox 565 337 717 398; x_wconf 81' lang='lat' dir='ltr'><strong>omnibus</strong></span> <span class='ocrx_word' id='word_1_8' title='bbox 740 338 838 413; x_wconf 88' lang='lat' dir='ltr'><strong>copiis</strong></span> <span class='ocrx_word' id='word_1_9' title='bbox 853 343 1035 415; x_wconf 74' lang='lat' dir='ltr'><strong>provolave-</strong></span> 
     </span>
     <span class='ocr_line' id='line_1_3' title="bbox 61 421 1036 497; baseline 0.006 -14"><span class='ocrx_word' id='word_1_10' title='bbox 61 428 128 483; x_wconf 85' lang='lat' dir='ltr'><strong>runt</strong></span> <span class='ocrx_word' id='word_1_11' title='bbox 140 422 359 497; x_wconf 81' lang='lat' dir='ltr'><strong>impetumque</strong></span> <span class='ocrx_word' id='word_1_12' title='bbox 374 421 405 481; x_wconf 91' lang='lat' dir='ltr'><strong>in</strong></span> <span class='ocrx_word' id='word_1_13' title='bbox 426 428 549 482; x_wconf 90' lang='lat' dir='ltr'><strong>nostros</strong></span> <span class='ocrx_word' id='word_1_14' title='bbox 566 422 686 497; x_wconf 81' lang='lat' dir='ltr'><strong>equites</strong></span> <span class='ocrx_word' id='word_1_15' title='bbox 702 423 848 483; x_wconf 89' lang='lat' dir='ltr'><strong>lecerunt.</strong></span> <span class='ocrx_word' id='word_1_16' title='bbox 876 426 931 486; x_wconf 89' lang='lat' dir='ltr'><strong>His</strong></span> <span class='ocrx_word' id='word_1_17' title='bbox 948 429 1036 489; x_wconf 78' lang='lat' dir='ltr'><strong>facile</strong></span> 
     </span>
     <span class='ocr_line' id='line_1_4' title="bbox 62 504 1034 584; baseline 0.005 -17"><span class='ocrx_word' id='word_1_18' title='bbox 62 504 156 584; x_wconf 85' lang='lat' dir='ltr'><strong>pulsis</strong></span> <span class='ocrx_word' id='word_1_19' title='bbox 178 522 218 567; x_wconf 84' lang='lat' dir='ltr'><strong>ac</strong></span> <span class='ocrx_word' id='word_1_20' title='bbox 234 505 426 581; x_wconf 83' lang='lat' dir='ltr'><strong>proturbatis</strong></span> <span class='ocrx_word' id='word_1_21' title='bbox 441 506 611 565; x_wconf 84' lang='lat' dir='ltr'><strong>incredibili</strong></span> <span class='ocrx_word' id='word_1_22' title='bbox 629 506 783 566; x_wconf 87' lang='lat' dir='ltr'><strong>celeritate</strong></span> <span class='ocrx_word' id='word_1_23' title='bbox 798 508 837 566; x_wconf 94' lang='lat' dir='ltr'><strong>ad</strong></span> <span class='ocrx_word' id='word_1_24' title='bbox 852 507 966 571; x_wconf 84' lang='lat' dir='ltr'><strong>flumen</strong></span> <span class='ocrx_word' id='word_1_25' title='bbox 983 513 1034 571; x_wconf 92' lang='lat' dir='ltr'><strong>de-</strong></span> 
     </span>
     <span class='ocr_line' id='line_1_5' title="bbox 31 590 1033 667; baseline 0.005 -16"><span class='ocrx_word' id='word_1_26' title='bbox 31 608 36 615; x_wconf 91' lang='lat'>·</span> <span class='ocrx_word' id='word_1_27' title='bbox 63 597 272 667; x_wconf 88' lang='lat' dir='ltr'><strong>cucurrerunt,</strong></span> <span class='ocrx_word' id='word_1_28' title='bbox 286 596 322 650; x_wconf 92' lang='lat' dir='ltr'><strong>ut</strong></span> <span class='ocrx_word' id='word_1_29' title='bbox 335 605 436 664; x_wconf 90' lang='lat' dir='ltr'><strong>paene</strong></span> <span class='ocrx_word' id='word_1_30' title='bbox 448 604 511 651; x_wconf 89' lang='lat' dir='ltr'><strong>uno</strong></span> <span class='ocrx_word' id='word_1_31' title='bbox 526 597 664 665; x_wconf 88' lang='lat' dir='ltr'><strong>tempore</strong></span> <span class='ocrx_word' id='word_1_32' title='bbox 679 592 762 650; x_wconf 86' lang='lat' dir='ltr'><strong>etad</strong></span> <span class='ocrx_word' id='word_1_33' title='bbox 779 590 874 651; x_wconf 86' lang='lat' dir='ltr'><strong>silvas</strong></span> <span class='ocrx_word' id='word_1_34' title='bbox 890 596 962 654; x_wconf 91' lang='lat' dir='ltr'><strong>etin</strong></span> <span class='ocrx_word' id='word_1_35' title='bbox 978 595 1033 655; x_wconf 81' lang='lat' dir='ltr'><strong>ilu-</strong></span> 
     </span>
     <span class='ocr_line' id='line_1_6' title="bbox 62 674 1033 739; baseline 0.004 -4"><span class='ocrx_word' id='word_1_36' title='bbox 62 676 138 735; x_wconf 88' lang='lat' dir='ltr'><strong>minc</strong></span> <span class='ocrx_word' id='word_1_37' title='bbox 151 680 185 734; x_wconf 90' lang='lat' dir='ltr'><strong>et</strong></span> <span class='ocrx_word' id='word_1_38' title='bbox 199 675 260 734; x_wconf 87' lang='lat' dir='ltr'><strong>iam</strong></span> <span class='ocrx_word' id='word_1_39' title='bbox 275 674 306 733; x_wconf 93' lang='lat' dir='ltr'><strong>in</strong></span> <span class='ocrx_word' id='word_1_40' title='bbox 321 675 461 734; x_wconf 89' lang='lat' dir='ltr'><strong>manibus</strong></span> <span class='ocrx_word' id='word_1_41' title='bbox 474 675 587 734; x_wconf 92' lang='lat' dir='ltr'><strong>nostris</strong></span> <span class='ocrx_word' id='word_1_42' title='bbox 600 675 707 735; x_wconf 89' lang='lat' dir='ltr'><strong>hostes</strong></span> <span class='ocrx_word' id='word_1_43' title='bbox 718 675 904 736; x_wconf 87' lang='lat' dir='ltr'><strong>viderentur.</strong></span> <span class='ocrx_word' id='word_1_44' title='bbox 920 678 1033 739; x_wconf 83' lang='lat' dir='ltr'><strong>Eadem</strong></span> 
     </span>
     <span class='ocr_line' id='line_1_7' title="bbox 32 758 1034 841; baseline 0.005 -21"><span class='ocrx_word' id='word_1_45' title='bbox 32 814 35 819; x_wconf 91' lang='lat'>.</span> <span class='ocrx_word' id='word_1_46' title='bbox 63 766 161 820; x_wconf 80' lang='lat' dir='ltr'><strong>eutem</strong></span> <span class='ocrx_word' id='word_1_47' title='bbox 177 758 335 818; x_wconf 87' lang='lat' dir='ltr'><strong>celeritate</strong></span> <span class='ocrx_word' id='word_1_48' title='bbox 350 759 481 819; x_wconf 88' lang='lat' dir='ltr'><strong>adverso</strong></span> <span class='ocrx_word' id='word_1_49' title='bbox 495 760 573 819; x_wconf 90' lang='lat' dir='ltr'><strong>colle</strong></span> <span class='ocrx_word' id='word_1_50' title='bbox 584 760 623 818; x_wconf 81' lang='lat' dir='ltr'><strong>ad</strong></span> <span class='ocrx_word' id='word_1_51' title='bbox 636 767 741 819; x_wconf 88' lang='lat' dir='ltr'><strong>nostra</strong></span> <span class='ocrx_word' id='word_1_52' title='bbox 753 767 855 820; x_wconf 84' lang='lat' dir='ltr'><strong>castre</strong></span> <span class='ocrx_word' id='word_1_53' title='bbox 866 768 958 838; x_wconf 87' lang='lat' dir='ltr'><strong>atquc</strong></span> <span class='ocrx_word' id='word_1_54' title='bbox 970 780 1034 841; x_wconf 91' lang='lat' dir='ltr'><strong>eos,</strong></span> 
     </span>
     <span class='ocr_line' id='line_1_8' title="bbox 63 844 787 920; baseline -0.004 -15"><span class='ocrx_word' id='word_1_55' title='bbox 63 844 158 920; x_wconf 90' lang='lat' dir='ltr'><strong>quiin</strong></span> <span class='ocrx_word' id='word_1_56' title='bbox 174 858 272 917; x_wconf 90' lang='lat' dir='ltr'><strong>opere</strong></span> <span class='ocrx_word' id='word_1_57' title='bbox 287 844 429 918; x_wconf 90' lang='lat' dir='ltr'><strong>occupati</strong></span> <span class='ocrx_word' id='word_1_58' title='bbox 446 850 539 918; x_wconf 81' lang='lat' dir='ltr'><strong>erant,</strong></span> <span class='ocrx_word' id='word_1_59' title='bbox 557 844 787 903; x_wconf 88' lang='lat' dir='ltr'><strong>contenderunt.</strong></span> 
     </span>
    </p>

    <p class='ocr_par' dir='ltr' id='par_1_3' title="bbox 29 927 1035 2184">
     <span class='ocr_line' id='line_1_9' title="bbox 141 927 1033 1002; baseline 0.004 -16"><span class='ocrx_word' id='word_1_60' title='bbox 141 927 208 987; x_wconf 86' lang='lat' dir='ltr'><strong>XX.</strong></span> <span class='ocrx_word' id='word_1_61' title='bbox 232 927 356 987; x_wconf 81' lang='lat' dir='ltr'><strong>Caesari</strong></span> <span class='ocrx_word' id='word_1_62' title='bbox 371 928 474 988; x_wconf 84' lang='lat' dir='ltr'><strong>omnia</strong></span> <span class='ocrx_word' id='word_1_63' title='bbox 489 944 549 987; x_wconf 92' lang='lat' dir='ltr'><strong>uno</strong></span> <span class='ocrx_word' id='word_1_64' title='bbox 565 934 703 1002; x_wconf 86' lang='lat' dir='ltr'><strong>tempore</strong></span> <span class='ocrx_word' id='word_1_65' title='bbox 718 934 804 988; x_wconf 88' lang='lat' dir='ltr'><strong>erant</strong></span> <span class='ocrx_word' id='word_1_66' title='bbox 819 929 956 1002; x_wconf 68' lang='lat' dir='ltr'><strong>agendam</strong></span> <span class='ocrx_word' id='word_1_67' title='bbox 982 945 1033 989; x_wconf 86' lang='lat' dir='ltr'><strong>re-</strong></span> 
     </span>
     <span class='ocr_line' id='line_1_10' title="bbox 63 1011 1035 1086; baseline 0.001 -15"><span class='ocrx_word' id='word_1_68' title='bbox 63 1011 162 1071; x_wconf 85' lang='lat' dir='ltr'><strong>xillum</strong></span> <span class='ocrx_word' id='word_1_69' title='bbox 178 1013 433 1086; x_wconf 92' lang='lat' dir='ltr'><strong>proponendum,</strong></span> <span class='ocrx_word' id='word_1_70' title='bbox 460 1013 543 1086; x_wconf 90' lang='lat' dir='ltr'><strong>quod</strong></span> <span class='ocrx_word' id='word_1_71' title='bbox 559 1019 624 1071; x_wconf 86' lang='lat' dir='ltr'><strong>erat</strong></span> <span class='ocrx_word' id='word_1_72' title='bbox 638 1012 772 1086; x_wconf 83' lang='lat' dir='ltr'><strong>insigne,</strong></span> <span class='ocrx_word' id='word_1_73' title='bbox 799 1029 866 1072; x_wconf 92' lang='lat' dir='ltr'><strong>cum</strong></span> <span class='ocrx_word' id='word_1_74' title='bbox 889 1014 927 1071; x_wconf 81' lang='lat' dir='ltr'><strong>ad</strong></span> <span class='ocrx_word' id='word_1_75' title='bbox 951 1028 1035 1072; x_wconf 85' lang='lat' dir='ltr'><strong>anna</strong></span> 
     </span>
     <span class='ocr_line' id='line_1_11' title="bbox 33 1096 1032 1171; baseline 0.001 -14"><span class='ocrx_word' id='word_1_76' title='bbox 33 1110 37 1115; x_wconf 87' lang='lat'>·</span> <span class='ocrx_word' id='word_1_77' title='bbox 64 1096 202 1157; x_wconf 83' lang='lat' dir='ltr'><strong>concurri</strong></span> <span class='ocrx_word' id='word_1_78' title='bbox 218 1102 383 1171; x_wconf 85' lang='lat' dir='ltr'><strong>oporteret,</strong></span> <span class='ocrx_word' id='word_1_79' title='bbox 399 1096 518 1170; x_wconf 92' lang='lat' dir='ltr'><strong>signum</strong></span> <span class='ocrx_word' id='word_1_80' title='bbox 534 1097 607 1156; x_wconf 89' lang='lat' dir='ltr'><strong>tuba</strong></span> <span class='ocrx_word' id='word_1_81' title='bbox 622 1096 764 1170; x_wconf 91' lang='lat' dir='ltr'><strong>dandum,</strong></span> <span class='ocrx_word' id='word_1_82' title='bbox 781 1096 820 1155; x_wconf 87' lang='lat' dir='ltr'><strong>ab</strong></span> <span class='ocrx_word' id='word_1_83' title='bbox 836 1112 930 1171; x_wconf 85' lang='lat' dir='ltr'><strong>opere</strong></span> <span class='ocrx_word' id='word_1_84' title='bbox 944 1114 1032 1158; x_wconf 89' lang='lat' dir='ltr'><strong>revo-</strong></span> 
     </span>
     <span class='ocr_line' id='line_1_12' title="bbox 29 1179 1033 1255; baseline 0.003 -15"><span class='ocrx_word' id='word_1_85' title='bbox 29 1202 32 1207; x_wconf 93' lang='lat'>·</span> <span class='ocrx_word' id='word_1_86' title='bbox 65 1180 150 1240; x_wconf 80' lang='lat' dir='ltr'><strong>cendi</strong></span> <span class='ocrx_word' id='word_1_87' title='bbox 172 1179 303 1254; x_wconf 87' lang='lat' dir='ltr'><strong>milites,</strong></span> <span class='ocrx_word' id='word_1_88' title='bbox 330 1181 381 1255; x_wconf 92' lang='lat' dir='ltr'><strong>qui</strong></span> <span class='ocrx_word' id='word_1_89' title='bbox 404 1182 496 1255; x_wconf 92' lang='lat' dir='ltr'><strong>paulo</strong></span> <span class='ocrx_word' id='word_1_90' title='bbox 519 1181 641 1254; x_wconf 89' lang='lat' dir='ltr'><strong>longius</strong></span> <span class='ocrx_word' id='word_1_91' title='bbox 663 1180 783 1255; x_wconf 80' lang='lat' dir='ltr'><strong>aggeris</strong></span> <span class='ocrx_word' id='word_1_92' title='bbox 799 1181 922 1255; x_wconf 88' lang='lat' dir='ltr'><strong>petendi</strong></span> <span class='ocrx_word' id='word_1_93' title='bbox 939 1198 1033 1243; x_wconf 88' lang='lat' dir='ltr'><strong>causa</strong></span> 
     </span>
     <span class='ocr_line' id='line_1_13' title="bbox 34 1260 1031 1341; baseline 0.001 -17"><span class='ocrx_word' id='word_1_94' title='bbox 34 1268 40 1273; x_wconf 86' lang='lat'>&#39;</span> <span class='ocrx_word' id='word_1_95' title='bbox 62 1271 288 1341; x_wconf 86' lang='lat' dir='ltr'><strong>processerant,</strong></span> <span class='ocrx_word' id='word_1_96' title='bbox 304 1266 491 1341; x_wconf 87' lang='lat' dir='ltr'><strong>arcessendi,</strong></span> <span class='ocrx_word' id='word_1_97' title='bbox 505 1266 587 1325; x_wconf 90' lang='lat' dir='ltr'><strong>acies</strong></span> <span class='ocrx_word' id='word_1_98' title='bbox 598 1260 785 1338; x_wconf 88' lang='lat' dir='ltr'><strong>instruenda,</strong></span> <span class='ocrx_word' id='word_1_99' title='bbox 801 1266 910 1325; x_wconf 89' lang='lat' dir='ltr'><strong>milites</strong></span> <span class='ocrx_word' id='word_1_100' title='bbox 923 1267 1031 1327; x_wconf 92' lang='lat' dir='ltr'><strong>cohor-</strong></span> 
     </span>
     <span class='ocr_line' id='line_1_14' title="bbox 63 1348 1031 1424; baseline 0 -15"><span class='ocrx_word' id='word_1_101' title='bbox 63 1349 158 1423; x_wconf 85' lang='lat' dir='ltr'><strong>tandi,</strong></span> <span class='ocrx_word' id='word_1_102' title='bbox 187 1348 309 1423; x_wconf 89' lang='lat' dir='ltr'><strong>signum</strong></span> <span class='ocrx_word' id='word_1_103' title='bbox 324 1350 468 1419; x_wconf 86' lang='lat' dir='ltr'><strong>dandum.</strong></span> <span class='ocrx_word' id='word_1_104' title='bbox 498 1350 629 1424; x_wconf 83' lang='lat' dir='ltr'><strong>Quarum</strong></span> <span class='ocrx_word' id='word_1_105' title='bbox 644 1365 745 1408; x_wconf 88' lang='lat' dir='ltr'><strong>rerum</strong></span> <span class='ocrx_word' id='word_1_106' title='bbox 760 1365 900 1423; x_wconf 86' lang='lat' dir='ltr'><strong>magnam</strong></span> <span class='ocrx_word' id='word_1_107' title='bbox 915 1359 1031 1424; x_wconf 69' lang='lat' dir='ltr'><strong>partem</strong></span> 
     </span>
     <span class='ocr_line' id='line_1_15' title="bbox 62 1432 1031 1509; baseline 0.003 -16"><span class='ocrx_word' id='word_1_108' title='bbox 62 1433 207 1507; x_wconf 89' lang='lat' dir='ltr'><strong>temporis</strong></span> <span class='ocrx_word' id='word_1_109' title='bbox 230 1432 366 1494; x_wconf 86' lang='lat' dir='ltr'><strong>brevitas</strong></span> <span class='ocrx_word' id='word_1_110' title='bbox 389 1439 419 1493; x_wconf 93' lang='lat' dir='ltr'><strong>et</strong></span> <span class='ocrx_word' id='word_1_111' title='bbox 433 1450 599 1494; x_wconf 88' lang='lat' dir='ltr'><strong>successus</strong></span> <span class='ocrx_word' id='word_1_112' title='bbox 615 1433 748 1495; x_wconf 88' lang='lat' dir='ltr'><strong>bostium</strong></span> <span class='ocrx_word' id='word_1_113' title='bbox 762 1435 947 1509; x_wconf 90' lang='lat' dir='ltr'><strong>inpediebat.</strong></span> <span class='ocrx_word' id='word_1_114' title='bbox 976 1434 1031 1497; x_wconf 89' lang='lat' dir='ltr'><strong>His</strong></span> 
     </span>
     <span class='ocr_line' id='line_1_16' title="bbox 34 1516 1032 1596; baseline 0.004 -18"><span class='ocrx_word' id='word_1_115' title='bbox 34 1532 37 1537; x_wconf 85' lang='lat'>·</span> <span class='ocrx_word' id='word_1_116' title='bbox 62 1516 289 1579; x_wconf 85' lang='lat' dir='ltr'><strong>difficultatibus</strong></span> <span class='ocrx_word' id='word_1_117' title='bbox 316 1518 398 1577; x_wconf 88' lang='lat' dir='ltr'><strong>duae</strong></span> <span class='ocrx_word' id='word_1_118' title='bbox 422 1534 473 1579; x_wconf 89' lang='lat' dir='ltr'><strong>res</strong></span> <span class='ocrx_word' id='word_1_119' title='bbox 500 1527 587 1578; x_wconf 90' lang='lat' dir='ltr'><strong>erant</strong></span> <span class='ocrx_word' id='word_1_120' title='bbox 611 1518 767 1593; x_wconf 89' lang='lat' dir='ltr'><strong>subsidio,</strong></span> <span class='ocrx_word' id='word_1_121' title='bbox 793 1519 920 1579; x_wconf 89' lang='lat' dir='ltr'><strong>scientia</strong></span> <span class='ocrx_word' id='word_1_122' title='bbox 940 1528 1032 1596; x_wconf 91' lang='lat' dir='ltr'><strong>atque</strong></span> 
     </span>
     <span class='ocr_line' id='line_1_17' title="bbox 61 1601 1029 1679; baseline 0.001 -16"><span class='ocrx_word' id='word_1_123' title='bbox 61 1617 133 1663; x_wconf 88' lang='lat' dir='ltr'><strong>usus</strong></span> <span class='ocrx_word' id='word_1_124' title='bbox 148 1601 286 1676; x_wconf 93' lang='lat' dir='ltr'><strong>militum,</strong></span> <span class='ocrx_word' id='word_1_125' title='bbox 303 1603 387 1677; x_wconf 89' lang='lat' dir='ltr'><strong>quod</strong></span> <span class='ocrx_word' id='word_1_126' title='bbox 403 1603 613 1677; x_wconf 92' lang='lat' dir='ltr'><strong>superioribus</strong></span> <span class='ocrx_word' id='word_1_127' title='bbox 628 1603 754 1678; x_wconf 90' lang='lat' dir='ltr'><strong>proeliis</strong></span> <span class='ocrx_word' id='word_1_128' title='bbox 770 1604 942 1677; x_wconf 86' lang='lat' dir='ltr'><strong>exercitati,</strong></span> <span class='ocrx_word' id='word_1_129' title='bbox 959 1604 1029 1679; x_wconf 89' lang='lat' dir='ltr'><strong>quid</strong></span> 
     </span>
     <span class='ocr_line' id='line_1_18' title="bbox 61 1686 1031 1762; baseline 0.001 -15"><span class='ocrx_word' id='word_1_130' title='bbox 61 1686 124 1747; x_wconf 85' lang='lat' dir='ltr'><strong>fleri</strong></span> <span class='ocrx_word' id='word_1_131' title='bbox 138 1691 305 1760; x_wconf 73' lang='lat' dir='ltr'><strong>oporteret</strong></span> <span class='ocrx_word' id='word_1_132' title='bbox 322 1703 383 1746; x_wconf 93' lang='lat' dir='ltr'><strong>non</strong></span> <span class='ocrx_word' id='word_1_133' title='bbox 398 1688 497 1747; x_wconf 88' lang='lat' dir='ltr'><strong>minus</strong></span> <span class='ocrx_word' id='word_1_134' title='bbox 509 1688 669 1748; x_wconf 90' lang='lat' dir='ltr'><strong>commode</strong></span> <span class='ocrx_word' id='word_1_135' title='bbox 680 1687 740 1762; x_wconf 90' lang='lat' dir='ltr'><strong>ipsi</strong></span> <span class='ocrx_word' id='word_1_136' title='bbox 752 1687 809 1747; x_wconf 91' lang='lat' dir='ltr'><strong>sibi</strong></span> <span class='ocrx_word' id='word_1_137' title='bbox 821 1689 1031 1762; x_wconf 86' lang='lat' dir='ltr'><strong>praescribere</strong></span> 
     </span>
     <span class='ocr_line' id='line_1_19' title="bbox 62 1769 1029 1847; baseline 0.002 -17"><span class='ocrx_word' id='word_1_138' title='bbox 62 1786 149 1847; x_wconf 92' lang='lat' dir='ltr'><strong>quam</strong></span> <span class='ocrx_word' id='word_1_139' title='bbox 164 1769 204 1829; x_wconf 85' lang='lat' dir='ltr'><strong>ab</strong></span> <span class='ocrx_word' id='word_1_140' title='bbox 219 1769 288 1828; x_wconf 89' lang='lat' dir='ltr'><strong>aliis</strong></span> <span class='ocrx_word' id='word_1_141' title='bbox 303 1770 409 1831; x_wconf 83' lang='lat' dir='ltr'><strong>doceri</strong></span> <span class='ocrx_word' id='word_1_142' title='bbox 424 1777 573 1847; x_wconf 85' lang='lat' dir='ltr'><strong>poterant,</strong></span> <span class='ocrx_word' id='word_1_143' title='bbox 589 1780 619 1832; x_wconf 92' lang='lat' dir='ltr'><strong>et</strong></span> <span class='ocrx_word' id='word_1_144' title='bbox 633 1771 718 1846; x_wconf 89' lang='lat' dir='ltr'><strong>quod</strong></span> <span class='ocrx_word' id='word_1_145' title='bbox 729 1771 767 1830; x_wconf 91' lang='lat' dir='ltr'><strong>ab</strong></span> <span class='ocrx_word' id='word_1_146' title='bbox 780 1772 1029 1845; x_wconf 84' lang='lat' dir='ltr'><strong>operesingulis-</strong></span> 
     </span>
     <span class='ocr_line' id='line_1_20' title="bbox 62 1853 1028 1932; baseline 0.003 -18"><span class='ocrx_word' id='word_1_147' title='bbox 62 1869 119 1932; x_wconf 91' lang='lat' dir='ltr'><strong>que</strong></span> <span class='ocrx_word' id='word_1_148' title='bbox 132 1853 306 1929; x_wconf 87' lang='lat' dir='ltr'><strong>legionibus</strong></span> <span class='ocrx_word' id='word_1_149' title='bbox 318 1855 457 1930; x_wconf 88' lang='lat' dir='ltr'><strong>singulos</strong></span> <span class='ocrx_word' id='word_1_150' title='bbox 469 1857 587 1930; x_wconf 86' lang='lat' dir='ltr'><strong>legatos</strong></span> <span class='ocrx_word' id='word_1_151' title='bbox 601 1857 712 1916; x_wconf 85' lang='lat' dir='ltr'><strong>Caesar</strong></span> <span class='ocrx_word' id='word_1_152' title='bbox 724 1855 885 1913; x_wconf 86' lang='lat' dir='ltr'><strong>discedere</strong></span> <span class='ocrx_word' id='word_1_153' title='bbox 897 1855 955 1914; x_wconf 92' lang='lat' dir='ltr'><strong>nisi</strong></span> <span class='ocrx_word' id='word_1_154' title='bbox 967 1873 1028 1917; x_wconf 90' lang='lat' dir='ltr'><strong>mu-</strong></span> 
     </span>
     <span class='ocr_line' id='line_1_21' title="bbox 62 1938 1028 2014; baseline 0.003 -16"><span class='ocrx_word' id='word_1_155' title='bbox 62 1938 128 1999; x_wconf 91' lang='lat' dir='ltr'><strong>nitis</strong></span> <span class='ocrx_word' id='word_1_156' title='bbox 143 1938 254 1999; x_wconf 90' lang='lat' dir='ltr'><strong>castris</strong></span> <span class='ocrx_word' id='word_1_157' title='bbox 268 1944 418 2000; x_wconf 89' lang='lat' dir='ltr'><strong>vetuerat.</strong></span> <span class='ocrx_word' id='word_1_158' title='bbox 447 1941 483 2000; x_wconf 92' lang='lat' dir='ltr'><strong>Hi</strong></span> <span class='ocrx_word' id='word_1_159' title='bbox 504 1947 632 2014; x_wconf 89' lang='lat' dir='ltr'><strong>propter</strong></span> <span class='ocrx_word' id='word_1_160' title='bbox 652 1939 912 2014; x_wconf 88' lang='lat' dir='ltr'><strong>propinquitatem</strong></span> <span class='ocrx_word' id='word_1_161' title='bbox 931 1945 961 1998; x_wconf 88' lang='lat' dir='ltr'><strong>el</strong></span> <span class='ocrx_word' id='word_1_162' title='bbox 982 1956 1028 2001; x_wconf 92' lang='lat' dir='ltr'><strong>ce-</strong></span> 
     </span>
     <span class='ocr_line' id='line_1_22' title="bbox 60 2021 1026 2098; baseline 0.001 -15"><span class='ocrx_word' id='word_1_163' title='bbox 60 2022 204 2084; x_wconf 87' lang='lat' dir='ltr'><strong>leritatem</strong></span> <span class='ocrx_word' id='word_1_164' title='bbox 225 2021 360 2083; x_wconf 89' lang='lat' dir='ltr'><strong>hostium</strong></span> <span class='ocrx_word' id='word_1_165' title='bbox 381 2024 453 2083; x_wconf 92' lang='lat' dir='ltr'><strong>nihil</strong></span> <span class='ocrx_word' id='word_1_166' title='bbox 475 2025 533 2083; x_wconf 84' lang='lat' dir='ltr'><strong>iam</strong></span> <span class='ocrx_word' id='word_1_167' title='bbox 550 2025 689 2084; x_wconf 84' lang='lat' dir='ltr'><strong>Caesaris</strong></span> <span class='ocrx_word' id='word_1_168' title='bbox 710 2024 870 2098; x_wconf 88' lang='lat' dir='ltr'><strong>imperium</strong></span> <span class='ocrx_word' id='word_1_169' title='bbox 887 2032 1026 2098; x_wconf 87' lang='lat' dir='ltr'><strong>expecta·</strong></span> 
     </span>
     <span class='ocr_line' id='line_1_23' title="bbox 60 2105 898 2184; baseline -0.002 -16"><span class='ocrx_word' id='word_1_170' title='bbox 60 2105 138 2184; x_wconf 85' lang='lat' dir='ltr'><strong>bant,</strong></span> <span class='ocrx_word' id='word_1_171' title='bbox 154 2109 212 2166; x_wconf 89' lang='lat' dir='ltr'><strong>sed</strong></span> <span class='ocrx_word' id='word_1_172' title='bbox 228 2123 285 2181; x_wconf 89' lang='lat' dir='ltr'><strong>per</strong></span> <span class='ocrx_word' id='word_1_173' title='bbox 299 2123 335 2167; x_wconf 92' lang='lat' dir='ltr'><strong>se</strong></span> <span class='ocrx_word' id='word_1_174' title='bbox 350 2124 429 2183; x_wconf 91' lang='lat' dir='ltr'><strong>quae</strong></span> <span class='ocrx_word' id='word_1_175' title='bbox 443 2108 625 2169; x_wconf 91' lang='lat' dir='ltr'><strong>videbantur</strong></span> <span class='ocrx_word' id='word_1_176' title='bbox 639 2109 898 2168; x_wconf 88' lang='lat' dir='ltr'><strong>administrabant.</strong></span> 
     </span>
    </p>

    <p class='ocr_par' dir='ltr' id='par_1_4' title="bbox 26 2191 1030 3365">
     <span class='ocr_line' id='line_1_24' title="bbox 138 2191 1026 2267; baseline 0.001 -15"><span class='ocrx_word' id='word_1_177' title='bbox 138 2192 217 2252; x_wconf 89' lang='lat' dir='ltr'>XXI.</span> <span class='ocrx_word' id='word_1_178' title='bbox 241 2191 362 2252; x_wconf 79' lang='lat' dir='ltr'><strong>Caesar</strong></span> <span class='ocrx_word' id='word_1_179' title='bbox 376 2194 560 2253; x_wconf 88' lang='lat' dir='ltr'><strong>necessariis</strong></span> <span class='ocrx_word' id='word_1_180' title='bbox 582 2193 674 2253; x_wconf 90' lang='lat' dir='ltr'><strong>rebus</strong></span> <span class='ocrx_word' id='word_1_181' title='bbox 696 2193 851 2267; x_wconf 90' lang='lat' dir='ltr'><strong>imperatis</strong></span> <span class='ocrx_word' id='word_1_182' title='bbox 866 2194 906 2252; x_wconf 90' lang='lat' dir='ltr'><strong>ad</strong></span> <span class='ocrx_word' id='word_1_183' title='bbox 922 2193 1026 2255; x_wconf 90' lang='lat' dir='ltr'><strong>cohor-</strong></span> 
     </span>
     <span class='ocr_line' id='line_1_25' title="bbox 26 2275 1027 2352; baseline 0.002 -16"><span class='ocrx_word' id='word_1_184' title='bbox 26 2284 31 2293; x_wconf 91' lang='lat'>&#39;</span> <span class='ocrx_word' id='word_1_185' title='bbox 60 2275 169 2337; x_wconf 77' lang='lat' dir='ltr'><strong>andos</strong></span> <span class='ocrx_word' id='word_1_186' title='bbox 190 2275 317 2351; x_wconf 88' lang='lat' dir='ltr'><strong>milites,</strong></span> <span class='ocrx_word' id='word_1_187' title='bbox 344 2293 435 2351; x_wconf 90' lang='lat' dir='ltr'><strong>quam</strong></span> <span class='ocrx_word' id='word_1_188' title='bbox 451 2278 480 2336; x_wconf 95' lang='lat' dir='ltr'><strong>in</strong></span> <span class='ocrx_word' id='word_1_189' title='bbox 496 2285 613 2352; x_wconf 89' lang='lat' dir='ltr'><strong>partem</strong></span> <span class='ocrx_word' id='word_1_190' title='bbox 630 2278 693 2337; x_wconf 87' lang='lat' dir='ltr'><strong>sors</strong></span> <span class='ocrx_word' id='word_1_191' title='bbox 710 2278 831 2351; x_wconf 90' lang='lat' dir='ltr'><strong>obtulit,</strong></span> <span class='ocrx_word' id='word_1_192' title='bbox 858 2277 1027 2338; x_wconf 89' lang='lat' dir='ltr'><strong>decucurrit</strong></span> 
     </span>
     <span class='ocr_line' id='line_1_26' title="bbox 58 2361 1030 2436; baseline 0.001 -16"><span class='ocrx_word' id='word_1_193' title='bbox 58 2367 87 2420; x_wconf 91' lang='lat' dir='ltr'><strong>et</strong></span> <span class='ocrx_word' id='word_1_194' title='bbox 108 2361 149 2420; x_wconf 88' lang='lat' dir='ltr'><strong>ad</strong></span> <span class='ocrx_word' id='word_1_195' title='bbox 170 2361 320 2435; x_wconf 89' lang='lat' dir='ltr'><strong>legionem</strong></span> <span class='ocrx_word' id='word_1_196' title='bbox 343 2361 501 2421; x_wconf 87' lang='lat' dir='ltr'><strong>decumam</strong></span> <span class='ocrx_word' id='word_1_197' title='bbox 524 2362 654 2421; x_wconf 88' lang='lat' dir='ltr'><strong>devenit.</strong></span> <span class='ocrx_word' id='word_1_198' title='bbox 683 2361 793 2421; x_wconf 87' lang='lat' dir='ltr'><strong>Milites</strong></span> <span class='ocrx_word' id='word_1_199' title='bbox 815 2378 876 2423; x_wconf 92' lang='lat' dir='ltr'><strong>non</strong></span> <span class='ocrx_word' id='word_1_200' title='bbox 893 2365 1030 2436; x_wconf 89' lang='lat' dir='ltr'><strong>longiore</strong></span> 
     </span>
     <span class='ocr_line' id='line_1_27' title="bbox 59 2445 1029 2527; baseline 0.002 -23"><span class='ocrx_word' id='word_1_201' title='bbox 59 2446 196 2506; x_wconf 88' lang='lat' dir='ltr'><strong>oratione</strong></span> <span class='ocrx_word' id='word_1_202' title='bbox 212 2445 400 2519; x_wconf 86' lang='lat' dir='ltr'><strong>cohortatus,</strong></span> <span class='ocrx_word' id='word_1_203' title='bbox 417 2462 507 2522; x_wconf 91' lang='lat' dir='ltr'><strong>quam</strong></span> <span class='ocrx_word' id='word_1_204' title='bbox 523 2447 566 2506; x_wconf 92' lang='lat' dir='ltr'><strong>uti</strong></span> <span class='ocrx_word' id='word_1_205' title='bbox 581 2462 656 2527; x_wconf 81' lang='lat' dir='ltr'><strong>suae</strong></span> <span class='ocrx_word' id='word_1_206' title='bbox 671 2446 819 2520; x_wconf 84' lang='lat' dir='ltr'><strong>pristinae</strong></span> <span class='ocrx_word' id='word_1_207' title='bbox 832 2447 952 2507; x_wconf 86' lang='lat' dir='ltr'><strong>virtutis</strong></span> <span class='ocrx_word' id='word_1_208' title='bbox 968 2462 1029 2506; x_wconf 89' lang='lat' dir='ltr'><strong>me-</strong></span> 
     </span>
     <span class='ocr_line' id='line_1_28' title="bbox 58 2529 1029 2606; baseline 0.002 -17"><span class='ocrx_word' id='word_1_209' title='bbox 58 2529 183 2589; x_wconf 89' lang='lat' dir='ltr'><strong>moriam</strong></span> <span class='ocrx_word' id='word_1_210' title='bbox 197 2529 365 2587; x_wconf 89' lang='lat' dir='ltr'><strong>retinerent</strong></span> <span class='ocrx_word' id='word_1_211' title='bbox 378 2546 438 2590; x_wconf 91' lang='lat' dir='ltr'><strong>neu</strong></span> <span class='ocrx_word' id='word_1_212' title='bbox 452 2531 703 2604; x_wconf 89' lang='lat' dir='ltr'><strong>perturbarentur</strong></span> <span class='ocrx_word' id='word_1_213' title='bbox 718 2531 818 2589; x_wconf 89' lang='lat' dir='ltr'><strong>animo</strong></span> <span class='ocrx_word' id='word_1_214' title='bbox 833 2531 1029 2606; x_wconf 89' lang='lat' dir='ltr'><strong>hostiumque</strong></span> 
     </span>
     <span class='ocr_line' id='line_1_29' title="bbox 57 2613 1028 2690; baseline 0.002 -18"><span class='ocrx_word' id='word_1_215' title='bbox 57 2613 202 2688; x_wconf 89' lang='lat' dir='ltr'><strong>impetum</strong></span> <span class='ocrx_word' id='word_1_216' title='bbox 224 2613 343 2672; x_wconf 87' lang='lat' dir='ltr'><strong>sortiter</strong></span> <span class='ocrx_word' id='word_1_217' title='bbox 363 2615 563 2688; x_wconf 87' lang='lat' dir='ltr'><strong>sustinerent,</strong></span> <span class='ocrx_word' id='word_1_218' title='bbox 592 2614 675 2690; x_wconf 89' lang='lat' dir='ltr'><strong>quod</strong></span> <span class='ocrx_word' id='word_1_219' title='bbox 695 2631 755 2674; x_wconf 91' lang='lat' dir='ltr'><strong>non</strong></span> <span class='ocrx_word' id='word_1_220' title='bbox 779 2616 900 2689; x_wconf 89' lang='lat' dir='ltr'><strong>longius</strong></span> <span class='ocrx_word' id='word_1_221' title='bbox 923 2615 1028 2675; x_wconf 85' lang='lat' dir='ltr'><strong>hostes</strong></span> 
     </span>
     <span class='ocr_line' id='line_1_30' title="bbox 58 2698 1027 2773; baseline 0.002 -16"><span class='ocrx_word' id='word_1_222' title='bbox 58 2698 184 2757; x_wconf 87' lang='lat' dir='ltr'><strong>aberant</strong></span> <span class='ocrx_word' id='word_1_223' title='bbox 204 2713 296 2773; x_wconf 91' lang='lat' dir='ltr'><strong>quam</strong></span> <span class='ocrx_word' id='word_1_224' title='bbox 318 2713 379 2772; x_wconf 92' lang='lat' dir='ltr'><strong>quo</strong></span> <span class='ocrx_word' id='word_1_225' title='bbox 401 2700 492 2758; x_wconf 89' lang='lat' dir='ltr'><strong>telum</strong></span> <span class='ocrx_word' id='word_1_226' title='bbox 515 2699 593 2757; x_wconf 89' lang='lat' dir='ltr'><strong>adici</strong></span> <span class='ocrx_word' id='word_1_227' title='bbox 615 2704 738 2773; x_wconf 87' lang='lat' dir='ltr'><strong>posset,</strong></span> <span class='ocrx_word' id='word_1_228' title='bbox 764 2699 871 2772; x_wconf 90' lang='lat' dir='ltr'><strong>proelii</strong></span> <span class='ocrx_word' id='word_1_229' title='bbox 894 2700 1027 2759; x_wconf 89' lang='lat' dir='ltr'><strong>commil-</strong></span> 
     </span>
     <span class='ocr_line' id='line_1_31' title="bbox 58 2781 1026 2858; baseline 0.001 -17"><span class='ocrx_word' id='word_1_230' title='bbox 58 2783 136 2841; x_wconf 92' lang='lat' dir='ltr'><strong>tendi</strong></span> <span class='ocrx_word' id='word_1_231' title='bbox 153 2781 275 2856; x_wconf 91' lang='lat' dir='ltr'><strong>signum</strong></span> <span class='ocrx_word' id='word_1_232' title='bbox 291 2781 383 2840; x_wconf 88' lang='lat' dir='ltr'><strong>dedit.</strong></span> <span class='ocrx_word' id='word_1_233' title='bbox 400 2783 502 2858; x_wconf 85' lang='lat' dir='ltr'><strong>Atque</strong></span> <span class='ocrx_word' id='word_1_234' title='bbox 517 2783 546 2841; x_wconf 93' lang='lat' dir='ltr'><strong>in</strong></span> <span class='ocrx_word' id='word_1_235' title='bbox 563 2784 685 2842; x_wconf 90' lang='lat' dir='ltr'><strong>alteram</strong></span> <span class='ocrx_word' id='word_1_236' title='bbox 701 2789 819 2856; x_wconf 90' lang='lat' dir='ltr'><strong>partem</strong></span> <span class='ocrx_word' id='word_1_237' title='bbox 833 2783 904 2841; x_wconf 87' lang='lat' dir='ltr'><strong>item</strong></span> <span class='ocrx_word' id='word_1_238' title='bbox 920 2783 1026 2844; x_wconf 87' lang='lat' dir='ltr'><strong>cohor-</strong></span> 
     </span>
     <span class='ocr_line' id='line_1_32' title="bbox 28 2866 1027 2942; baseline 0.008 -23"><span class='ocrx_word' id='word_1_239' title='bbox 28 2914 31 2919; x_wconf 87' lang='lat'>.</span> <span class='ocrx_word' id='word_1_240' title='bbox 59 2866 137 2926; x_wconf 82' lang='lat' dir='ltr'><strong>tendi</strong></span> <span class='ocrx_word' id='word_1_241' title='bbox 161 2881 257 2925; x_wconf 90' lang='lat' dir='ltr'><strong>causa</strong></span> <span class='ocrx_word' id='word_1_242' title='bbox 279 2866 437 2938; x_wconf 87' lang='lat' dir='ltr'><strong>proiectus</strong></span> <span class='ocrx_word' id='word_1_243' title='bbox 459 2867 666 2942; x_wconf 85' lang='lat' dir='ltr'><strong>pugnantibus</strong></span> <span class='ocrx_word' id='word_1_244' title='bbox 694 2867 833 2927; x_wconf 89' lang='lat' dir='ltr'><strong>occurrit.</strong></span> <span class='ocrx_word' id='word_1_245' title='bbox 869 2869 1027 2942; x_wconf 85' lang='lat' dir='ltr'><strong>Temporis</strong></span> 
     </span>
     <span class='ocr_line' id='line_1_33' title="bbox 59 2949 1012 3026; baseline 0.001 -17"><span class='ocrx_word' id='word_1_246' title='bbox 59 2956 138 3010; x_wconf 84' lang='lat' dir='ltr'><strong>tanta</strong></span> <span class='ocrx_word' id='word_1_247' title='bbox 160 2950 217 3009; x_wconf 89' lang='lat' dir='ltr'><strong>luit</strong></span> <span class='ocrx_word' id='word_1_248' title='bbox 228 2949 389 3023; x_wconf 83' lang='lat' dir='ltr'><strong>exiguitas</strong></span> <span class='ocrx_word' id='word_1_249' title='bbox 404 2950 598 3026; x_wconf 90' lang='lat' dir='ltr'><strong>hostiumque</strong></span> <span class='ocrx_word' id='word_1_250' title='bbox 612 2959 673 3010; x_wconf 83' lang='lat' dir='ltr'><strong>tani</strong></span> <span class='ocrx_word' id='word_1_251' title='bbox 688 2959 813 3025; x_wconf 87' lang='lat' dir='ltr'><strong>paratus</strong></span> <span class='ocrx_word' id='word_1_252' title='bbox 830 2952 868 3010; x_wconf 85' lang='lat' dir='ltr'><strong>ad</strong></span> <span class='ocrx_word' id='word_1_253' title='bbox 884 2952 1012 3010; x_wconf 90' lang='lat' dir='ltr'><strong>dimican</strong></span> 
     </span>
     <span class='ocr_line' id='line_1_34' title="bbox 60 3033 1026 3110; baseline 0.004 -17"><span class='ocrx_word' id='word_1_254' title='bbox 60 3033 124 3094; x_wconf 89' lang='lat' dir='ltr'><strong>dum</strong></span> <span class='ocrx_word' id='word_1_255' title='bbox 146 3034 284 3107; x_wconf 91' lang='lat' dir='ltr'><strong>animus,</strong></span> <span class='ocrx_word' id='word_1_256' title='bbox 311 3038 345 3092; x_wconf 88' lang='lat' dir='ltr'><strong>ul</strong></span> <span class='ocrx_word' id='word_1_257' title='bbox 366 3050 426 3094; x_wconf 95' lang='lat' dir='ltr'><strong>non</strong></span> <span class='ocrx_word' id='word_1_258' title='bbox 448 3036 539 3095; x_wconf 91' lang='lat' dir='ltr'><strong>modo</strong></span> <span class='ocrx_word' id='word_1_259' title='bbox 555 3035 595 3094; x_wconf 89' lang='lat' dir='ltr'><strong>ad</strong></span> <span class='ocrx_word' id='word_1_260' title='bbox 609 3034 740 3109; x_wconf 90' lang='lat' dir='ltr'><strong>insignia</strong></span> <span class='ocrx_word' id='word_1_261' title='bbox 754 3036 1026 3110; x_wconf 82' lang='lat' dir='ltr'><strong>adcommodanda,</strong></span> 
     </span>
     <span class='ocr_line' id='line_1_35' title="bbox 61 3117 1025 3195; baseline 0.004 -17"><span class='ocrx_word' id='word_1_262' title='bbox 61 3119 215 3178; x_wconf 84' lang='lat' dir='ltr'><strong>sedetiam</strong></span> <span class='ocrx_word' id='word_1_263' title='bbox 231 3117 272 3176; x_wconf 82' lang='lat' dir='ltr'><strong>ed</strong></span> <span class='ocrx_word' id='word_1_264' title='bbox 292 3119 397 3191; x_wconf 86' lang='lat' dir='ltr'><strong>galeas</strong></span> <span class='ocrx_word' id='word_1_265' title='bbox 418 3119 589 3179; x_wconf 90' lang='lat' dir='ltr'><strong>induendas</strong></span> <span class='ocrx_word' id='word_1_266' title='bbox 611 3121 769 3195; x_wconf 86' lang='lat' dir='ltr'><strong>scutisque</strong></span> <span class='ocrx_word' id='word_1_267' title='bbox 790 3121 955 3194; x_wconf 84' lang='lat' dir='ltr'><strong>tegimenta</strong></span> <span class='ocrx_word' id='word_1_268' title='bbox 976 3123 1025 3182; x_wconf 90' lang='lat' dir='ltr'><strong>de·</strong></span> 
     </span>
     <span class='ocr_line' id='line_1_36' title="bbox 31 3204 1025 3279; baseline 0.003 -16"><span class='ocrx_word' id='word_1_269' title='bbox 31 3228 35 3279; x_wconf 79' lang='lat'>1</span> <span class='ocrx_word' id='word_1_270' title='bbox 61 3204 205 3264; x_wconf 79' lang='lat' dir='ltr'><strong>trudendo</strong></span> <span class='ocrx_word' id='word_1_271' title='bbox 220 3209 345 3276; x_wconf 91' lang='lat' dir='ltr'><strong>tempus</strong></span> <span class='ocrx_word' id='word_1_272' title='bbox 368 3204 505 3263; x_wconf 88' lang='lat' dir='ltr'><strong>deluerit.</strong></span> <span class='ocrx_word' id='word_1_273' title='bbox 551 3204 645 3278; x_wconf 81' lang='lat' dir='ltr'><strong>Quam</strong></span> <span class='ocrx_word' id='word_1_274' title='bbox 668 3205 800 3279; x_wconf 89' lang='lat' dir='ltr'><strong>quisque</strong></span> <span class='ocrx_word' id='word_1_275' title='bbox 821 3204 859 3263; x_wconf 85' lang='lat' dir='ltr'><strong>ab</strong></span> <span class='ocrx_word' id='word_1_276' title='bbox 881 3221 976 3279; x_wconf 87' lang='lat' dir='ltr'><strong>opere</strong></span> <span class='ocrx_word' id='word_1_277' title='bbox 997 3208 1025 3266; x_wconf 88' lang='lat' dir='ltr'><strong>in</strong></span> 
     </span>
     <span class='ocr_line' id='line_1_37' title="bbox 62 3287 1025 3365; baseline 0.003 -18"><span class='ocrx_word' id='word_1_278' title='bbox 62 3295 170 3362; x_wconf 89' lang='lat' dir='ltr'><strong>partem</strong></span> <span class='ocrx_word' id='word_1_279' title='bbox 183 3303 262 3348; x_wconf 88' lang='lat' dir='ltr'><strong>casu</strong></span> <span class='ocrx_word' id='word_1_280' title='bbox 277 3287 401 3348; x_wconf 90' lang='lat' dir='ltr'><strong>devenit</strong></span> <span class='ocrx_word' id='word_1_281' title='bbox 416 3304 557 3364; x_wconf 86' lang='lat' dir='ltr'><strong>quaeque</strong></span> <span class='ocrx_word' id='word_1_282' title='bbox 572 3289 670 3363; x_wconf 90' lang='lat' dir='ltr'><strong>prima</strong></span> <span class='ocrx_word' id='word_1_283' title='bbox 685 3289 773 3364; x_wconf 85' lang='lat' dir='ltr'><strong>signa</strong></span> <span class='ocrx_word' id='word_1_284' title='bbox 789 3290 966 3365; x_wconf 84' lang='lat' dir='ltr'><strong>conspexit,</strong></span> <span class='ocrx_word' id='word_1_285' title='bbox 989 3293 1025 3350; x_wconf 94' lang='lat' dir='ltr'><strong>ad</strong></span> 
     </span>
    </p>
   </div>
   <div class='ocr_carea' id='block_1_3' title="bbox 27 3368 1026 3520">
    <p class='ocr_par' dir='ltr' id='par_1_5' title="bbox 27 3368 1026 3520">
     <span class='ocr_line' id='line_1_38' title="bbox 27 3368 1026 3519; baseline 0.005 -86"><span class='ocrx_word' id='word_1_286' title='bbox 27 3458 30 3463; x_wconf 27' lang='grc' dir='ltr'>Ι</span> <span class='ocrx_word' id='word_1_287' title='bbox 61 3368 131 3519; x_wconf 36' lang='grc' dir='ltr'><strong>ἧς</strong></span> <span class='ocrx_word' id='word_1_288' title='bbox 151 3370 303 3447; x_wconf 90' lang='lat' dir='ltr'><strong>constitit,</strong></span> <span class='ocrx_word' id='word_1_289' title='bbox 329 3386 369 3432; x_wconf 91' lang='lat' dir='ltr'><strong>ne</strong></span> <span class='ocrx_word' id='word_1_290' title='bbox 391 3372 421 3432; x_wconf 92' lang='lat' dir='ltr'><strong>in</strong></span> <span class='ocrx_word' id='word_1_291' title='bbox 444 3374 626 3449; x_wconf 89' lang='lat' dir='ltr'><strong>quaerendis</strong></span> <span class='ocrx_word' id='word_1_292' title='bbox 648 3373 713 3434; x_wconf 90' lang='lat' dir='ltr'><strong>suis</strong></span> <span class='ocrx_word' id='word_1_293' title='bbox 736 3374 892 3450; x_wconf 90' lang='lat' dir='ltr'><strong>pugnandi</strong></span> <span class='ocrx_word' id='word_1_294' title='bbox 907 3380 1026 3453; x_wconf 88' lang='lat' dir='ltr'><strong>tempus</strong></span> 
     </span>
     <span class='ocr_line' id='line_1_39' title="bbox 126 3464 223 3520; baseline -0.01 0"><span class='ocrx_word' id='word_1_295' title='bbox 126 3464 223 3520; x_wconf 82' lang='lat' dir='ltr'><strong>iteret.</strong></span> 
     </span>
    </p>
   </div>
   <div class='ocr_carea' id='block_1_4' title="bbox 0 0 1140 4176">
    <p class='ocr_par' dir='ltr' id='par_1_6' title="bbox 0 0 1140 4176">
     <span class='ocr_line' id='line_1_40' title="bbox 0 0 1140 4176; baseline 0 0"><span class='ocrx_word' id='word_1_296' title='bbox 0 0 1140 4176; x_wconf 95' lang='lat' dir='ltr'><strong> </strong></span> 
     </span>
    </p>
   </div>
  </div>
 </body>
</html>
