2302 4192
429 417 447 442 ,,
457 422 460 429 ,

217 562 316 644 GAl
342 562 600 644 SALLVSTI
630 561 803 644 CRISPI

455 765 566 814 LIBER

98 942 172 1029 DE
200 936 483 1027 CATILINAE
510 938 922 1030 CONIVRATIONE.

105 1303 218 1388 Omnis
239 1316 387 1385 homines,
417 1322 466 1392 qui
492 1333 557 1375 sese
585 1315 702 1376 student
729 1325 878 1393 praestare
901 1320 1034 1384 eeterisl

20 1401 210 1470 animalibrm,
233 1416 347 1460 summa
364 1416 419 1477 ope
437 1399 489 1458 niti
503 1398 603 1468 deret,
625 1416 663 1459 ne
678 1401 763 1459 vitam
779 1400 893 1460 silentio
907 1410 1002 1463 trans-

23 1493 88 1545 eant
111 1484 197 1545 veluti
219 1501 335 1560 pecora,
358 1500 433 1561 quae
454 1490 558 1541 natura
584 1500 677 1560 pruna
697 1489 784 1560 atque
799 1486 891 1544 ventri
913 1486 1002 1547 oboe-

25 1569 129 1629 dientia
152 1568 242 1628 linxit.
287 1567 337 1627 Set
358 1573 458 1626 nostra
480 1567 574 1625 omnis
595 1566 688 1645 visin
710 1567 806 1626 animo
829 1576 858 1628 et
878 1584 1028 1645 eorpore2

10 1652 75 1712 reita
98 1661 158 1714 est:
185 1651 273 1711 animi
300 1651 422 1728 inperio,
453 1651 585 1728 corperis
612 1650 728 1709 servitio
755 1651 848 1728 magis
877 1653 1002 1714 utimur:

26 1733 144 1796 alterum
166 1735 250 1795 nobis
272 1753 338 1794 eum
354 1735 425 1804 deis,
448 1733 573 1794 alterum
588 1751 655 1793 eum
670 1731 765 1793 beluis
780 1752 934 1796 commane
950 1747 1002 1798 est.

26 1816 85 1887 Ouo
100 1820 171 1878 mibi
187 1820 294 1879 rectius
309 1819 422 1879 videtur
432 1818 530 1895 ingeni
546 1834 633 1894 quam
649 1818 752 1877 virium
765 1818 869 1897 opibus
880 1819 1029 1896 gloriama

25 1919 181 1979 quaerere,
212 1910 241 1962 et
268 1904 406 1980 queniam
432 1903 489 1961 vita
519 1902 580 1980 ipsa
604 1920 660 1979 qaia
683 1898 808 1962 fruimur
830 1902 927 1964 brevis
950 1914 1001 1973 est,

24 1988 194 2047 memoriam
221 1987 314 2045 nostri
343 2003 431 2064 quam
457 2002 595 2046 maxume
616 1984 734 2061 longam
757 1985 883 2047 ellicere.
928 1989 1029 2051 Namt

10 2068 187 2130 lalivitiarnm
210 2076 238 2128 et
260 2068 373 2129 turmae
394 2068 487 2146 gloria
509 2069 587 2129 lluxa
608 2077 696 2146 atque
712 2068 822 2146 fragilis
837 2079 894 2140 est,
912 2074 1004 2134 virtus

20 2152 101 2215 elara
124 2162 302 2229 aeternaque
325 2153 460 2214 babetur.

106 2237 156 2298 Set
180 2236 229 2296 din
256 2253 395 2313 magnum
423 2238 500 2297 iuter
522 2234 653 2296 mortalis
673 2244 822 2298 certamen
845 2239 912 2308 fnit,
938 2243 1031 2303 vinea

14 2322 156 2400 eorporis
178 2337 215 2379 an
234 2321 340 2381 virtute
363 2322 451 2381 animi
481 2338 529 2380 res
551 2320 683 2380 militaris
706 2322 798 2396 magis
817 2324 1002 2400 procederet.

12 2396 96 2467 Nam
124 2412 153 2466 et
178 2405 260 2481 prius
281 2423 368 2483 quam
391 2406 512 2483 incipias
534 2403 676 2472 consulto,
700 2412 729 2463 et
750 2403 800 2463 ubi
821 2406 1031 2468 consuluerist

10 2499 139 2551 mature
161 2488 237 2546 laete
260 2506 334 2567 epm
356 2496 408 2549 est.
446 2488 487 2548 lta
506 2496 665 2564 utrumque
684 2505 737 2565 per
756 2506 788 2547 se
810 2489 942 2566 indigens
963 2492 1030 2552 al·7

10 2573 121 2635 lerum
143 2572 262 2632 alterins
283 2573 389 2633 anxilio
413 2579 487 2649 eget.
517 2572 609 2648 Igitur
625 2573 706 2631 initia
727 2588 813 2648 reges
831 2607 866 2616 -—
887 2591 955 2633 nam
975 2577 1036 2636 in2

10 2656 108 2720 terris
128 2673 236 2715 numen
258 2657 351 2734 inperi
372 2657 401 2717 iel
420 2659 549 2734 primum
571 2655 624 2715 luit
648 2689 683 2699 -
709 2655 816 2716 divorsi
837 2673 906 2735 pars
925 2659 1003 2734 inge·

10 2744 119 2808 nium,
135 2740 182 2800 alii
197 2756 306 2818 eorpus
321 2740 513 2801 exercebant:
537 2741 686 2800 etiamtum
703 2740 759 2799 vita
776 2739 928 2800 bominum
943 2744 1005 2802 sine

10 2824 180 2904 eupiditate
203 2823 382 2898 agitabatur,
405 2842 457 2885 sua
479 2825 585 2902 cuique
606 2823 675 2882 satis
697 2821 859 2900 placebant.
899 2825 1029 2886 Pesteae

10 2918 93 2971 vero
120 2925 208 2986 quam
237 2911 266 2969 in
293 2910 359 2969 Asia
387 2908 493 2987 Cyrus,
520 2908 548 2966 in
576 2907 697 2969 Graecia
720 2906 941 2968 Lacedaemonii
976 2917 1004 2970 et

13 2993 220 3053 Athenienses
241 3010 366 3070 coepere
382 2990 464 3051 urbis
483 2999 569 3067 atque
588 2991 720 3050 nationes
734 2990 880 3067 subigere,
898 2992 1003 3055 lubidi-

10 3084 91 3138 nem
118 3076 285 3137 dominandi
309 3093 441 3136 caussam
462 3073 532 3133 belli
550 3072 670 3140 habere,
694 3089 860 3134 maxumam
881 3077 1005 3152 gloriam

10 3152 51 3220 in
66 3176 207 3219 maxmno
224 3162 338 3238 inperio
351 3166 470 3236 putare,
489 3164 551 3216 tum
567 3157 685 3216 demum
701 3156 832 3233 periculo
847 3166 934 3238 atque
954 3179 1004 3220 ne·

10 3244 109 3317 galiis
133 3253 306 3322 conpertum
327 3250 370 3303 est
391 3245 420 3301 in
442 3240 519 3301 bello
546 3238 715 3317 plurumum
735 3240 884 3314 ingenium
908 3260 1005 3319 nosse.

10 3325 109 3399 Quod
139 3328 163 3386 si
190 3344 295 3403 regum
323 3335 410 3405 atque
430 3327 637 3404 inperatorem
656 3322 752 3385 anima
768 3325 869 3384 uirtus
884 3326 925 3382 'un
945 3330 1059 3396 nesea

10 3404 56 3467 ita
79 3417 111 3467 ut
129 3412 161 3466 in
176 3409 256 3468 bello
277 3410 400 3481 valeret,
423 3410 619 3493 aequabilius
640 3419 736 3493 atque
760 3407 961 3471 euastantms
981 3414 1058 3455 sese

71 3501 208 3555 areanae.
883 3509 903 3565 l
