2272 4176
464 182 580 245 LIBER
599 184 639 245 V.
996 178 1037 246 77

59 337 230 405 convenire
243 336 339 414 iubet,
356 338 416 414 quo
431 350 470 398 ex
484 342 577 414 portu
588 338 868 400 commodissimum
879 339 910 399 in
920 338 1039 400 Britan·

58 425 141 486 niam
154 423 321 486 traiectum
336 438 407 483 esse
422 430 618 498 cognoverat,
635 423 754 483 circiter
767 423 881 484 milium
890 439 1039 500 passuum

58 525 122 570 xxx
137 525 157 568 a
172 507 358 570 continenti:
372 506 444 567 huic
454 509 499 567 rei
512 507 595 581 quod
610 508 685 568 satis
701 523 772 568 esse
787 509 888 568 visum
903 515 950 568 est
963 508 1039 568 mili-

58 601 120 656 tum
135 593 271 667 reliquit.
295 592 367 667 Ipse
383 608 451 652 cum
466 591 638 666 legionibus
647 592 799 668 expeditis
808 608 841 650 ιν
849 592 1039 666 etequitibus
1090 652 1092 656 .

58 694 128 738 nccc
154 678 187 737 in
203 677 283 737 fines
297 677 497 737 Treverorum
513 675 726 751 proficiscitur,
744 677 828 750 quod
839 675 869 735 hi
884 692 985 750 nequo
1000 676 1040 736 ad

61 762 193 823 concilia
205 760 372 820 veniebant
385 775 486 835 neque
501 759 629 837 imperio
644 760 794 835 parebant
807 761 1038 834 Germanosque

59 845 317 906 Transrhenanos
332 845 495 906 sollicitare
511 844 699 904 dicebantur.

139 930 192 989 ΠΙ.
214 929 300 989 llaec
314 929 421 989 civitas
436 930 527 1003 longe
541 929 703 1003 plurimum
718 929 809 989 totius
823 929 938 989 Galliae
953 929 1039 1003 equi·

62 1021 123 1075 tatu
136 1015 220 1074 valet
234 1028 425 1088 magnasque
439 1013 531 1073 habet
546 1013 652 1088 copias
664 1012 809 1088 peditum,
826 1014 1038 1088 Rhenumque,

63 1105 204 1174 utsupra
225 1096 555 1170 demonstravimus&
543 1096 646 1171 t.angit
683 1098 716 1156 ln
732 1112 769 1156 ea
785 1096 855 1158 civit
844 1104 905 1158 tate
922 1097 983 1157 duo
1000 1098 1040 1157 de

10 1255 12 1263 Ι
64 1182 235 1257 principatu
247 1181 327 1240 inter
342 1196 377 1241 se
393 1180 627 1255 contendebant,
642 1181 869 1241 Indutiomarus
885 1188 915 1241 et
930 1180 1038 1256 Cinge-

10 1266 15 1319 i
61 1267 155 1335 torix;
177 1264 324 1340 equibus
339 1265 429 1339 alter,
446 1265 581 1324 simult
552 1269 581 1323 at
584 1279 643 1339 quc
659 1266 698 1324 de
713 1264 855 1324 Caesaris
871 1266 1035 1339 legionum

10 1348 16 1437 l
63 1364 119 1425 que
142 1350 279 1410 adventu
301 1349 455 1423 cognitum
478 1353 540 1422 est,
567 1349 606 1407 ad
628 1364 696 1407 eum
718 1349 815 1422 venit,
843 1365 879 1408 se
900 1365 1038 1424 suosque

10 1442 15 1517 l
62 1449 167 1494 omnes
182 1433 214 1492 in
230 1432 333 1493 oificio
350 1434 467 1493 futuros
483 1446 584 1507 neque
598 1432 637 1492 ab
652 1432 783 1492 amicilia
794 1433 1036 1508 populiRomani

62 1518 237 1578 delecttuos
264 1517 455 1577 confirmavit
480 1531 621 1591 quaeque
646 1518 677 1576 in
698 1517 838 1577 Treveris
859 1524 1031 1591 gererentur

62 1602 204 1662 ostendit.
232 1601 274 1661 At
295 1600 521 1662 indutiomarus
546 1601 712 1674 equitatum
733 1601 965 1676 peditatumque
986 1618 1032 1662 co·

62 1701 132 1760 gare
147 1685 266 1761 iisque,
283 1685 335 1759 qui
348 1700 405 1760 pcr
420 1689 549 1744 aetatem
564 1685 594 1743 in
610 1684 702 1744 armis
719 1700 791 1744 esse
806 1702 868 1744 non
883 1692 1035 1760 poterant,

62 1770 89 1829 in
105 1768 216 1830 siluam
230 1769 431 1829 Arduennam
446 1768 571 1842 abditis,
600 1783 678 1842 quae
698 1768 813 1843 ingenti
828 1770 1034 1842 magnitudine

62 1869 114 1929 per
127 1853 250 1913 medios
266 1853 345 1912 fines
360 1854 561 1913 Treverorum
576 1869 595 1912 a
608 1852 849 1913 ilumineRheno
866 1853 906 1911 ad
920 1853 1034 1914 initium

61 1938 223 1998 Remorum
232 1937 373 2032 pertinet,
381 1936 702 2010 bellumparareinstit
703 1936 754 1996 uit
764 1935 827 1996 Sed
833 1940 905 2012 pos
906 1952 1035 2011 oaquam

64 2021 196 2082 nonnulli
211 2021 369 2095 principes
392 2036 430 2079 ex
446 2036 483 2079 ca
498 2019 617 2080 civitate
633 2028 663 2080 et
678 2021 879 2081 familiaritate
896 2021 1031 2095 Cingeto

43 2094 131 2180 rigis
146 2105 272 2165 adducti
287 2109 317 2163 et
328 2104 441 2164 advent
429 2112 463 2164 tu
474 2105 569 2165 nostri
581 2105 733 2166 exercitus
746 2105 897 2179 perterriti
910 2106 950 2164 ιιι
961 2105 1033 2165 Cae-

10 2198 15 2263 ζ
65 2205 158 2250 mern
178 2195 331 2248 venerunt
352 2195 381 2248 et
403 2189 442 2248 de
464 2189 529 2248 suis
550 2190 691 2262 privatim
712 2189 805 2249 rebus
821 2191 859 2250 ab
876 2205 913 2250 eo
929 2196 1034 2265 petere

10 2266 13 2289 ¹
61 2278 235 2348 coeperunt,
252 2272 397 2348 quoniam
413 2273 525 2332 ciuitati
541 2274 703 2332 consulere
718 2291 779 2333 non
794 2281 924 2348 possent
932 2275 1032 2348 ,veri-

59 2364 104 2418 tus
120 2372 161 2417 ne
176 2357 216 2416 ab
232 2355 375 2416 omnibus
392 2358 600 2430 desereretur,
616 2357 842 2418 Indutiomarus
858 2361 979 2432 legatos
995 2360 1034 2418 ad

60 2440 221 2502 Caesarem
243 2440 344 2500 mittit:
376 2439 453 2500 Sese
474 2441 589 2501 idcirco
612 2442 650 2500 ab
672 2442 736 2501 suis
753 2443 914 2501 discedere
941 2450 1034 2518 atquc

59 2525 95 2584 ad
110 2541 181 2585 aum
196 2524 303 2584 venire
317 2524 471 2599 noluisse,
499 2541 560 2600 quo
582 2525 700 2586 lacilius
717 2526 868 2587 civitatem
882 2527 913 2584 in
930 2527 1032 2586 officio

60 2609 241 2683 contineret,
269 2623 308 2667 ne
331 2608 431 2668 omnis
452 2609 616 2669 nobilitatis
639 2609 782 2671 discessu
802 2610 891 2685 plebs
906 2618 1034 2685 propter

60 2692 282 2768 inprudentiam
306 2692 476 2752 laberetur:
508 2693 610 2767 itaquo
646 2709 717 2753 esse
743 2695 894 2754 civitatem
920 2696 950 2753 in
976 2711 1032 2755 sua

60 2783 222 2851 potestate,
250 2791 363 2851 seque,
389 2777 415 2836 si
430 2775 544 2836 Cacsar
567 2778 766 2852 permitteret,
792 2780 832 2841 ad
853 2795 922 2840 eum
937 2780 967 2838 in
983 2795 1031 2838 ca-

61 2866 306 2935 straventunun,
332 2875 407 2923 suas
429 2860 620 2935 ciuitatisque
642 2863 780 2922 fortunas
797 2864 862 2925 eius
878 2863 950 2922 fidei
962 2879 1031 2938 per-

61 2944 229 3006 missurum.

134 3029 187 3089 IV.
211 3028 341 3102 Caesar,
358 3029 415 3088 etsi
431 3028 638 3102 intellegebat,
656 3031 770 3105 quade
786 3046 881 3090 causa
895 3046 933 3088 ea
949 3029 1029 3089 dicc-

64 3118 158 3172 rantur
180 3127 325 3188 quaeque
348 3128 416 3172 eum
430 3129 482 3173 res
499 3113 537 3171 ab
553 3112 688 3174 instituto
706 3114 835 3176 consilio
851 3115 1030 3190 deterreret,

64 3200 170 3271 buren,
197 3214 234 3257 ne
261 3202 411 3256 aestatem
436 3197 466 3256 in
492 3197 633 3257 Treveris
661 3213 844 3260 consumere
869 3207 1030 3273 cogeretur

66 3279 196 3342 omnibus
211 3280 252 3340 ad
265 3279 474 3342 Britannicum
490 3281 602 3341 bellum
616 3283 709 3341 rebus
726 3283 917 3357 conparatis,
939 3285 1017 3344 Indu
1060 3284 1069 3316 ‘³

67 3358 213 3425 dommum
236 3362 277 3424 ad
299 3379 334 3423 se
357 3380 425 3425 cum
447 3366 587 3426 ducentis
615 3366 775 3426 obsidibus
798 3368 905 3426 venire
929 3368 1028 3428 iussit.

67 3440 114 3503 His
132 3448 286 3525 adductis,
311 3447 342 3508 in
370 3449 407 3509 iis
429 3449 492 3510 lilio
515 3450 767 3531 propinquisque
788 3451 857 3515 eius
879 3453 1038 3526 omnibus,
