2302 4192
496 160 610 221 LIBER
624 162 660 221 Il.
995 154 1058 224 248

83 329 170 393 quae
190 314 332 375 voluntas
354 327 428 387 erga
448 312 610 374 Gaesarem
631 313 724 375 totius
746 314 933 390 provinciae.
972 316 1057 377 Haec

83 400 230 463 omnibus
249 399 366 459 ferebat
382 399 574 460 sermonibus
595 414 697 476 neque
720 415 754 460 se
776 400 806 459 in
829 401 921 460 ullam
941 409 1057 475 partem

84 485 240 547 movebat.
274 483 387 544 Postea
404 499 488 556 vero,
511 500 580 544 cum
593 485 754 546 Gaesarem
773 483 991 545 adMassilitrm
1003 486 1056 545 de-

84 571 174 632 tineri
195 569 345 643 cognovit,
369 568 475 642 copias
490 567 587 629 Petrei
617 585 686 629 cum
703 568 839 629 exercitu
849 569 966 629 Afranii
985 584 1057 629 esse

86 655 284 726 coniunctas,
313 668 423 727 magna
444 653 558 712 auxilia
580 656 778 726 convenisse,
804 669 914 727 magna
936 669 1006 713 esse
1026 653 1056 712 in

87 755 145 815 spe
163 747 256 813 atque
274 737 428 812 expectari
444 744 473 797 et
484 741 656 798 consentire
668 753 788 798 omnem
801 738 970 799 citeriorem
985 753 1055 811 prou

86 823 228 896 vinciam,
238 837 379 897 quaeque
397 829 507 896 postea
519 824 700 896 acciderant,
720 824 763 896 ,de
775 824 922 897 angustiis
934 822 973 881 ad
985 821 1056 880 ller-

87 909 158 968 dam
176 908 222 967 rei
242 908 463 976 frumentariae,
488 909 613 981 accepit,
638 916 728 983 atque
747 907 824 966 haec
836 907 875 966 ad
887 906 1056 967 eumlatius

87 1002 181 1068 atque
192 990 323 1051 inflatius
331 991 476 1051 Afranius
488 992 705 1067 perscribebat,
729 1007 763 1051 se
772 1007 897 1067 quoquo
911 992 949 1051 ad
957 997 1056 1053 motus

88 1079 229 1139 fortunae
240 1091 364 1136 movere
376 1076 486 1150 coepit.

170 1161 277 1221 XVIII.
321 1161 477 1221 Deiectum
494 1161 597 1221 habuit
614 1168 678 1223 tota
694 1161 861 1236 provincia,
885 1159 1056 1234 legionibus

87 1247 248 1322 completis
261 1245 380 1305 duabus
393 1245 535 1306 cohortes
551 1245 668 1306 circiter
678 1247 799 1321 triginta
810 1245 919 1304 alarias
932 1244 1056 1304 addidit.

88 1330 239 1392 Frumenti
253 1345 394 1404 magnum
406 1346 563 1390 numerum
575 1332 682 1405 coegit,
707 1330 791 1406 quod
801 1328 1054 1402 Massiliensibus

88 1418 157 1477 item
171 1415 256 1490 quod
267 1414 392 1474 Afranio
404 1413 585 1490 Petreioque
596 1417 732 1476 mitteret.
763 1415 863 1474 Naves
876 1416 985 1488 longas
1004 1413 1055 1472 de·

88 1518 154 1562 cem
167 1499 322 1559 Gaditanis
334 1507 366 1560 ut
377 1500 511 1560 facerent
522 1501 688 1575 imperavit,
713 1500 885 1574 complures
897 1505 1056 1573 praeterea

88 1588 117 1646 in
127 1585 248 1660 Hispali
260 1584 419 1661 faciendas¹
429 1586 552 1645 curavit.
583 1585 746 1645 Pecuniam
759 1599 879 1644 omnem
893 1583 1056 1657 omniaque

88 1677 267 1731 ornamenta
285 1684 323 1727 ex
341 1669 410 1728 fano
429 1669 568 1729 Herculis
585 1669 615 1727 in
634 1669 781 1744 oppidum
801 1668 893 1727 Gadis
913 1665 1055 1736 contulit;

88 1771 126 1815 eo
145 1769 203 1814 sex
221 1753 362 1813 cohortes
387 1754 531 1828 praesidii
555 1769 649 1813 causa
668 1770 707 1813 ex
723 1752 882 1828 provincia
899 1751 980 1810 misit
998 1749 1054 1809 Ga·

87 1840 213 1914 lumque
221 1837 399 1910 Gallonium,
412 1838 728 1914 equitemRomanum,
742 1837 917 1897 familiarem
925 1833 1051 1910 Domitii,

89 1925 141 2000 qui
165 1938 203 1983 eo
227 1923 437 1998 procurandae
459 1922 633 1985 hereditatis
652 1939 746 1983 causa
762 1928 887 1982 venerat
904 1920 1018 1981 missus
1037 1936 1055 1979 a

88 2009 230 2079 Domitio,
255 2007 369 2081 oppido
383 2007 518 2068 Gadibus
536 2010 699 2083 praefecit;
723 2024 806 2068 arma
824 2006 925 2067 omnia
936 2005 1054 2081 privata

89 2110 124 2154 ac
140 2093 265 2167 publica
275 2093 304 2150 in
317 2092 439 2151 domum
450 2093 567 2153 Galloni
580 2095 712 2154 contulit.
740 2093 812 2167 Ipse
824 2090 929 2151 habuit
943 2103 1054 2165 graves

89 2179 118 2238 in
138 2178 301 2237 Gaesarem
319 2176 487 2236 contiones.
523 2177 624 2253 Saepe
646 2194 685 2238 ex
704 2177 845 2238 tribunali
868 2174 1056 2251 praedicavit

89 2264 223 2324 adversa
235 2260 393 2321 Gaesarem
414 2263 530 2336 proelia
547 2263 668 2337 fecisse,
696 2278 837 2336 magnum
848 2276 1004 2321 numerum
1016 2259 1054 2318 ab

89 2363 126 2408 eo
139 2347 266 2406 militum
278 2346 316 2405 ad
323 2346 481 2406 Afranium
493 2348 681 2422 perfugisse:
692 2348 769 2407 haec
782 2362 816 2406 se
829 2346 918 2406 certis
931 2344 1053 2418 nuntiis,

89 2433 181 2492 certIs
204 2430 378 2490 auctoribus
397 2433 595 2506 comperisse.
635 2430 748 2504 Quibus
767 2430 859 2490 rebus
879 2429 1054 2505 perterritos

89 2517 166 2576 civis
178 2517 333 2575 Romanos
346 2516 411 2575 eius
425 2517 600 2590 provinciae
612 2517 669 2575 sibi
682 2517 721 2575 ad
732 2514 950 2588 rempublicam
961 2514 1054 2573 admi-

89 2601 276 2663 nistrandam
286 2599 336 2660 Hs
366 2615 462 2659 ccxxx
480 2609 509 2660 et
527 2601 641 2674 argenti
661 2600 763 2675 pondo
781 2615 824 2658 xx
844 2599 939 2670 milia,
965 2597 1054 2658 tritici

89 2686 211 2747 modios
224 2701 280 2744 cxx
292 2685 373 2744 milia
385 2685 520 2759 polliceri
533 2687 640 2759 coegit.
670 2685 751 2758 Quas
764 2683 885 2744 Caesari
899 2697 970 2743 esse
982 2681 1054 2742 ami-

90 2787 142 2831 cas
163 2770 300 2830 civitates
318 2770 526 2841 arbitrabatur,
550 2769 597 2828 his
618 2770 759 2844 graviora
777 2783 871 2828 onera
882 2766 1055 2842 iniungebat

89 2855 306 2931 praesidiaque
318 2870 354 2914 co
368 2854 538 2913 deducebat
545 2861 574 2914 et
585 2854 697 2913 iudicia
707 2854 737 2912 in
748 2850 1054 2928 privatosreddebat3

90 2941 140 3016 qui
154 2940 250 2999 verba
262 2947 352 3013 atque
364 2938 531 2999 orationem
543 2939 692 2998 adversus
704 2937 921 3012 rempublicam
931 2934 1052 2995 habuis-

90 3031 172 3095 sent,
204 3039 309 3085 eorum
329 3023 411 3083 bona
430 3023 460 3081 in
479 3023 634 3098 publicum
656 3022 825 3082 addicebat.
864 3019 1053 3081 Provinciam

90 3124 210 3169 onlnem
230 3109 261 3167 in
283 3124 340 3167 sua
361 3116 391 3168 et
407 3107 531 3182 Pompei
564 3106 660 3166 verba
678 3105 887 3166 iusiurandum
905 3102 1053 3178 adigebat.

89 3193 224 3269 Cognitis
238 3193 276 3255 iis
289 3192 391 3265 rebus,
415 3206 494 3267 quae
510 3199 579 3251 sunt
590 3199 695 3266 gestae
706 3193 736 3250 in
749 3190 888 3249 citeriore
897 3187 1052 3263 Hispania,

89 3278 201 3339 bellum
218 3276 353 3354 parabat.
382 3277 469 3336 Ratio
490 3284 588 3335 autem
607 3275 683 3336 haec
701 3282 766 3334 erat
782 3272 862 3346 belli,
885 3280 917 3334 ut
934 3288 969 3334 se
986 3288 1054 3333 oum

89 3363 209 3424 duabus
229 3361 400 3437 legionibus
415 3360 508 3421 Gadis
521 3362 681 3435 conferret,
704 3373 800 3420 naves
812 3358 1063 3433 frumentumuue

90 3462 179 3509 omne
193 3445 237 3507 ibi
253 3446 433 3510 contineret:
458 3448 656 3527 provincIam
674 3448 760 3513 enlm
783 3462 915 3512 amnem
931 3441 1086 3509 caesara

812 3538 879 3605 ab*
