2272 4176
52 39 225 109 Wu'r*
240 44 243 49 Ι

146 66 159 83 ,1.
189 66 210 83 ἢ·

84 96 121 121 ἢ...
134 96 151 107 ,ι
166 98 169 103 .
206 98 209 103 .

76 134 80 145 1
216 128 224 135 ι

307 189 423 250 LIBER
444 191 482 247 V.
837 194 879 254 85

52 358 80 403 m
95 351 226 404 secutus
243 342 283 401 ad
300 343 413 403 eumin
430 343 634 402 continentem
644 344 769 403 Galliam
784 362 874 405 venc-
944 347 948 352 ’

51 429 100 488 lus
115 434 208 501 pater
223 428 255 484 in
271 441 309 484 ea
323 427 443 485 civitate
457 441 585 500 regnum
601 427 773 487 obtinuerat
787 430 877 489 inter·

68 519 138 570 erat
152 527 172 568 a
188 509 432 581 cassivellauno,
448 510 518 583 ipse
533 512 606 583 luga
619 518 747 570 mortem
762 513 876 572 vitave-

52 600 135 669 ,ratos
153 595 196 652 ud
213 595 376 652 Caesarem
398 593 518 652 mittunt
540 595 784 670 pollicenturque
805 613 877 656 sese

52 696 92 739 os
108 685 210 752 atque
224 677 375 750 imperata
391 677 547 745 lactur0s3
562 684 685 752 petunt,
703 687 735 738 ut
746 681 876 740 Mandu-

52 764 85 822 tb
108 761 225 821 iniuria
248 761 470 820 Cassivellauni
492 761 637 820 defendat
650 769 744 836 atque
759 764 786 820 ln
804 765 876 823 citi-

52 854 101 919 tat‚
119 847 176 920 qui
192 844 311 918 praesit
325 843 550 921 imperiumque
566 846 709 905 obtineat.
731 847 786 905 His
803 848 876 906 Cae·

52 938 90 990 at
113 928 248 990 obsides
264 941 303 985 xt
319 929 569 1002 frumentumque
586 930 731 990 exercitui
747 932 875 989 Mandu·

52 1030 88 1073 ne
103 1015 148 1072 ad
163 1028 222 1072 eos
237 1011 336 1071 mittit.
352 1011 395 1068 llli
412 1011 561 1084 imperata
576 1013 715 1072 celeriter
729 1015 873 1087 lecerunt

52 1099 70 1156 d
86 1111 256 1156 numerum
272 1097 520 1176 frumentumque
534 1095 691 1156 miserunt.

70 1179 320 1240 Trinobantibus
336 1179 473 1237 delensis
489 1184 584 1252 atque
599 1180 637 1237 ab
654 1182 734 1239 omni
751 1182 875 1240 militum
899 1234 904 1239 .

52 1265 181 1324 ohlbitis
198 1263 298 1336 Iceni,
316 1261 425 1335 cangi,
443 1260 628 1336 Segontiaci,
645 1266 810 1336 Ancalites,
825 1265 875 1323 Bi-

52 1349 86 1407 rsi
104 1347 316 1422 legationibus
331 1345 436 1404 missis
452 1360 525 1405 sese
541 1347 662 1406 (basari
680 1349 805 1407 dedunt.
826 1349 875 1407 Ab

52 1432 123 1492 tscit
145 1447 209 1490 non
231 1432 325 1503 longe
346 1444 386 1487 ex
408 1443 446 1489 eo
467 1430 537 1489 loco
561 1431 710 1505 oppidum
726 1432 875 1490 Cassivel-

52 1531 101 1576 sse
118 1515 210 1574 silvis
225 1512 457 1588 paludibusque
471 1514 629 1587 munitum,
646 1532 707 1588 quo
723 1515 798 1574 satis
813 1531 870 1573 ma-

52 1601 144 1659 rinum
159 1597 351 1673 pecorisque
365 1599 706 1658 numerusconvenerit.
724 1599 874 1673 Oppidum

52 1683 144 1742 ltanni
158 1688 289 1754 vocant,
312 1681 489 1739 cumsilvas
506 1681 668 1754 impeditas
683 1684 764 1741 vallo
783 1691 876 1756 atquc

52 1769 180 1840 aierunt,
198 1781 262 1840 quo
277 1763 463 1823 incursionis
479 1764 610 1823 hostiurn
627 1766 770 1824 utendae
781 1781 876 1838 causa

52 1866 59 1908 t
80 1856 283 1910 consuerunt.
313 1848 358 1906 Eo
380 1847 588 1920 proficiscitur
603 1865 672 1908 eum
687 1850 875 1923 legionibus=

52 1935 131 2008 perit
155 1936 281 2007 egregie
303 1938 411 1989 natura
425 1938 517 2004 atque
533 1948 628 2006 opere
643 1934 805 2000 munitum;
831 1939 875 1991 ta-

52 2018 199 2077 adnabus
216 2032 256 2074 ex
272 2014 410 2089 partibus
427 2031 609 2089 oppugnare
626 2018 790 2075 contendit.
814 2017 875 2075 Ho-

52 2101 145 2175 lisper
171 2100 280 2159 morati
302 2098 426 2156 militum
450 2108 624 2158 nostrorum
647 2101 792 2174 impetum
814 2116 874 2159 non

52 2199 181 2259 reseque
196 2186 256 2242 alia
272 2197 311 2240 ex
326 2187 413 2256 parte
428 2184 533 2255 oppidi
550 2185 715 2242 eiecerunt.
744 2185 876 2258 lllngnus

53 2286 97 2327 us
113 2267 239 2342 pecoris
255 2273 398 2339 repertus
413 2267 561 2340 multique
583 2267 611 2324 in
630 2268 702 2341 luga
718 2275 788 2326 sunt
804 2285 875 2327 con-

55 2360 151 2427 alque
167 2350 327 2409 interlecti.

51 2437 70 2494 l.
87 2438 176 2508 ,Dum
192 2435 268 2493 haec
284 2434 312 2492 in
329 2432 377 2492 his
393 2434 470 2492 locis
485 2441 647 2507 geruntur,
673 2435 876 2494 Cassiuellau-

52 2520 182 2594 antium,
205 2518 290 2592 quod
306 2532 377 2576 esse
393 2517 530 2575 admare
545 2533 640 2590 supra
656 2520 876 2578 demonstravi-

52 2621 104 2664 nus
119 2603 301 2677 regionibus
318 2606 462 2675 quattuor
475 2616 565 2674 reges
581 2611 753 2675 praeerant,
771 2603 875 2675 Cinge·

52 2689 164 2761 uilius,
179 2687 407 2758 TaximaguluS,
424 2683 578 2758 Segouax,
593 2687 716 2746 nuntios
732 2687 819 2744 mittit
834 2694 876 2744 at-

52 2779 191 2849 mperat,
205 2771 248 2829 uti
264 2769 380 2829 coactis
396 2770 538 2828 omnibns
555 2770 652 2843 copiis
670 2779 768 2834 castra
784 2766 876 2827 naua-

52 2856 180 2932 proviso
195 2855 374 2913 adoriantur
388 2859 481 2926 atque
496 2861 685 2926 oppugnent.
715 2855 736 2913 ll
755 2871 821 2915 cum
839 2854 876 2911 ad

52 2941 192 3014 nissent,
209 2938 307 2998 nostri
323 2937 484 3010 eruptione
499 2937 581 2994 lacta
594 2939 695 2996 multis
713 2954 816 2997 eorum
832 2937 875 2994 in-

76 3031 170 3097 capto
192 3024 283 3081 otiam
299 3021 392 3081 nobili
409 3021 488 3078 duce
502 3019 688 3095 Lugotorige
703 3032 778 3081 suos
794 3022 875 3079 inco-

52 3107 220 3168 tluxerunt.
258 3105 507 3164 Cassivellaunus
529 3103 589 3163 hoc
605 3108 723 3180 proelio
739 3105 876 3164 nuntiato

52 3193 147 3251 nentis
165 3190 319 3264 acceptis,
345 3188 472 3246 vastatis
488 3187 615 3263 linibus,
642 3192 773 3248 maxime
788 3189 876 3246 etiam

52 3275 259 3335 rdeleotione
287 3273 456 3343 civitatum,
482 3272 600 3345 legatos
626 3290 681 3347 per
701 3273 876 3331 Atrebatem

52 3358 122 3435 §pde
137 3358 296 3418 deditione
312 3358 348 3417 ad
366 3357 528 3414 Caesarem
543 3358 639 3416 mittit.
672 3358 792 3430 Caesar,
808 3373 876 3415 cum

52 3438 115 3515 [net
137 3443 275 3503 hiemem
300 3441 330 3501 in
357 3438 523 3501 continenti
546 3449 673 3521 propter
697 3441 882 3527 repentinos
