2272 4176
17 39 82 67 ·sm
90 42 167 83 κς,

444 155 647 218 mnuavm
966 112 1035 219 ¹tab

58 313 108 375 tim
121 310 377 391 intercipimnur;
398 313 481 388 quod
502 314 614 374 nidum
635 311 698 373 daur
714 309 785 386 equi
797 309 958 373 velocitate
972 309 1033 373 eri-

59 397 145 460 tavit=
175 413 216 458 ac
239 397 286 458 sic
308 398 427 474 proelio
448 399 585 458 secundo
607 397 739 472 graviter
752 396 790 455 ab
805 411 843 456 eo
857 398 1034 460 vulneratus

60 484 253 559 praelectus,
273 488 308 543 ut
319 483 400 543 vitae
413 483 582 558 periculum
595 482 731 542 aditurus
746 480 916 556 videretur,
941 483 1034 542 reler-

60 576 103 629 tur
117 568 151 627 in
168 573 282 627 castra.
319 567 472 628 Commius
493 573 592 628 autem
619 567 685 626 sive
709 565 831 640 expiato
846 581 904 625 suo
929 567 1035 627 dolore

61 653 122 712 sive
143 667 257 726 magna
279 658 366 727 parte
387 652 500 711 amissa
527 667 652 713 suorum
672 652 789 724 legatos
810 651 849 709 ad
869 652 1035 711 Antonium

60 737 146 798 mittit
160 750 262 811 seque
276 743 307 795 et
321 736 362 795 ibi
378 737 520 811 lutruum,
531 736 583 796 ubi
594 735 837 810 praescripserit,
850 742 880 794 et
892 751 929 794 ea
940 737 1034 796 lactu-

61 839 140 896 rum,
157 835 240 897 quae
253 819 423 896 imperarit,
447 820 606 881 obsidibus
622 820 737 889 firmat;
762 835 856 879 unum
870 820 942 879 illud
960 828 1034 894 orat,

62 913 90 966 ut
101 904 207 966 timori
222 921 281 965 suo
297 905 492 979 concedatur,
507 921 547 964 ne
561 906 592 964 in
607 910 806 979 conspectum
820 903 922 964 veniat
934 905 1033 965 cuius-

64 1006 152 1066 quam
164 989 306 1050 Romani.
343 988 435 1049 Cuius
456 989 692 1064 postulationem
706 989 858 1048 Antonius
875 1005 942 1048 cum
957 989 1033 1049 iudi-

64 1082 143 1135 caret
157 1074 198 1133 ab
213 1073 294 1134 iusto
309 1074 395 1133 nasci
409 1073 527 1148 timore,
541 1073 662 1132 veniam
676 1074 790 1148 petenti
802 1073 894 1146 dedit,
908 1073 1033 1133 obsides

64 1159 189 1234 accepit.
565 1164 568 1169 ’

143 1240 218 1302 Scio
235 1241 397 1301 Caesarem
418 1241 608 1316 singulorum
629 1257 778 1301 annorum
791 1241 931 1316 singulos
950 1259 1029 1303 com-

65 1326 227 1387 mentarios
242 1325 432 1396 coniecisse;
448 1326 532 1401 quod
548 1343 606 1401 ego
622 1342 684 1387 non
698 1326 867 1385 existimavi
878 1326 951 1387 mlhi
963 1343 1035 1389 esse

64 1411 249 1484 laciendum,
271 1416 434 1485 propterea
449 1410 533 1485 quod
553 1411 721 1487 insequens
742 1426 856 1483 annus,
881 1410 915 1471 L.
930 1410 1034 1487 Paulo,

64 1494 253 1556 altercatio
269 1494 463 1568 consulibus,
488 1496 586 1554 nullas
607 1494 699 1554 habet
718 1510 904 1570 magnopere
920 1497 1034 1557 Galliae

64 1594 109 1639 res
124 1585 242 1654 gestas.
257 1576 305 1636 No
317 1578 387 1653 quis
400 1584 502 1637 tamen
516 1578 677 1653 ignoraret,
696 1579 806 1654 quibus
823 1579 852 1637 in
868 1580 945 1639 locis
960 1580 1032 1640 Cae-

64 1679 110 1724 sar
131 1662 350 1738 exercitusque
370 1677 407 1723 eo
429 1669 566 1738 tempore
587 1664 732 1736 luissent,
758 1679 858 1738 pauca
872 1678 944 1723 esse
959 1664 1027 1723 scri-

63 1747 161 1808 benda
175 1747 452 1822 coniungendaque
467 1747 536 1806 huic
552 1747 766 1807 commentario
782 1747 882 1807 statui.

142 1832 246 1891 ltLllt
270 1831 384 1891 Caesar
403 1831 433 1891 in
447 1831 553 1906 Belgio
576 1847 644 1892 cum
657 1831 818 1904 hiemaret,
843 1847 939 1891 unum
959 1831 1032 1892 illud

65 1916 254 1992 propositum
272 1915 406 1975 habebat
427 1917 582 1975 continere
597 1917 626 1974 in
643 1915 773 1975 amicitia
790 1915 941 1990 civitates,
960 1916 1032 1977 nulli

63 2017 146 2076 spem
160 2007 215 2060 aut
230 2015 355 2058 causam
370 2000 444 2058 dare
459 2016 620 2060 armorum.
649 1999 726 2058 Nihil
742 2001 821 2059 enim
836 2001 935 2059 minus
950 2003 1032 2061 vole-

63 2084 109 2144 bat
124 2101 219 2161 quam
235 2083 292 2143 sub
309 2084 443 2143 decessu
464 2100 521 2143 suo
540 2085 755 2144 necessitatem
769 2084 826 2143 sibi
842 2085 974 2160 aliquam
989 2086 1027 2145 in

62 2169 133 2244 poni
147 2169 220 2229 belli
236 2168 377 2242 gerendi,
392 2183 447 2242 ne,
470 2184 539 2228 curn
554 2170 721 2229 exercitum
737 2169 924 2230 deducturus
940 2177 1033 2245 esset,

61 2254 173 2314 bellum
187 2251 314 2326 aliquod
328 2253 565 2327 relinqueretur,
582 2254 665 2328 quod
681 2253 779 2316 omnis
797 2254 1034 2314 Gallia'libenter

60 2338 125 2398 sine
139 2336 296 2414 praesenti
317 2337 453 2410 periculo
476 2338 656 2413 susciperet.
686 2339 793 2413 ltaque
807 2338 976 2399 honorifice
991 2340 1031 2398 ci-

60 2422 167 2484 vitates
182 2421 383 2496 appellando,
404 2421 561 2496 principes
575 2423 714 2482 maximis
733 2424 875 2497 praemiis
888 2423 1031 2482 adficien-

59 2509 113 2581 do,
138 2507 225 2565 nulla
238 2520 333 2564 onera
347 2503 532 2580 iniungendo
559 2507 714 2567 defessam
728 2513 774 2567 tot
788 2507 927 2566 adversis
942 2523 1031 2581 proe-

57 2592 103 2651 liis
128 2589 257 2650 Galliam
283 2589 464 2651 condicione
488 2591 615 2664 parendi
638 2592 763 2651 meliore
789 2591 877 2649 facilc
902 2591 932 2648 in
954 2606 1032 2665 pace

57 2673 218 2736 continuit.

140 2759 175 2818 L.
199 2758 271 2831 Ipse
291 2757 428 2819 hibernis
445 2758 577 2834 peractis
599 2766 707 2820 contra
726 2754 979 2820 consuetudinem
1000 2759 1029 2818 in

55 2843 172 2904 ltaliam
189 2856 281 2916 quarn
294 2843 434 2902 maximis
447 2843 604 2903 itineribus
617 2851 665 2904 est
676 2844 844 2919 proiectus,
859 2848 892 2901 ut
906 2842 1030 2902 munici-

54 2928 107 3003 pia
121 2934 153 2987 et
169 2925 308 2985 colonias
323 2928 500 3002 appellaret,
520 2928 630 3000 quibus
644 2927 685 2987 Μ.
700 2928 835 3001 Antonii,
857 2927 1030 3001 quaestoris

55 3013 113 3085 sni,
130 3011 398 3072 commendaverat
417 3010 579 3071 sacerdotii
595 3012 779 3087 petitionem.
824 3011 1032 3071 Contendebat

55 3096 137 3157 enim
147 3094 250 3170 gratia
265 3110 332 3155 cum
347 3096 477 3155 libenter
491 3112 547 3170 pro
562 3095 684 3156 homine
699 3095 756 3155 sibi
772 3095 1031 3172 coniunctissimo,

56 3195 148 3257 quem
162 3181 259 3255 paulo
275 3187 344 3239 ante
359 3179 558 3255 praemiserat
572 3181 611 3240 ad
625 3179 817 3255 petitionem,
837 3186 901 3239 tum
921 3180 1031 3241 acriter

55 3272 164 3327 contus
178 3264 342 3324 factionem
358 3273 388 3324 et
402 3264 567 3338 potentiam
580 3280 764 3339 paucorum,
787 3263 838 3338 qui
851 3263 892 3324 Μ.
906 3264 1031 3327 Antonii

54 3351 183 3426 repulsa
207 3347 350 3409 caesaris
377 3348 553 3409 decedentis
578 3348 704 3424 gratiam
728 3350 901 3408 convellere
926 3351 1029 3425 cupie-

54 3432 137 3497 bant
162 3432 261 3496 Hunc
275 3433 332 3492 etsi
347 3448 493 3508 augruem
507 3433 593 3509 prius
607 3435 736 3509 iactum,
752 3450 843 3509 quarn
857 3434 972 3495 ltaliam
985 3441 1028 3495 at-
