2272 4176
63 492 126 559 460
373 492 491 550 HIRTil.
533 490 732 552 aelstanus

63 652 91 709 id
111 654 231 719 taceret3
259 649 360 706 multos
381 648 406 704 ei
428 648 560 705 molestos
577 649 637 705 lore
652 650 802 723 ipsumque
816 650 918 720 multis;
937 651 1012 710 Ostiae

63 736 153 795 videri
174 733 347 791 commodius
363 749 426 789 enm
441 734 517 790 exire
530 750 625 806 posse.
654 734 686 790 Id
701 753 756 807 ego
772 752 831 792 non
844 738 1013 811 intellegebam
1056 744 1058 751 '

64 821 130 893 quid
146 821 300 878 interesset.
342 816 401 875 Sed
414 824 507 874 tamen
522 818 623 873 Hirtius
638 819 705 875 mihi
721 820 792 877 dixit
805 825 874 879 etse
888 822 1014 884 adsumet

66 906 180 961 Balbum
198 910 225 961 et
239 904 358 977 Oppium
373 904 534 975 scripsisse,
556 909 585 958 ut
598 904 636 960 ita
653 906 767 961 laceret.

461 1003 498 1041 nn
513 1003 641 1044 nrmcvn,

148 1075 188 1142 (a.
203 1068 257 1141 45)
279 1072 333 1129 Cic.
345 1072 384 1127 ad
395 1071 448 1128 Ita
460 1071 539 1142 XII,
560 1065 617 1143 44,
641 1075 676 1132 1:
702 1074 738 1129 Et
753 1075 870 1131 Hirtium
884 1074 976 1146 aliquid
987 1075 1016 1132 ad

65 1166 91 1214 tc
102 1156 266 1231 συμπαθῶς
277 1157 313 1212 de
326 1173 371 1212 me
382 1156 529 1227 scripsisse
535 1156 616 1213 facile
623 1158 714 1229 patior
722 1161 802 1227 (iecit
810 1161 883 1215 enim
894 1160 1015 1227 humane),

66 1249 92 1298 et
102 1248 128 1297 tc
141 1242 200 1297 eius
212 1243 358 1313 epistolam
369 1240 405 1297 ad
416 1257 461 1297 me
473 1256 529 1296 non
540 1241 665 1312 misisse,
686 1244 772 1299 multo
785 1246 906 1301 facilius:
926 1251 951 1299 tu
960 1245 1017 1299 enim

67 1327 148 1382 etiam
161 1325 319 1381 humanius.

431 1424 468 1465 no
481 1424 673 1464 mamonrvn.

146 1496 186 1562 (a.
199 1487 253 1561 43)
268 1491 365 1549 Antan.
377 1508 420 1565 ep.
432 1494 470 1549 ad
479 1492 552 1550 Hira
565 1499 591 1549 et
603 1493 740 1550 Octavian.
752 1510 801 1566 ap.
810 1494 864 1553 Cio.
872 1494 940 1551 Phil.
948 1492 1018 1563 IIII,

67 1579 115 1649 17,
132 1572 188 1636 34:
214 1577 328 1647 Negatis
350 1593 450 1648 pacem
469 1594 555 1649 posse
569 1577 645 1648 lieri,
667 1578 719 1633 nisi
735 1584 782 1634 aut
797 1580 916 1634 emisero
926 1578 1019 1633 Brutum

66 1667 113 1717 aut
124 1664 258 1716 frumento
270 1662 377 1717 iuvcro.
400 1668 424 1729 §.
435 1660 492 1722 36:
509 1660 681 1717 Concordiae
694 1664 795 1718 tactam
804 1681 867 1719 esse
875 1665 1018 1719 mentionem

67 1747 183 1803 scribitis
195 1746 223 1800 ln
236 1752 334 1801 senatu
347 1751 374 1801 et
387 1747 494 1818 legatos
507 1763 570 1802 esse
582 1747 744 1802 consulares
757 1748 889 1820 quinque.

389 1846 426 1884 nn
442 1846 576 1887 sanarvn.
599 1833 640 1899 (a.
655 1825 721 1901 48.)

150 1914 204 1973 Cic.
216 1913 288 1970 Pieri.
306 1912 384 1971 VIII
388 1957 395 1985 ,
418 1913 452 1983 2,
468 1912 502 1973 62
523 1913 582 1970 Nec
593 1915 639 1970 illa
649 1914 760 1971 hostilia
772 1918 860 1973 verba
871 1932 923 1971 nec
932 1915 1022 1981 bellica,

71 2015 140 2069 quae
165 2000 249 2070 paulo
275 2004 337 2053 ante
363 2014 399 2053 ex
420 2000 545 2071 collegae
563 1999 658 2055 litteris
677 2000 770 2054 Pansa
789 2001 929 2055 recitavit:
948 2000 1022 2056 Deion

68 2084 242 2160 praesidium,
261 2083 389 2140 Claterna
395 2085 498 2155 potitus
509 2098 570 2139 sam
576 2107 586 2145 ,·
599 2084 691 2157 sapori
701 2086 811 2156 equites,
821 2087 955 2156 proeb'am
965 2100 1019 2138 com-

68 2170 191 2238 missum,
214 2169 297 2224 accae·
307 2169 414 2238 aliquot.

159 2253 211 2309 Cic.
224 2252 295 2307 Plril.
308 2251 396 2321 XIV,
418 2252 452 2320 2,
475 2251 509 2309 6:
536 2248 582 2304 Ad
596 2251 699 2306 litteras
713 2251 842 2321 veniam,
865 2268 935 2322 quae
949 2256 1023 2306 sunta

71 2336 228 2391 consulibus
244 2340 270 2390 et
285 2352 301 2390 a
314 2341 496 2407 propraetore
514 2335 625 2389 missae.
664 2334 696 2405 1,
720 2333 755 2392 1:
780 2335 823 2389 Ex
842 2336 949 2405 litteris,
969 2350 1024 2404 quae

70 2421 199 2475 recitatae
221 2425 299 2488 sunt,
320 2426 415 2491 patres
437 2419 600 2490 conscripti,
623 2420 902 2474 sceleratissimorum
925 2419 1025 2474 hostium

71 2505 221 2559 exercitum
234 2520 346 2559 caesum
359 2506 505 2575 lusumque
518 2504 647 2575 cognovi.
681 2502 729 2573 10,
746 2503 800 2564 28:
816 2504 866 2558 Hic
878 2503 1025 2559 adulescens

70 2589 181 2643 maximi
203 2588 301 2658 animi,
329 2594 359 2643 ut
377 2589 524 2646 verissime
542 2588 636 2643 scribit
649 2588 767 2658 Hirtius,
791 2594 882 2643 castra
899 2589 1025 2643 multarun

70 2673 212 2745 legionum
227 2673 323 2745 paucis
339 2673 497 2729 cohortibus
511 2677 613 2728 tutatus
628 2678 670 2728 est
684 2672 894 2743 secundumque
909 2672 1026 2745 proelium

72 2758 143 2812 lecit.
182 2757 216 2828 8,
239 2752 294 2818 24:
322 2757 378 2813 Aut
399 2758 563 2830 supplicatio
584 2760 619 2814 ob
641 2759 839 2830 rempublicam
858 2756 1025 2828 pulcherrime

72 2843 389 2914 gestampostulantibus
401 2845 501 2899 nostris
514 2843 726 2915 imperatoribus
739 2842 907 2913 deneganda
919 2846 972 2909 est,
991 2846 1025 2892 aul

73 2927 273 2998 supplicatione
296 2927 474 2983 decernenda
493 2927 588 2983 hostes
610 2944 675 3000 eos,
704 2927 739 2983 de
763 2927 862 2998 quibus
888 2923 1024 2983 decernitis,

74 3009 200 3068 iudicetis
215 3028 331 3067 necesse
347 3016 396 3067 est
