2272 4176
138 483 200 548 340
304 482 307 487 ’
373 484 530 547 BELLUM
550 484 871 548 Ataxanbalrtbld.

112 690 114 695 ,
137 640 219 713 tisse,
232 638 343 699 indeut
351 637 492 711 Siciliam,
505 637 615 699 deinde
622 640 756 717 Africam
764 644 897 715 caperet
909 638 1093 703 Itabrevissi
1114 686 1119 701 .

137 742 185 786 rno
197 722 296 799 spatio
304 740 338 782 re
345 721 589 798 praeclarissime
597 732 684 798 gesta
694 724 853 799 provincia
862 730 988 799 recepta
998 724 1090 787 etcur

136 809 236 869 nificio
255 808 382 882 reddita,
405 809 505 867 classe
523 807 769 868 adversariorum
780 808 883 879 exillo
895 814 959 870 toto
972 807 1093 870 sinuer-

134 896 225 971 pulsa
244 891 341 952 victor
363 907 397 951 se
416 891 612 952 Brundisium
632 893 774 953 incolumi
793 892 933 954 exercitu
955 898 986 954 el
1006 895 1094 955 classe

134 979 258 1052 recepit

217 1061 347 1122 XLVIII.
390 1060 431 1120 lis
449 1067 549 1121 autem
568 1061 773 1136 temporibus,
799 1063 914 1138 quibus
934 1062 1046 1124 Caesar
1062 1062 1094 1125 ad

133 1145 355 1225 Dyrrhachium
371 1144 549 1219 Pompeium
568 1144 729 1205 obsidebat
745 1154 775 1206 et
791 1145 1022 1223 Palaepharsali
1041 1163 1095 1208 ren

134 1231 260 1291 felleiter
276 1229 402 1304 gerebat
410 1229 678 1304 Alexandriaeque
694 1244 763 1288 cum
773 1230 912 1305 periculo
923 1239 1094 1307 magdolum
1121 1234 1126 1243 “

134 1316 224 1375 etiam
241 1314 356 1374 maiore
373 1313 501 1388 periculi
518 1314 598 1371 lama
616 1312 786 1388 dimIcabat
810 1313 843 1388 Q.
858 1315 985 1376 Cassius
996 1316 1093 1391 Longi·

136 1416 194 1459 nus
213 1399 241 1457 in
260 1398 409 1472 Hispania
426 1413 483 1471 pro
501 1402 643 1470 praetore
663 1398 840 1471 proviaeiae
857 1400 1013 1461 ulterioris
1030 1401 1093 1462 obti-

135 1484 253 1543 nendae
276 1498 370 1541 causa
391 1481 513 1540 relictus
536 1481 602 1539 sive
623 1483 846 1542 consuetudine
868 1491 999 1544 naturae
1027 1501 1091 1548 suae

135 1569 200 1629 sive
219 1567 300 1637 odio,
325 1566 409 1640 quod
426 1565 455 1623 in
473 1565 553 1623 illam
565 1566 752 1639 proviaciam
764 1575 950 1643 susceperat
960 1576 1094 1644 quaestor

135 1668 173 1712 ex
192 1651 310 1710 insidiis
330 1650 370 1710 ibi
386 1651 573 1723 vulneratus,
594 1665 721 1724 magnas
740 1650 861 1710 odiisui
873 1653 1092 1712 leceratacees·

135 1737 254 1807 siones,
276 1736 359 1810 quod
375 1736 424 1816 vel
442 1750 481 1792 ex
499 1734 686 1794 conscientIa
704 1750 776 1809 sua,
799 1751 868 1795 cum
886 1736 928 1795 de
945 1752 981 1796 se
1002 1744 1093 1797 mutuo

134 1821 245 1881 sentire
254 1820 440 1895 provinciam
448 1819 594 1891 crederet
607 1820 654 1879 vel
662 1818 762 1879 multis
774 1819 871 1894 signis
882 1826 914 1879 et
924 1820 1093 1881 testimoniis

111 1916 115 1923 ·
134 1922 248 1983 porum,
271 1905 321 1979 qui
335 1903 496 1963 difficulter
508 1903 578 1963 odia
591 1903 830 1978 dissimulabant,
849 1904 985 1963 animum
996 1906 1091 1965 adver-

135 1996 197 2050 tere
209 1995 335 2064 poterat,
360 1994 389 2047 et
401 2002 601 2062 compensare
613 1987 813 2048 offensionem
827 1988 1007 2063 provinciae
1017 2005 1091 2063 exer·

134 2076 210 2134 citus
221 2090 324 2133 amore
336 2073 484 2147 cupiebat
509 2070 621 2146 ltaque,
636 2089 703 2131 cum
716 2073 844 2146 prinlum
856 2073 884 2131 in
899 2090 995 2132 unum
1005 2075 1091 2134 locun

134 2159 298 2219 exercitum
311 2157 464 2228 conduxit,
477 2157 633 2216 sestertios
646 2165 789 2216 centenos
802 2157 947 2217 militibus
959 2164 1009 2217 est
1018 2158 1091 2234 poili

135 2245 211 2303 citus
225 2258 280 2301 nec
292 2243 384 2300 multo
399 2247 476 2316 post,
499 2257 566 2300 cum
579 2241 607 2299 in
622 2241 774 2301 Lusitama
785 2240 1007 2317 Medobregam
1018 2243 1090 2318 oppi-

135 2328 205 2386 dum
224 2325 609 2399 montemqueHermInium
628 2331 844 2399 expugnasset,
868 2326 1090 2402 qquedobre

135 2427 245 2485 genses
259 2411 463 2483 confugerant,
476 2410 577 2484 ibique
589 2410 752 2483 imperator
764 2418 847 2470 esset
858 2413 1043 2485 appellatus,
1054 2427 1090 2471 se

135 2496 245 2556 sterlbs
258 2495 392 2553 centenis
404 2494 511 2553 milites
524 2495 655 2555 donavit.
679 2495 772 2554 Multa
784 2501 944 2569 praeterea
956 2502 1093 2571 etmagna

135 2580 269 2654 praemia
287 2578 412 2652 singulis
431 2580 633 2643 comedebam
657 2594 735 2654 quae
747 2578 923 2653 speciosum
936 2581 1096 2641 reddebant

135 2671 326 2739 praesentem
345 2663 497 2723 exercitus
510 2678 653 2736 amorem,
677 2653 931 2737 paulatim'tamen
945 2671 977 2725 et
988 2666 1095 2726 accde

135 2749 290 2808 militarem
303 2748 493 2821 disciplinam
506 2750 759 2822 severitatemque
771 2747 958 2808 minuebant.

215 2832 314 2892 XLIX.
360 2832 484 2891 Cassius
505 2832 674 2905 legIonibus
693 2833 721 2890 in
741 2831 867 2890 hiberna
886 2832 1048 2908 dispositis
1063 2832 1096 2892 ad

133 2934 180 2976 rus
200 2918 359 2976 dicendum
374 2916 542 2975 Cordubam
563 2933 596 2974 se
616 2917 730 2990 recepit
748 2923 1006 2992 contractumque
1023 2918 1050 2977 in
1065 2933 1092 2978 ca

133 3017 186 3062 aes
199 3002 328 3060 alienum
339 3000 527 3074 gravissimis
540 3000 684 3060 oneribus
698 3001 872 3073 provinciae
884 3003 1043 3083 constituit
1053 3016 1093 3061 ex·

133 3089 270 3154 solvere;
295 3093 324 3144 et
344 3093 374 3144 ut
393 3085 558 3159 largitionis
576 3087 709 3159 postulat
727 3085 936 3155 consuetudo,
962 3103 1019 3162 per
1036 3103 1092 3147 cau

133 3187 197 3229 sam
216 3170 400 3228 liberalitatis
419 3171 590 3242 speciosam
610 3171 696 3242 plura
716 3169 847 3242 largitori
867 3172 1093 3243 quaerebantur.

132 3254 282 3313 Pecuniae
301 3255 503 3326 locupletibus
523 3253 760 3326 imperabantur,
785 3269 862 3327 quas
877 3254 1036 3328 Longinus
1047 3252 1094 3314 sibi

133 3355 287 3412 expensas
309 3337 377 3396 terri
391 3354 449 3394 non
464 3345 574 3395 tantam
590 3338 767 3411 pallebatur,
792 3337 847 3396 sed
862 3338 955 3397 etiam
969 3339 1093 3414 cogebat,

134 3424 162 3481 in
180 3438 302 3495 gregem
322 3421 513 3494 locupletium
534 3422 726 3481 sitrmltalium
746 3437 839 3480 causa
851 3430 964 3483 tenues
977 3422 1094 3483 canicie

135 3507 248 3565 bantur.
263 3522 361 3580 neque
374 3508 463 3564 allam
476 3522 571 3578 genas
585 3514 729 3578 ‹praestns
741 3515 791 3564 aut
803 3509 905 3579 magni
918 3505 1093 3568 elevidentis

135 3599 184 3648 aul
197 3591 305 3648 minimi
320 3601 347 3649 el
360 3590 474 3649 sordidi
489 3590 786 3663 1›ratelermltlebalua
812 3608 874 3663 quo
888 3592 1002 3653 domus
1014 3600 1043 3653 el
1053 3589 1093 3651 rt

136 3674 222 3731 launal
244 3676 432 3748 Imperatoris
446 3684 574 3733 vacaret.
600 3675 691 3732 Nemo
705 3681 777 3746 erat,
801 3675 852 3748 qni
866 3676 961 3736 modo
975 3677 1092 3753 allatam

136 3754 276 3817 iacturam
297 3761 395 3817 lacere
412 3768 526 3833 posset
551 3759 621 3830 (arria
635 3768 685 3818 aul
698 3759 869 3819 vadimonio
889 3767 1043 3825 teneretur
1051 3764 1092 3821 ur
