2272 4176
62 480 106 545 94
356 484 407 545 nn
427 485 551 548 annno
575 483 737 564 cancico

67 645 153 699 ustae
168 636 273 710 sudes,
288 653 417 712 magnus
432 637 591 698 muralium
607 638 736 712 pilorum
751 651 896 697 numerus
907 638 1034 699 institui·

67 741 129 792 cur3
152 729 250 781 turres
266 722 513 796 contabulantur‚
531 722 643 797 pinnae
657 721 832 795 loricaeque
847 736 886 780 ex
903 722 1035 784 cratibus

65 813 248 866 attexuntur.
274 805 345 881 lpse
360 808 474 881 Cicero,
491 822 558 866 cum
572 804 933 866 tenuissimavaletudine
945 815 1036 881 essct,

66 907 103 951 ne
118 898 301 951 nocturnum
316 891 437 965 quidem
458 888 517 949 sibi
538 896 659 964 tempus
681 888 720 946 ad
737 888 869 962 quietem
882 891 1036 965 relinque·

65 975 130 1048 bat,
157 982 190 1034 ut
210 977 288 1034 ultro
309 975 434 1033 militum
455 989 608 1034 concursu
628 989 664 1033 ac
686 972 815 1032 vocibus
836 972 895 1032 sibi
910 989 1037 1048 parcere

66 1066 234 1132 cogeretur.
367 1078 370 1082 “

147 1143 220 1201 XLI.
244 1141 327 1200 Tunc
349 1139 445 1199 duces
462 1138 681 1214 principesque
694 1138 890 1215 Nerviorum,
917 1141 969 1216 qui
984 1143 1037 1202 ali·

66 1241 157 1301 quem
179 1223 330 1284 sermonis
350 1222 463 1282 aditum
484 1238 673 1299 causamque
693 1222 842 1283 amicitiae
863 1239 933 1283 cum
953 1224 1036 1285 Cice·

67 1325 141 1370 rone
155 1308 320 1368 habebant.
352 1311 497 1386 conloqui
512 1326 584 1371 sese
597 1313 676 1370 velle
691 1309 805 1370 dicunt.
844 1307 938 1369 Facta
951 1317 1036 1386 pote-

67 1405 144 1458 state
159 1397 276 1468 eadem,
294 1410 375 1469 quae
388 1395 549 1456 Ambiorix
565 1411 633 1455 cum
647 1393 760 1455 Titurio
777 1399 889 1468 egerat,
906 1409 1036 1454 comme-

66 1488 196 1541 morante
224 1494 344 1538 ornnem
361 1490 432 1538 esse
452 1479 482 1537 in
498 1478 589 1538 armis
606 1479 747 1548 Galliam3
774 1478 942 1538 Germanos
956 1477 1035 1538 Rhe-

66 1580 136 1624 num
157 1563 325 1631 transisse;
353 1563 492 1622 Caesaris
518 1562 768 1637 reliquorumque
789 1560 917 1621 hiberna
939 1577 1035 1636 oppu-

65 1647 159 1723 gnari.
175 1646 301 1721 Addunt
312 1646 401 1705 etiarn
415 1647 455 1706 de
470 1645 574 1706 Sabini
589 1653 701 1706 morte=
715 1645 923 1718 Ambiorigem
935 1652 1036 1705 osten·

66 1737 128 1792 tant
149 1730 221 1789 fidei
243 1730 405 1790 faciundae
426 1746 529 1789 causa.
568 1729 679 1790 Emere
694 1745 749 1790 eos
765 1729 884 1803 dicunt,
911 1728 937 1788 si
954 1728 1036 1803 quic·

67 1831 158 1890 quarn
172 1815 211 1873 ab
226 1813 274 1874 his
290 1813 435 1888 praesidii
456 1821 596 1889 sperent,
624 1813 675 1890 qui
692 1814 757 1874 suis
772 1813 864 1873 rebus
881 1812 1036 1882 diffidant,

68 1914 136 1960 sese
150 1906 249 1957 tamen
265 1899 324 1958 hoc
339 1913 411 1957 esse
424 1897 453 1957 in
463 1898 639 1960 Ciceronem
650 1899 860 1973 populumque
866 1897 1036 1958 Romanum

68 1983 182 2056 animo,
208 1988 241 2042 ut
261 1982 333 2041 nihil
349 1981 408 2041 nisi
423 1981 550 2042 hiberna
563 1988 707 2043 recusent
721 1989 813 2057 atque
827 1980 907 2039 hanc
922 1980 1036 2040 invete-

66 2082 188 2127 rascere
216 2066 468 2127 consuetudinem
496 2068 607 2127 nolint=
635 2067 728 2126 licere
754 2065 812 2124 illis
833 2064 1036 2125 incolumibus

67 2167 121 2226 per
141 2165 176 2210 se
198 2166 237 2210 ex
257 2151 392 2212 hibernis
409 2151 569 2210 discedere
592 2157 635 2225 et,
663 2164 873 2224 quascumque
887 2148 917 2207 in
932 2156 1036 2224 partes

69 2236 172 2308 relint,
199 2235 266 2294 sine
280 2242 362 2295 metu
376 2234 542 2310 proficisci.
571 2234 675 2294 Cicero
690 2234 730 2293 ad
744 2232 821 2292 haec
834 2248 928 2292 unum
944 2233 1036 2293 modo

65 2319 241 2394 respondit:
264 2335 325 2379 non
342 2333 413 2378 esse
427 2317 679 2378 consuetudinem
692 2317 799 2393 populi
812 2316 941 2377 Romani
956 2317 1035 2378 acci·

65 2418 140 2479 pore
154 2403 193 2463 ab
202 2402 296 2463 hoste
311 2407 427 2462 armato
439 2401 667 2462 condicioncm=
682 2402 709 2460 si
720 2402 759 2461 ab
771 2400 862 2460 armis
876 2400 1037 2460 discedere

65 2487 173 2560 velint,
193 2482 235 2545 ''sc
249 2487 389 2547 adiutore
410 2491 532 2545 utamur
546 2487 727 2560 legatosque
741 2485 781 2544 ad
797 2485 955 2544 Caesarem
970 2484 1035 2543 mit-

66 2576 142 2641 tant3
160 2584 286 2644 sperare
298 2586 353 2644 pro
366 2570 432 2629 eius
443 2567 556 2629 iustitia
569 2585 648 2643 quae
659 2570 801 2644 petierint
811 2568 1035 2643 impetraturos.

148 2653 235 2712 XLil.
258 2653 306 2712 Ab
328 2653 385 2713 hac
407 2668 464 2728 spe
483 2653 599 2727 repulsi
614 2653 715 2712 Nervii
734 2655 815 2713 vallo
830 2652 944 2727 pedum
959 2667 992 2710 rx
1006 2660 1037 2711 et

66 2741 151 2799 iossa
168 2738 278 2810 pedum
290 2753 332 2796 xv
346 2736 473 2796 hiberna
488 2737 621 2810 cingunt.
636 2737 720 2797 Haec
735 2743 765 2797 et
778 2734 970 2812 superiorum
983 2751 1035 2795 an-

65 2837 172 2884 norum
191 2821 413 2881 consuetudine
436 2820 475 2880 ab
494 2819 584 2881 nobis
606 2826 814 2896 cognoverant
834 2826 864 2879 et
884 2819 1035 2896 quosdam

65 2909 104 2968 de
120 2905 255 2964 exercitu
269 2904 423 2965 habebant
437 2905 592 2979 captivos
617 2905 656 2964 ab
677 2905 725 2964 his
748 2903 953 2974 docebantur3
980 2904 1034 2963 sed

66 2992 147 3051 nulla
158 2990 407 3049 ferramentorum
419 2989 517 3063 copia,
534 3004 614 3064 quae
624 2995 708 3067 esset
718 2988 758 3047 ad
768 2988 850 3048 hunc
865 3004 955 3048 usum
969 2987 1035 3047 ido-

66 3090 136 3144 nea,
163 3072 272 3146 gladiis
295 3073 426 3147 cespites
443 3071 676 3148 circumcidere,
702 3072 842 3133 manibus
857 3072 1036 3147 sagulisque

66 3169 174 3218 terram
190 3155 351 3215 exhaurire
365 3155 545 3216 nitebantur.
562 3156 628 3231 Qua
642 3156 765 3234 quidem
780 3172 819 3216 ex
833 3172 867 3216 re
880 3155 1035 3216 hominum

63 3240 222 3302 multitudo
239 3240 386 3314 cognosci
395 3239 509 3314 potuita
524 3257 594 3300 nam
605 3243 705 3303 minus
717 3243 801 3304 horis
813 3241 909 3301 tribus
921 3240 1034 3299 milium

64 3340 211 3402 passuum
226 3341 269 3382 xv
289 3324 319 3382 in
335 3323 463 3384 circuitu
476 3325 673 3388 munitionem
687 3328 882 3404 perfecerunt
894 3323 1033 3399 reliquis-

64 3425 124 3485 que
139 3407 248 3468 diebus
263 3415 363 3468 turres
378 3407 419 3467 ad
433 3408 622 3470 altitudinem
634 3411 722 3484 valli,
738 3411 834 3470 falces
849 3408 1033 3470 testudines-

64 3509 140 3571 que,
156 3507 234 3567 quas
248 3492 329 3552 idem
345 3491 457 3567 captivi
472 3492 654 3569 docuerant,
669 3507 780 3568 parare
794 3508 831 3552 ac
846 3495 948 3553 lacere
963 3507 1032 3553 coe-

64 3582 183 3656 parunt.

63 3665 66 3674 '
145 3658 247 3720 XLlll.
281 3658 417 3735 Septimo
444 3659 682 3738 oppugnationis
696 3657 746 3718 die
766 3659 899 3720 maximo
926 3670 1033 3721 coorto

64 3753 155 3812 rento
177 3745 330 3804 ferventes
353 3745 433 3805 iusili
455 3763 495 3807 ex
509 3746 616 3822 argilla
628 3742 757 3819 glandes
771 3743 873 3803 lundis
890 3751 919 3804 et
933 3745 1032 3805 terve-
