2272 4176
63 436 135 546 ato
381 483 432 545 on
453 481 577 544 annno
600 481 716 544 crum

63 637 150 702 stulis
167 638 276 699 Cosam
290 637 321 697 in
335 651 409 712 agro
420 634 553 696 Thurino
570 650 751 711 oppugnare
765 636 867 713 caepit
902 634 949 699 Bo
963 652 1018 699 can
1050 652 1053 657 ·

64 740 83 785 a
98 724 131 798 Q.
146 722 239 783 Pedio
253 730 394 798 praetore
409 738 477 781 cum
491 721 611 795 legione
620 715 666 794 **,
682 721 786 796 lapide
799 720 878 783 ictus
892 736 933 781 ex
946 736 1020 781 muro

64 808 162 885 periit.
189 808 228 868 Et
242 807 362 869 Coelius
383 807 555 881 prolectuS,
578 811 611 865 ut
624 804 795 881 dictitabat,
818 805 861 867 ad
873 806 1021 867 caesarem

64 893 204 970 pervenit
217 892 356 954 Thurios.
385 890 444 951 Ubi
459 905 528 950 eum
543 890 695 965 quosdam
709 888 777 951 eius
797 890 954 967 municipii
972 893 1022 952 sol·

64 979 192 1038 licitaret
205 976 421 1052 equitibusque
436 974 575 1036 Caesaris
592 975 684 1036 Gallis
698 982 793 1051 atque
805 975 963 1053 Hispanis,
981 974 1023 1052 qui

67 1079 104 1123 eo
120 1062 266 1138 praesidii
281 1078 376 1122 causa
390 1059 477 1120 missi
493 1066 586 1136 erant,
601 1059 766 1135 pecuniam
776 1061 978 1137 polliceretur,
993 1060 1023 1121 ab

64 1146 113 1206 his
130 1153 177 1206 est
191 1148 375 1206 interiectus.
405 1145 449 1205 Ita
462 1160 640 1220 magnarum
652 1144 737 1206 initia
749 1161 869 1221 rerum,
893 1161 970 1222 quae
983 1161 1023 1206 oc·

67 1232 228 1306 captatione
249 1231 478 1306 magistratuum
499 1235 530 1289 et
550 1238 722 1306 tempomm
742 1230 906 1292 solliritam
924 1230 1023 1292 ltaliam

66 1316 229 1389 habebant,
249 1319 379 1377 celerem
394 1323 424 1376 et
438 1315 558 1375 facilem
573 1315 686 1377 exitum
700 1316 886 1376 habuerrmt.

114 1462 117 1467 ,
149 1400 252 1459 XXIII.
296 1401 371 1462 Libo
396 1401 552 1476 protectus
579 1400 616 1460 ab
640 1398 728 1460 Orico
754 1402 963 1476 rammasse,
986 1398 1026 1459 cui

67 1492 221 1562 praeerat,
249 1487 371 1545 navium
393 1484 613 1561 quinquaginta
625 1484 824 1546 Brundisium
847 1487 934 1547 venit
955 1484 1025 1545 insa·

67 1573 198 1644 lamque,
216 1585 295 1644 quae
313 1578 419 1630 contra
430 1578 551 1646 portum
561 1569 781 1630 Brundisinum
791 1577 849 1645 est,
867 1567 1025 1646 occupavit,

69 1656 152 1730 quod
164 1660 321 1729 praestare
333 1655 533 1716 arbitrabatur
542 1670 638 1715 unum
649 1654 759 1728 locum,
774 1654 1027 1731 quanecessarius
1068 1670 1071 1723 ;

68 1739 181 1799 nostris
207 1747 271 1799 erat
291 1755 451 1815 egressuS,
478 1756 568 1815 quam
590 1740 691 1800 omnia
705 1740 794 1801 litora
808 1756 846 1801 aa
863 1747 972 1817 portus
986 1755 1028 1801 tu*
1069 1734 1071 1765 ³

69 1824 169 1885 stadia
181 1825 303 1884 clausos
315 1825 419 1884 teneri.
438 1824 495 1884 Hie
506 1824 665 1899 repentino
678 1825 812 1886 adventu
822 1841 923 1887 naves
934 1839 1019 1887 onera

67 1910 130 1968 rias
149 1909 298 1984 quasdam
313 1918 420 1971 nactus
438 1909 573 1969 incendit
589 1916 619 1969 et
632 1926 725 1969 unam
735 1911 889 1971 frumento
903 1917 1028 1972 onustam

69 1994 194 2055 abduxit
211 2008 414 2070 magnumque
431 1994 544 2055 nostris
558 2000 704 2054 terrorem
718 1994 821 2054 iniecit
835 2004 866 2056 et
880 2002 973 2057 noctu
986 1991 1027 2053 mi-

69 2079 171 2140 litibus
187 2096 223 2140 ac
238 2079 400 2154 sagittariis
415 2079 445 2138 in
459 2086 572 2140 terram
587 2078 736 2154 expositis
751 2079 944 2155 praesidium
957 2077 1025 2155 equi·

68 2172 132 2224 tum
158 2164 266 2224 deiecit
287 2172 316 2225 ct
339 2165 416 2224 adeo
438 2164 499 2225 loci
522 2164 747 2239 opportunitate
768 2164 916 2240 proiecit,
937 2163 980 2225 uti
1000 2160 1029 2225 ad

69 2248 246 2324 Pompeium
261 2249 374 2309 litteras
390 2249 526 2321 mitteret,
542 2264 637 2308 naves
652 2248 797 2324 reliquas
813 2248 842 2309 si
852 2251 955 2324 vellet,
971 2247 1031 2308 sub-

71 2332 140 2393 duei
162 2340 192 2392 et
210 2333 295 2392 refici
316 2334 447 2395 iuberet:
476 2349 533 2394 sua
557 2335 658 2394 classe
679 2333 792 2394 auxilia
812 2348 887 2394 sese
903 2330 1031 2394 Caesaris

72 2416 300 2491 prohibiturum.

154 2500 260 2560 XXIV.
305 2502 379 2562 Erat
401 2518 438 2564 eo
459 2509 597 2578 tempore
616 2502 770 2563 Antonius
792 2500 968 2576 Brundisii,
990 2498 1031 2575 qui

71 2585 180 2644 virtute
201 2586 326 2646 militum
347 2587 483 2647 confisus
505 2585 637 2662 scaphas
652 2587 774 2647 navium
789 2602 970 2662 magnarum
985 2583 1032 2644 eir·

71 2670 144 2729 citer
159 2671 318 2744 sexaginta
333 2672 465 2732 cratibus
480 2672 654 2747 pluteisque
669 2671 803 2733 contexit
818 2687 922 2747 eoque
934 2669 1033 2730 milites

72 2755 208 2815 delectos
224 2754 360 2831 inposuit
375 2764 467 2831 atque
484 2772 537 2816 eas
552 2757 583 2816 in
601 2756 689 2816 litore
704 2756 843 2832 pluribus
859 2757 938 2816 locis
954 2768 1034 2828 sepa·

70 2840 156 2899 ratim
179 2839 333 2914 disposuit
352 2856 511 2915 navesque
532 2842 670 2901 triremes
687 2841 780 2916 duas,
804 2857 883 2916 quas
898 2834 1035 2902 Brundisi

72 2925 227 2985 laciendas
245 2932 412 2998 curaverat,
428 2941 484 3000 per
499 2941 624 2986 causam
638 2926 883 2986 exercendorum
896 2925 1036 3000 remigum

72 3009 111 3069 ad
134 3009 239 3069 lauces
256 3020 363 3086 portus
379 3009 503 3086 prodire
518 3010 615 3072 iussit.
643 3011 707 3070 Has
721 3026 789 3070 cum
805 3011 956 3072 audacius
974 3023 1036 3084 pro-

72 3109 198 3168 grossas
213 3095 288 3156 Libo
304 3096 446 3168 vidisset,
471 3111 601 3169 sperans
616 3094 755 3169 intercipi
771 3111 868 3170 posse
887 3094 1036 3171 quadrire-

71 3194 136 3238 mes
160 3179 295 3255 quinque
319 3181 358 3240 ad
380 3196 434 3239 eas
455 3179 545 3240 misit.
579 3180 662 3254 Quae
686 3196 755 3239 cum
778 3180 909 3240 navibus
933 3175 1037 3240 nostris

72 3264 345 3338 propinquassent.
370 3264 468 3325 nostri
489 3264 624 3325 veterani
646 3265 676 3323 in
698 3272 820 3339 portum
834 3264 1037 3339 refugiebante

71 3347 112 3407 illi
129 3349 229 3409 studio
245 3349 357 3410 incitati
369 3349 519 3410 incautius
532 3349 748 3426 sequebantur.
776 3349 839 3407 Iam
851 3365 891 3408 ex
903 3348 1038 3410 omnibus

72 3434 209 3507 partibus
236 3435 335 3495 subito
361 3433 552 3496 Antonianae
578 3433 713 3508 scaphae
738 3432 826 3507 signo
852 3434 925 3493 dato
952 3448 987 3493 se
1011 3430 1037 3489 in

72 3516 179 3577 hostes
199 3519 401 3580 incitaverunt
420 3521 582 3596 primoque
603 3520 718 3593 impetu
739 3534 830 3577 unam
851 3533 891 3577 ex
905 3518 954 3577 his
971 3531 1038 3591 qua-

73 3600 234 3662 driremem
250 3621 318 3665 cum
336 3604 500 3679 remigibus
514 3603 793 3677 defensoribusque
805 3602 871 3662 suis
888 3607 1038 3678 ceperunt,

72 3685 208 3760 reliquas
219 3690 345 3764 turpiter
356 3691 497 3764 refugere
509 3691 683 3763 coegerunt.
705 3686 1039 3747 Adhoedetrimentum

71 3771 221 3845 accessit,
243 3780 277 3834 ut
296 3773 448 3849 equitibus
468 3787 529 3863 per·
545 3789 629 3834 cram
649 3772 839 3833 maritumam
857 3771 896 3832 ab
910 3766 1038 3832 Antonio
