2272 4176
147 497 188 561 58
437 496 489 558 DE
509 494 634 559 BELLO
658 498 821 562 onttlco

147 658 282 728 rusatcs,
297 652 449 729 Elusates,
467 653 568 728 Getes,
582 652 687 724 Ausci,
705 652 857 728 Garumni,
873 651 1045 729 Sibindos,
1059 654 1103 715 ce
1122 673 1125 706 z

147 745 284 800 casales:
306 754 426 814 paucae
440 739 562 798 ultimae
576 736 716 797 nationes
731 737 802 797 anni
817 743 958 813 tempore
972 738 1104 815 conlisae.

148 824 232 899 quod
245 822 343 883 hiems
358 824 491 897 suberat,
507 822 566 882 hoc
580 823 683 880 lacere
698 824 908 896 neglexerunt.

229 907 362 968 XXVlll.
394 907 511 966 Eodem
525 906 589 964 lere
600 906 868 981 temporecaesar,
884 906 943 968 etsi
954 923 1052 984 prope
1061 906 1120 967 ex·'

147 998 216 1052 ecta
228 991 288 1050 iam
302 997 404 1051 aestas
420 997 492 1063 erat,
508 994 618 1064 tamen,
635 990 719 1065 quod
734 991 815 1050 omni
825 990 923 1053 Galba
935 990 1104 1068 peccabo

148 1076 205 1136 rini
219 1075 415 1150 Menapiique
431 1081 628 1148 supererant,
656 1075 708 1149 qui
729 1076 760 1133 in
782 1075 875 1135 armis
896 1083 1106 1152 essentneque

147 1163 187 1221 ad
201 1176 270 1219 oum
283 1174 427 1233 umquam
441 1160 522 1231 legat
524 1174 559 1218 os
576 1159 614 1217 de
629 1174 708 1233 poce
722 1159 893 1234 misissent,
910 1158 1106 1221 arbitraturi

146 1244 259 1304 bellum
274 1241 412 1301 celeriter
427 1242 537 1301 confici
552 1258 649 1317 posse
665 1258 701 1303 eo
718 1243 885 1303 exereitum
899 1244 1044 1314 adduxite
1063 1242 1118 1335 qul.

146 1330 237 1401 longe
262 1325 321 1384 alia
341 1327 458 1386 ratione
480 1342 516 1385 ec
535 1327 644 1401 reliqui
660 1326 736 1386 Galli
757 1326 870 1387 bellum
885 1342 995 1401 gerere
1009 1342 1136 1416 coepe·

147 1419 224 1472 runt.
253 1410 328 1468 Nam
350 1411 462 1485 quod
455 1427 484 1470 m
486 1412 671 1485 tellegebant
692 1411 839 1470 maximas
856 1411 1015 1487 nationes,
1039 1424 1107 1489 quoe

148 1494 263 1570 proelio
272 1495 503 1554 contendissent
504 1497 628 1569 ,pulsas
641 1500 767 1569 superat
768 1510 955 1571 asqueesse,
963 1496 1118 1557 contium·-

147 1586 255 1654 tesque
270 1578 364 1638 silvas
380 1594 425 1657 ae
431 1580 562 1654 paludes
577 1578 746 1654 habebant,
773 1594 810 1640 eo
833 1593 870 1638 se
883 1596 1005 1657 suaque
1019 1579 1107 1642 omnia

147 1664 347 1723 contulerunt.
391 1664 441 1723 Ad
462 1679 591 1738 quarum
612 1663 728 1722 initium
750 1664 896 1724 silvarum
917 1680 988 1724 cum
1009 1664 1122 1727 cassu

148 1748 340 1822 pervenisset
361 1754 524 1824 castraque
544 1749 663 1807 munire
683 1747 867 1808 instituisset
890 1763 994 1824 neque
1021 1748 1069 1811 ho
1083 1770 1087 1792 ·
1101 1773 1114 1800 ι

147 1832 266 1891 interim
279 1833 366 1891 visus
382 1838 482 1906 esset,
509 1832 661 1908 dispersis
676 1832 707 1891 in
724 1846 818 1907 opere
832 1833 949 1893 nostris
964 1834 1064 1895 subito

147 1917 288 1976 omnibus
305 1918 444 1990 partibus
460 1918 557 1976 silvae
572 1917 774 1992 evolaverunt
794 1917 868 1976 etin
884 1925 1011 1978 nostros
1024 1918 1109 1995 impe

148 2009 208 2061 tum
224 2002 371 2060 lecerunt.
404 2001 506 2060 Nostri
529 2001 668 2060 celeriter
688 2017 774 2060 arma
794 2009 943 2075 ceperunt
958 2000 1109 2078 eosquetr

147 2086 241 2145 silvas
257 2087 436 2160 repulerunt
456 2093 486 2146 et
501 2085 700 2160 conpluribus
715 2085 882 2144 interfectis
898 2086 1021 2160 longius
1035 2088 1124 2163 inpe-

146 2169 309 2232 ditionibus
324 2170 402 2231 locis
418 2170 515 2228 secuti
530 2184 649 2243 paucos
665 2184 704 2227 ex
719 2169 784 2229 suis
801 2169 1050 2243 deperdiderunt
1122 2167 1125 2240 ζ

229 2254 333 2313 XXIX.
355 2252 494 2328 Reliquis
516 2253 664 2326 deinceps
686 2253 795 2313 diebus
812 2254 925 2313 Caesar
939 2254 1036 2315 silvas
1051 2251 1119 2315 cee'

147 2341 221 2398 dere
235 2337 319 2396 instit
320 2338 371 2409 uit,
388 2343 418 2395 et
433 2351 470 2393 ne
487 2336 556 2410 quis
572 2335 738 2395 inermibus
753 2337 1053 2415 inprudentibusque
1064 2336 1123 2397 ule

146 2423 248 2482 litibus
264 2421 302 2479 ab
317 2422 359 2479 lat
347 2428 411 2479 tore
425 2421 521 2493 impet
521 2435 558 2478 us
509 2419 641 2478 tfieri
656 2427 779 2495 posset,
802 2436 923 2482 omnem
945 2436 1014 2482 earn
1027 2409 1136 2483 male

144 2502 326 2572 itemquae
342 2505 407 2558 eret
423 2514 524 2570 caesa,
549 2515 732 2559 conversam
747 2502 786 2561 ed
801 2502 923 2563 bostem
938 2504 1122 2576 conlocabtl·

141 2592 172 2644 et
188 2600 245 2659 pio
262 2585 344 2642 vello
361 2584 448 2642 adt
415 2601 435 2642 u
436 2589 579 2659 trumque
594 2585 674 2645 latus
691 2591 742 2644 ext
730 2585 861 2646 traebat.
883 2588 1057 2650 Incredibili
1094 2627 1099 2636 -

139 2667 258 2727 leritate
280 2683 391 2740 magno
415 2668 514 2742 spatio
540 2669 648 2742 paucis
670 2667 778 2730 diebus
800 2671 944 2732 conlecto
971 2687 1041 2733 cum

140 2767 235 2828 pocus
251 2758 343 2825 atque
359 2759 495 2811 extrema
512 2751 719 2825 inpedimenta
740 2753 778 2812 ab
801 2755 916 2816 nostris
931 2763 1116 2831 tenerentur,

139 2837 197 2912 ipsi
214 2836 374 2896 densiores
390 2837 485 2897 silvas
503 2844 648 2911 peterent,
665 2837 818 2898 eiusmodi
832 2852 904 2898 sunt
917 2846 1072 2916 tempesta
1090 2863 1100 2886 2·
1117 2853 1119 2856 ·

138 2927 333 2991 consecutae,
355 2919 399 2979 uti
423 2937 502 2994 opus
519 2922 694 2983 necessario
717 2923 966 2984 intermitteretur
980 2932 1013 2985 et
1026 2939 1114 3006 con*¹

138 3004 284 3063 nuatione
309 3003 447 3063 imbrium
471 3005 584 3066 diutius
607 3007 664 3067 sub
688 3007 819 3080 pellibus
840 3006 949 3069 milites
972 3006 1113 3070 contina

139 3105 197 3147 non
216 3094 355 3161 possent
380 3090 488 3163 ltaque
510 3092 637 3150 vastatis
652 3093 794 3151 omnibus
809 3107 917 3152 eorum
934 3092 1028 3189 agris,
1042 3092 1091 3152 vi

138 3170 372 3246 aedificiisque
366 3173 499 3235 incensis
517 3175 630 3235 Caesar
645 3175 761 3235 exercit
764 3192 812 3235 um
828 3176 951 3237 reduxit
965 3177 1020 3237 et'
1012 3193 1043 3237 m
1056 3176 1095 3237 A

138 3256 228 3316 lercis
240 3255 455 3332 Lexevnsque
468 3258 594 3334 requms
605 3258 676 3319 item
688 3266 791 3319 civi
748 3260 870 3332 ttibus,
886 3276 967 3335 quae
979 3258 1105 3336 proxi

138 3340 250 3401 bellum
267 3342 437 3418 fecerent
429 3360 458 3402 m
474 3342 609 3404 hibernis
626 3343 806 3403 conlocavit.
1099 3354 1103 3369 ·

542 3593 688 3605 α...-
