2272 4176
10 39 270 119 W,
778 114 781 121 .

10 121 16 135 ’
48 144 53 153 “
283 132 443 197 BuLLuM
462 134 780 199 ALEXANDRINUM.
955 132 1015 201 351

43 294 134 349 urere
150 302 266 365 posse3
288 290 371 365 quod
393 290 516 373 quidem
531 289 714 366 supplicium
728 291 851 366 gravius
865 297 961 351 morte
976 292 1016 351 ci·

43 386 101 433 ves
120 372 255 435 Romani
276 374 440 435 subissent.
468 374 564 436 Ponto
584 390 658 435 vero
680 374 843 434 decederet
857 376 1017 437 confestim

45 456 241 535 romulusque
251 459 483 535 publicanorum
493 461 658 521 remitteret
672 466 834 535 ceteraque
847 460 1019 522 restitueret

43 541 140 603 sociis
156 542 339 620 civibusque
351 546 512 620 Romanis,
540 560 618 620 quae
639 560 736 618 penes
757 559 826 603 eum
841 552 954 604 essent.
985 543 1016 605 Si

43 626 187 703 fecisset,
213 629 273 688 lam
294 635 364 689 tunc
385 630 443 689 sibi
463 629 594 689 mitteret
612 644 739 688 munera
759 645 795 688 ac
816 629 910 703 dona,
938 644 1017 704 quae
1059 632 1063 639 ’

32 709 123 777 „bene
136 712 234 773 rebus
253 714 349 789 gostis
370 714 570 787 imperatores
593 713 631 773 ab
653 714 758 772 amicis
783 714 923 789 accipere
944 730 1016 774 con·

43 804 200 858 suessent
226 797 352 860 Miserat
366 799 443 857 enim
458 798 636 858 Pharnaces
647 813 792 858 coronam
807 814 939 858 auream.
961 798 1016 859 His

41 882 207 956 responsis
223 883 300 943 dalis
316 885 433 959 legatos
448 882 572 943 remisit.

124 965 229 1026 LXXI.
243 969 285 1029 At
294 967 467 1027 Pharnaces
481 967 645 1027 liberaliter
657 967 757 1026 omnia
769 967 930 1042 pollicitus,
947 982 1015 1027 cum

42 1049 238 1113 festinantem
258 1067 295 1112 ac
315 1058 530 1128 properantem
546 1052 706 1111 Caesarem
721 1058 860 1125 speraret
873 1052 1015 1112 libentius

43 1135 135 1195 etiam
156 1136 342 1196 crediturum
367 1137 431 1197 suis
456 1136 634 1211 promissis,
661 1152 753 1211 quam
777 1152 827 1196 res
852 1144 1015 1212 pateretur,

44 1236 105 1295 quo
120 1221 253 1287 celerius
267 1220 490 1296 honestiusque
505 1222 544 1281 ad
557 1237 609 1281 res
625 1221 721 1294 magis
736 1221 928 1281 necessarias
943 1238 1014 1297 pro·
1110 1254 1114 1262 ·

45 1303 287 1366 licisceretur—
297 1306 410 1366 nemini
421 1306 499 1366 enirn
512 1313 576 1365 crat
589 1306 724 1379 ignotum
738 1305 874 1380 plurimis
891 1306 929 1365 de
944 1323 1014 1366 cau-

45 1388 86 1449 sis
101 1389 143 1449 ad
157 1389 264 1449 urbem
279 1390 440 1450 Caesarem
454 1390 592 1449 revocari
607 1425 660 1461 -,
677 1391 787 1449 lentius
803 1405 908 1464 agere,
925 1391 1013 1450 dece·
1100 1460 1104 1469 Ι

44 1472 136 1533 nendi
156 1474 238 1533 diem
257 1477 414 1550 postulare
428 1475 611 1550 longiorem,
637 1474 797 1549 pactiones
811 1473 1013 1549 interponere,

43 1556 72 1625 irr
87 1574 210 1618 summa
229 1560 366 1620 frustrari
382 1560 490 1635 coepit.
521 1559 633 1619 Caesar
648 1558 769 1631 cognita
783 1557 945 1618 calliditate
959 1559 1011 1619 ho·

43 1642 148 1717 mnis,
174 1644 258 1718 quod
283 1645 349 1704 aliis
374 1644 561 1721 temporibus
588 1649 694 1703 natura
718 1644 819 1702 facere
841 1650 1013 1719 consuerat,

42 1733 113 1787 tunc
127 1729 311 1788 necessitate
331 1729 402 1789 fecit
415 1730 581 1803 adductus,
608 1735 641 1788 ul
656 1727 783 1788 celerius
799 1728 931 1788 omnium
948 1728 1011 1804 opi·

44 1811 134 1872 nione
148 1827 271 1872 manum
286 1821 469 1873 consereret.

123 1894 241 1956 Lxlnl.
261 1896 334 1956 Zela
348 1905 395 1958 est
415 1898 562 1973 oppidum
582 1897 612 1955 in
627 1896 739 1970 Ponto,
765 1895 898 1971 positum
912 1895 1011 1971 ipsum

43 1980 118 2041 utin
133 1981 226 2056 plano
242 1982 310 2042 loco
327 1983 401 2042 satis
414 1983 543 2043 munito:
557 1984 690 2042 tumulus
702 1981 781 2040 enim
793 1982 945 2056 naturalis,
960 1996 1011 2040 ve-

41 2066 94 2127 luti
108 2081 204 2126 manu
219 2068 325 2139 fuctuS,
342 2067 511 2128 excelsiore
525 2068 660 2147 undique
675 2065 794 2140 fastigio
808 2066 938 2126 sustinet
948 2083 1008 2126 rnu-

40 2167 117 2213 rum.
149 2150 360 2227 circumpositi
382 2158 453 2212 sunt
473 2152 543 2211 huic
564 2152 678 2227 oppido
693 2152 793 2226 magni
807 2150 954 2226 multique
968 2152 1011 2210 in·

39 2235 145 2296 tercisi
158 2236 288 2294 vallibus
303 2236 415 2304 colles;
432 2252 560 2310 quorum
573 2236 757 2297 editissimus
772 2253 861 2310 unuS,
879 2238 930 2311 qui
941 2253 1010 2311 pro·

39 2329 108 2397 pter
121 2320 282 2379 victoriam
295 2319 475 2380 Mithridatis
490 2329 520 2382 et
534 2321 737 2382 infelicitatem
743 2321 837 2381 Triari
852 2321 1011 2380 detrimen-

39 2412 168 2481 tumque
189 2404 340 2464 exercilns
361 2407 457 2466 nostri
477 2406 688 2481 superioribus
703 2406 779 2483 loeis
794 2413 886 2480 atque
900 2405 1009 2465 itineri·

26 2488 99 2567 ¹bus
122 2504 223 2565 paene
245 2490 424 2550 coniunctus
447 2491 562 2565 oppido
584 2506 722 2566 magnam
743 2492 773 2550 in
795 2489 852 2549 illis
873 2489 1011 2563 partibus

40 2570 135 2632 babet
149 2572 332 2634 nobilitatem
346 2591 402 2634 nec
417 2578 510 2636 multo
526 2575 646 2650 longius
661 2576 782 2636 milibus
796 2589 945 2649 pessumn
960 2574 1010 2632 tri-

10 2672 14 2701 2
38 2658 98 2719 bus
114 2658 205 2718 abest
219 2657 256 2718 ab
271 2658 352 2718 Zela.
383 2659 471 2719 Hune
485 2661 586 2720 locum
603 2660 772 2720 Pharnaces
786 2657 941 2718 veteribus
956 2673 1009 2731 pa-

10 2754 21 2813 -,ζ
39 2750 197 2804 ternorum
210 2742 342 2802 felicium
354 2750 522 2804 castrorum
533 2744 656 2804 refectis
672 2745 815 2819 operibus
832 2742 929 2816 copiis
945 2743 1010 2801 suis

10 2828 17 2907 j
40 2828 183 2888 omnibus
199 2827 369 2901 occupavit.

16 2926 20 2975 ξ
122 2911 252 2971 LXXIII.
276 2912 388 2971 Caesar
409 2929 478 2973 curn
498 2913 535 2972 ab
556 2911 645 2972 hoste
665 2912 747 2971 milia
759 2928 907 2987 passuum
924 2911 1009 2986 quin-

10 2993 21 3059 ,ἶ
41 3013 100 3073 que
115 3004 218 3057 castra
235 2995 393 3069 posuisset
406 2997 585 3072 videretque
599 3012 652 3056 ens
667 2997 778 3068 valles,
802 2997 913 3071 quibus
928 2996 1011 3070 regia

10 3070 29 3163 ξε
42 3089 141 3143 castra
155 3080 358 3156 munirentur,
385 3082 491 3141 eodem
513 3082 670 3142 intervallo
691 3096 748 3140 sua
769 3088 868 3140 castra
882 3079 1010 3141 munitu-

10 3160 24 3183 *
40 3182 104 3242 rus,
126 3165 259 3226 simodo
275 3181 312 3224 ea
326 3167 394 3225 loca
408 3166 513 3231 iustos
528 3166 648 3241 priores
663 3181 723 3226 non
740 3165 908 3239 cepissent,
931 3181 1010 3240 quae

10 3188 131 3315 inulto
147 3258 236 3311 crant
250 3251 396 3326 propiora
410 3251 491 3324 regis
513 3250 637 3323 castris,
664 3264 806 3323 aggerem
828 3251 1010 3325 comportari

10 3318 26 3423 ξ
43 3332 120 3399 lubet
133 3337 214 3398 intra
228 3336 419 3396 munitiones.
444 3335 508 3408 Quo
525 3334 662 3394 celeriter
677 3335 785 3393 collato
801 3335 941 3408 proxima
955 3352 1010 3396 no

10 3418 89 3515 ἑοῖο
107 3422 214 3499 vigilia
234 3430 340 3496 quarta
361 3420 532 3495 legionibus
552 3419 693 3482 omnibus
713 3418 863 3495 expeditis
883 3420 1009 3497 impedi-

10 3636 26 3671 r?

10 3678 13 3717 !
