2302 4192
456 168 572 230 LIBER
597 170 663 230 VII.
993 166 1055 234 125

66 322 210 399 cipetum
221 324 337 385 Galliae
348 325 441 386 totius
454 324 626 385 obtinuerat
638 330 668 384 et
684 325 723 386 ob
738 340 806 384 eam
821 340 956 401 causam,
972 327 1054 403 quod

69 426 207 486 regnum
218 408 393 485 adpetebat,
408 410 447 470 ab
462 410 583 470 civitate
599 416 664 469 erat
677 406 862 485 interiectus
879 413 1054 472 convocatis

72 495 144 557 suis
167 494 331 555 clientibus
352 495 441 555 facile
462 495 606 555 incendit.
637 496 764 570 Cognito
787 495 853 554 eius
870 496 999 557 consilio
1016 497 1054 557 ad

73 596 165 640 arma
186 578 388 639 concurritur.
426 579 608 642 Prohibetur
623 579 661 639 ab
677 579 916 654 Gobannitione,
945 588 1055 655 patruo

74 682 146 740 suo,
161 664 355 740 reliquisque
369 664 569 741 principibus
587 665 638 741 qui
652 664 732 724 hanc
743 665 951 739 temptandam
961 666 1055 728 sortu-

74 766 150 810 nam
170 765 235 808 non
259 748 488 825 existimabant,
515 750 677 824 expellitur
698 765 737 809 ex
753 748 869 824 oppido
886 749 1055 825 Gergovia;

75 851 141 896 non
163 833 282 893 destitit
304 839 404 893 tarnan
426 842 520 910 atque
541 834 570 892 in
593 833 674 908 agris
690 834 782 893 habet
797 834 949 894 delectum
964 850 1052 910 egen·
1123 856 1126 861 ·

75 921 153 983 tium
168 935 208 978 ac
221 917 417 993 perditorum.
439 919 505 979 Hac
520 926 628 978 coacta
641 934 750 994 manu,
768 934 980 995 quoscumque
995 921 1056 980 adit

79 1022 119 1066 ex
135 1003 274 1077 civitate,
300 1003 340 1062 ed
361 1019 449 1063 suam
465 1004 645 1064 sententiam
660 1004 816 1078 perducit;
845 1003 998 1078 hortatur,
1024 1013 1056 1065 ut

81 1088 252 1150 communis
267 1086 412 1148 libertatis
428 1104 523 1149 causa
538 1103 623 1147 arma
637 1089 773 1165 capiant,
787 1090 971 1165 magnisque
985 1105 1054 1151 coa-

82 1175 137 1235 ctis
160 1173 261 1247 copiis
283 1171 480 1233 adversarios
502 1189 593 1248 suos,
621 1188 639 1231 a
662 1173 772 1248 quibus
796 1176 889 1248 paulo
906 1181 976 1234 ante
991 1182 1055 1234 erat

82 1260 214 1332 eiectus,
241 1257 366 1330 expellit
391 1272 430 1316 cx
456 1257 585 1317 civitate.
626 1258 694 1318 Rex
719 1258 757 1317 ab
784 1261 848 1319 suis
875 1261 1055 1334 appellatur.

81 1342 207 1404 Dimittit
222 1342 657 1417 quoqueversuslegationes;
685 1342 862 1418 obtestatur,
888 1353 922 1404 ut
941 1345 972 1403 in
994 1344 1054 1404 lide

82 1432 234 1487 maneant.
264 1425 407 1486 Celeriter
421 1427 479 1487 sibi
495 1425 652 1502 SenoneS,
668 1426 817 1502 Parisios,
832 1427 984 1503 Pictones,
1001 1428 1052 1488 Ca·

82 1513 206 1585 durcos,
222 1512 371 1585 Turonos,
387 1513 549 1585 Aulercos
564 1512 759 1587 Lemovices,
782 1513 888 1573 Andes
904 1513 1052 1589 reliquos-

82 1612 142 1672 que
158 1611 286 1670 omnas,
316 1597 368 1670 qui
384 1594 538 1656 Oceanum
552 1597 725 1672 adtingunt,
742 1597 896 1672 adiungit:
922 1599 1053 1660 omnium

82 1696 241 1743 consensu
255 1680 294 1739 ad
316 1695 384 1740 eum
406 1681 540 1740 defertur
561 1681 729 1756 imperium.
760 1682 826 1755 Qua
847 1683 949 1743 oblata
969 1690 1053 1758 pote·

81 1772 159 1826 state
183 1765 323 1824 omnibus
343 1764 391 1824 his
421 1765 591 1825 civitatibus
614 1766 739 1826 obsides
765 1767 908 1842 imperat,
941 1776 1053 1828 certum

82 1865 243 1912 numerum
268 1849 393 1909 militum
416 1850 512 1909 adse
538 1851 675 1910 celeriter
702 1850 813 1910 adduci
833 1851 931 1927 iubet,
957 1868 1052 1912 armo-

80 1952 147 1996 rum
164 1941 311 2009 quantum
327 1949 467 2009 quaeque
482 1934 588 1994 civitas
612 1935 693 1996 domi
716 1936 862 2012 quodque
887 1945 956 1997 ante
982 1946 1052 1997 tem-

82 2036 141 2095 pus
156 2019 272 2078 eiiciat
287 2018 458 2087 eonstituit;
474 2019 611 2094 inprimis
624 2021 771 2096 equitatui
785 2021 896 2081 studet.
913 2020 1054 2082 Summae

80 2103 257 2178 diligentiae
278 2119 427 2162 summam
442 2103 560 2179 imperii
575 2105 767 2165 severitatem
784 2105 883 2176 addit;
908 2107 1054 2182 magnitu-

79 2189 153 2248 dine
178 2187 319 2262 supplicii
342 2188 514 2248 dubitantes
537 2189 626 2263 cogit.
655 2189 729 2249 Nam
753 2190 869 2251 maiore
891 2193 1055 2252 commisso

80 2273 194 2332 delicto
216 2271 278 2346 igni
298 2278 389 2347 atque
411 2274 551 2333 omnibus
572 2277 731 2335 tormentis
752 2281 856 2352 necat,
881 2277 996 2337 leviore
1017 2277 1055 2336 de

79 2373 179 2418 causa
192 2357 318 2416 auribus
333 2357 467 2417 desectis
483 2365 534 2418 aut
549 2358 676 2433 singulis
688 2360 813 2420 eliossis
824 2362 921 2422 oculis
933 2362 1055 2421 domum

79 2441 220 2514 remittit,
247 2448 280 2500 ut
300 2441 361 2502 sint
375 2442 501 2518 reliquis
518 2442 701 2504 documento
717 2451 747 2503 et
760 2445 968 2520 magnitudine
982 2461 1054 2522 poe·

79 2542 136 2587 nae
151 2532 343 2602 perterreant
357 2526 444 2586 alios.

153 2613 194 2671 V.
210 2611 266 2671 His
278 2611 438 2686 suppliciis
455 2611 594 2671 celeriter
609 2619 717 2674 coacto
733 2613 870 2675 exercitu
882 2614 1054 2676 Lucterium

80 2697 262 2769 Cadurcum,
279 2712 416 2755 summae
427 2695 581 2756 hominem
593 2698 750 2772 audaciae,
767 2715 836 2759 cum
850 2707 938 2774 parte
952 2700 1054 2776 copia·

79 2800 145 2843 rum
172 2781 203 2840 in
230 2781 367 2840 Rutenos
392 2780 495 2850 mittit;
525 2782 594 2856 ipse
615 2782 645 2841 in
666 2782 818 2858 Bituriges
841 2785 1054 2860 proficiscitur.

80 2867 152 2927 liius
162 2864 448 2939 adventuBituriges
465 2865 504 2924 ad
519 2865 674 2941 Haeduos,
692 2884 823 2942 quorum
840 2877 925 2931 erant
939 2869 970 2928 in
985 2870 1055 2947 fide,

80 2954 199 3026 legatos
216 2950 334 3009 mittunt
349 2949 520 3009 subsidium
534 2959 689 3025 rogatum,
707 2968 769 3026 quo
785 2953 906 3014 facilius
921 2954 1055 3015 hostium

79 3036 187 3112 copias
206 3034 358 3094 sustinere
373 3035 502 3110 possint.
532 3035 649 3094 Haedui
672 3035 711 3095 de
732 3037 860 3099 consilio
877 3039 1054 3113 legatorum,

80 3137 159 3197 quos
182 3120 297 3181 Caesar
318 3120 355 3179 ad
379 3120 544 3179 exercitum
567 3120 745 3195 reliquerat,
773 3122 879 3196 copias
903 3125 1055 3198 equitatus

80 3206 298 3282 peditatusque
319 3204 457 3265 subsidio
480 3203 664 3277 Biturigibus
685 3206 813 3265 mittunt.
852 3206 909 3281 Qui
930 3224 998 3268 cum
1016 3209 1055 3269 ad

81 3290 192 3351 flumen
219 3289 351 3363 Ligerim
376 3291 547 3361 venissent,
575 3289 658 3362 quod
682 3290 834 3365 Bituriges
860 3292 899 3352 ab
919 3292 1054 3355 Haeduis

79 3376 194 3446 dividit,
212 3390 330 3451 paucos
345 3374 411 3434 dies
427 3375 466 3434 ibi
484 3373 589 3433 morati
606 3390 706 3449 neque
721 3374 832 3435 llumen
849 3378 979 3437 transire
987 3378 1055 3439 ausi

79 3464 203 3521 domurn
224 3466 417 3519 revertuntur
441 3459 611 3535 legatisque
633 3458 746 3521 nostris
768 3461 942 3524 renuntiant
956 3480 991 3525 se
1004 3463 1053 3525 Bi·
