<?xml version="1.0" encoding="UTF-8"?>
<!DOCTYPE html PUBLIC "-//W3C//DTD XHTML 1.0 Transitional//EN"
    "http://www.w3.org/TR/xhtml1/DTD/xhtml1-transitional.dtd">
<html xmlns="http://www.w3.org/1999/xhtml" xml:lang="en" lang="en">
 <head>
  <title>
</title>
<meta http-equiv="Content-Type" content="text/html;charset=utf-8" />
  <meta name='ocr-system' content='tesseract 3.04.00' />
  <meta name='ocr-capabilities' content='ocr_page ocr_carea ocr_par ocr_line ocrx_word'/>
</head>
<body>
  <div class='ocr_page' id='page_1' title='image "./commentarii00caesgoog_0402.png"; bbox 0 0 2272 4176; ppageno 0'>
   <div class='ocr_carea' id='block_1_1' title="bbox 360 206 1020 275">
    <p class='ocr_par' dir='ltr' id='par_1_1' title="bbox 360 206 1020 275">
     <span class='ocr_line' id='line_1_1' title="bbox 360 206 1020 275; baseline -0.005 0"><span class='ocrx_word' id='word_1_1' title='bbox 360 210 516 275; x_wconf 82' lang='lat' dir='ltr'><strong>BELLUM</strong></span> <span class='ocrx_word' id='word_1_2' title='bbox 536 210 713 275; x_wconf 75' lang='lat' dir='ltr'>brittonio.</span> <span class='ocrx_word' id='word_1_3' title='bbox 954 206 1020 273; x_wconf 78' lang='lat'>389</span> 
     </span>
    </p>
   </div>
   <div class='ocr_carea' id='block_1_2' title="bbox 63 363 1024 3457">
    <p class='ocr_par' dir='ltr' id='par_1_2' title="bbox 63 363 1023 1026">
     <span class='ocr_line' id='line_1_2' title="bbox 64 363 1019 443; baseline -0.001 -17"><span class='ocrx_word' id='word_1_4' title='bbox 64 365 241 443; x_wconf 78' lang='lat' dir='ltr'>egioncrios</span> <span class='ocrx_word' id='word_1_5' title='bbox 266 364 462 425; x_wconf 75' lang='lat' dir='ltr'>coniciebant.</span> <span class='ocrx_word' id='word_1_6' title='bbox 501 365 546 425; x_wconf 92' lang='lat' dir='ltr'>lta</span> <span class='ocrx_word' id='word_1_7' title='bbox 570 364 683 426; x_wconf 83' lang='lat' dir='ltr'>Caesar</span> <span class='ocrx_word' id='word_1_8' title='bbox 707 363 799 425; x_wconf 93' lang='lat' dir='ltr'>modo</span> <span class='ocrx_word' id='word_1_9' title='bbox 823 364 1019 439; x_wconf 88' lang='lat' dir='ltr'>procedendo</span> 
     </span>
     <span class='ocr_line' id='line_1_3' title="bbox 64 447 1022 512; baseline -0.004 -1"><span class='ocrx_word' id='word_1_10' title='bbox 64 452 144 512; x_wconf 84' lang='lat' dir='ltr'>rodo</span> <span class='ocrx_word' id='word_1_11' title='bbox 170 449 345 512; x_wconf 85' lang='lat' dir='ltr'>resistendo</span> <span class='ocrx_word' id='word_1_12' title='bbox 370 450 485 509; x_wconf 84' lang='lat' dir='ltr'>tardius</span> <span class='ocrx_word' id='word_1_13' title='bbox 517 449 623 509; x_wconf 90' lang='lat' dir='ltr'>itinere</span> <span class='ocrx_word' id='word_1_14' title='bbox 652 450 791 509; x_wconf 86' lang='lat' dir='ltr'>conlecto</span> <span class='ocrx_word' id='word_1_15' title='bbox 820 448 918 507; x_wconf 92' lang='lat' dir='ltr'>noctis</span> <span class='ocrx_word' id='word_1_16' title='bbox 946 447 1022 509; x_wconf 92' lang='lat' dir='ltr'>bora</span> 
     </span>
     <span class='ocr_line' id='line_1_4' title="bbox 64 533 1022 596; baseline 0.005 -9"><span class='ocrx_word' id='word_1_17' title='bbox 64 537 150 596; x_wconf 71' lang='lat' dir='ltr'>»rinna</span> <span class='ocrx_word' id='word_1_18' title='bbox 171 549 280 595; x_wconf 89' lang='lat' dir='ltr'>omnes</span> <span class='ocrx_word' id='word_1_19' title='bbox 302 549 375 593; x_wconf 90' lang='lat' dir='ltr'>suos</span> <span class='ocrx_word' id='word_1_20' title='bbox 397 533 436 593; x_wconf 90' lang='lat' dir='ltr'>ad</span> <span class='ocrx_word' id='word_1_21' title='bbox 449 549 542 593; x_wconf 90' lang='lat' dir='ltr'>unum</span> <span class='ocrx_word' id='word_1_22' title='bbox 556 533 586 591; x_wconf 92' lang='lat' dir='ltr'>in</span> <span class='ocrx_word' id='word_1_23' title='bbox 602 539 702 592; x_wconf 86' lang='lat' dir='ltr'>eastra</span> <span class='ocrx_word' id='word_1_24' title='bbox 722 533 890 591; x_wconf 85' lang='lat' dir='ltr'><strong>incolumes</strong></span> <span class='ocrx_word' id='word_1_25' title='bbox 910 534 1022 593; x_wconf 83' lang='lat' dir='ltr'>sauciis</span> 
     </span>
     <span class='ocr_line' id='line_1_5' title="bbox 63 616 1022 691; baseline 0.001 -17"><span class='ocrx_word' id='word_1_26' title='bbox 63 617 162 677; x_wconf 83' lang='lat' dir='ltr'>lecern</span> <span class='ocrx_word' id='word_1_27' title='bbox 177 619 267 679; x_wconf 87' lang='lat' dir='ltr'>lactis</span> <span class='ocrx_word' id='word_1_28' title='bbox 282 617 409 677; x_wconf 89' lang='lat' dir='ltr'>reduxit.</span> <span class='ocrx_word' id='word_1_29' title='bbox 430 617 583 677; x_wconf 85' lang='lat' dir='ltr'>Labienus</span> <span class='ocrx_word' id='word_1_30' title='bbox 599 617 717 676; x_wconf 77' lang='lat' dir='ltr'>circiter</span> <span class='ocrx_word' id='word_1_31' title='bbox 732 616 876 676; x_wconf 82' lang='lat' dir='ltr'>trecentis</span> <span class='ocrx_word' id='word_1_32' title='bbox 890 616 1022 691; x_wconf 88' lang='lat' dir='ltr'>amissis,</span> 
     </span>
     <span class='ocr_line' id='line_1_6' title="bbox 64 698 1023 762; baseline 0.004 -6"><span class='ocrx_word' id='word_1_33' title='bbox 64 698 158 759; x_wconf 89' lang='lat' dir='ltr'>uultis</span> <span class='ocrx_word' id='word_1_34' title='bbox 178 702 343 762; x_wconf 89' lang='lat' dir='ltr'>vulneratis</span> <span class='ocrx_word' id='word_1_35' title='bbox 364 717 400 760; x_wconf 90' lang='lat' dir='ltr'>ae</span> <span class='ocrx_word' id='word_1_36' title='bbox 420 701 551 762; x_wconf 80' lang='lat' dir='ltr'>defessis</span> <span class='ocrx_word' id='word_1_37' title='bbox 572 701 714 760; x_wconf 91' lang='lat' dir='ltr'>instando</span> <span class='ocrx_word' id='word_1_38' title='bbox 738 699 878 759; x_wconf 71' lang='lat' dir='ltr'>omnibus</span> <span class='ocrx_word' id='word_1_39' title='bbox 893 700 933 759; x_wconf 89' lang='lat' dir='ltr'>ad</span> <span class='ocrx_word' id='word_1_40' title='bbox 948 715 1023 760; x_wconf 90' lang='lat' dir='ltr'>suos</span> 
     </span>
     <span class='ocr_line' id='line_1_7' title="bbox 64 784 1023 860; baseline 0.004 -21"><span class='ocrx_word' id='word_1_41' title='bbox 64 798 87 840; x_wconf 87' lang='lat' dir='ltr'>e</span> <span class='ocrx_word' id='word_1_42' title='bbox 109 787 238 855; x_wconf 85' lang='lat' dir='ltr'>recepit.</span> <span class='ocrx_word' id='word_1_43' title='bbox 268 784 370 860; x_wconf 85' lang='lat' dir='ltr'>Scipio</span> <span class='ocrx_word' id='word_1_44' title='bbox 390 784 508 844; x_wconf 90' lang='lat' dir='ltr'>interim</span> <span class='ocrx_word' id='word_1_45' title='bbox 530 785 665 859; x_wconf 81' lang='lat' dir='ltr'>legiones</span> <span class='ocrx_word' id='word_1_46' title='bbox 686 784 853 858; x_wconf 84' lang='lat' dir='ltr'>productas</span> <span class='ocrx_word' id='word_1_47' title='bbox 874 799 942 843; x_wconf 92' lang='lat' dir='ltr'>cum</span> <span class='ocrx_word' id='word_1_48' title='bbox 964 786 1023 843; x_wconf 86' lang='lat' dir='ltr'>ele-</span> 
     </span>
     <span class='ocr_line' id='line_1_8' title="bbox 64 865 1022 943; baseline 0.003 -20"><span class='ocrx_word' id='word_1_49' title='bbox 64 865 197 937; x_wconf 76' lang='lat' dir='ltr'>tlranti5‚</span> <span class='ocrx_word' id='word_1_50' title='bbox 221 885 299 943; x_wconf 80' lang='lat' dir='ltr'>quos</span> <span class='ocrx_word' id='word_1_51' title='bbox 322 876 392 928; x_wconf 91' lang='lat' dir='ltr'>ante</span> <span class='ocrx_word' id='word_1_52' title='bbox 414 876 515 928; x_wconf 83' lang='lat' dir='ltr'>cestra</span> <span class='ocrx_word' id='word_1_53' title='bbox 529 869 558 929; x_wconf 93' lang='lat' dir='ltr'>in</span> <span class='ocrx_word' id='word_1_54' title='bbox 574 869 638 927; x_wconf 91' lang='lat' dir='ltr'>acie</span> <span class='ocrx_word' id='word_1_55' title='bbox 653 867 778 927; x_wconf 87' lang='lat' dir='ltr'>terroris</span> <span class='ocrx_word' id='word_1_56' title='bbox 793 867 890 940; x_wconf 86' lang='lat' dir='ltr'>gratia</span> <span class='ocrx_word' id='word_1_57' title='bbox 904 868 935 926; x_wconf 93' lang='lat' dir='ltr'>in</span> <span class='ocrx_word' id='word_1_58' title='bbox 951 883 1022 928; x_wconf 91' lang='lat' dir='ltr'>con-</span> 
     </span>
     <span class='ocr_line' id='line_1_9' title="bbox 64 947 860 1026; baseline 0.005 -21"><span class='ocrx_word' id='word_1_59' title='bbox 64 957 170 1025; x_wconf 85' lang='lat' dir='ltr'>pectu</span> <span class='ocrx_word' id='word_1_60' title='bbox 186 947 322 1012; x_wconf 84' lang='lat' dir='ltr'>Caesaris</span> <span class='ocrx_word' id='word_1_61' title='bbox 338 954 558 1026; x_wconf 62' lang='lat' dir='ltr'>conlocaverat,</span> <span class='ocrx_word' id='word_1_62' title='bbox 573 951 691 1011; x_wconf 90' lang='lat' dir='ltr'>reducit</span> <span class='ocrx_word' id='word_1_63' title='bbox 704 952 734 1009; x_wconf 93' lang='lat' dir='ltr'>in</span> <span class='ocrx_word' id='word_1_64' title='bbox 751 958 860 1010; x_wconf 89' lang='lat' dir='ltr'>eastra.</span> 
     </span>
    </p>

    <p class='ocr_par' dir='ltr' id='par_1_3' title="bbox 64 1031 1024 2285">
     <span class='ocr_line' id='line_1_10' title="bbox 141 1031 1024 1107; baseline 0.005 -16"><span class='ocrx_word' id='word_1_65' title='bbox 141 1031 246 1091; x_wconf 88' lang='lat' dir='ltr'>LXXI.</span> <span class='ocrx_word' id='word_1_66' title='bbox 268 1035 378 1096; x_wconf 72' lang='lat' dir='ltr'>Caesar</span> <span class='ocrx_word' id='word_1_67' title='bbox 400 1043 504 1097; x_wconf 92' lang='lat' dir='ltr'>contra</span> <span class='ocrx_word' id='word_1_68' title='bbox 525 1036 674 1096; x_wconf 92' lang='lat' dir='ltr'>eiusmodi</span> <span class='ocrx_word' id='word_1_69' title='bbox 695 1032 825 1095; x_wconf 89' lang='lat' dir='ltr'>bostium</span> <span class='ocrx_word' id='word_1_70' title='bbox 845 1049 958 1107; x_wconf 87' lang='lat' dir='ltr'>genera</span> <span class='ocrx_word' id='word_1_71' title='bbox 973 1050 1024 1096; x_wconf 86' lang='lat' dir='ltr'>co·</span> 
     </span>
     <span class='ocr_line' id='line_1_11' title="bbox 64 1118 1022 1194; baseline 0.001 -16"><span class='ocrx_word' id='word_1_72' title='bbox 64 1120 125 1178; x_wconf 79' lang='lat' dir='ltr'>tias</span> <span class='ocrx_word' id='word_1_73' title='bbox 149 1132 225 1175; x_wconf 92' lang='lat' dir='ltr'>suas</span> <span class='ocrx_word' id='word_1_74' title='bbox 248 1131 305 1177; x_wconf 88' lang='lat' dir='ltr'>non</span> <span class='ocrx_word' id='word_1_75' title='bbox 326 1126 358 1179; x_wconf 95' lang='lat' dir='ltr'>ut</span> <span class='ocrx_word' id='word_1_76' title='bbox 377 1120 540 1194; x_wconf 90' lang='lat' dir='ltr'>imperator</span> <span class='ocrx_word' id='word_1_77' title='bbox 561 1119 725 1178; x_wconf 87' lang='lat' dir='ltr'>exercitum</span> <span class='ocrx_word' id='word_1_78' title='bbox 739 1124 913 1178; x_wconf 90' lang='lat' dir='ltr'>veteranum</span> <span class='ocrx_word' id='word_1_79' title='bbox 927 1118 1022 1180; x_wconf 91' lang='lat' dir='ltr'>vieto·</span> 
     </span>
     <span class='ocr_line' id='line_1_12' title="bbox 64 1199 1022 1277; baseline 0 -15"><span class='ocrx_word' id='word_1_80' title='bbox 64 1216 188 1275; x_wconf 65' lang='lat' dir='ltr'>’emque</span> <span class='ocrx_word' id='word_1_81' title='bbox 202 1199 339 1262; x_wconf 79' lang='lat' dir='ltr'>maximis</span> <span class='ocrx_word' id='word_1_82' title='bbox 353 1204 445 1263; x_wconf 91' lang='lat' dir='ltr'>rebus</span> <span class='ocrx_word' id='word_1_83' title='bbox 460 1205 569 1277; x_wconf 88' lang='lat' dir='ltr'>gestis,</span> <span class='ocrx_word' id='word_1_84' title='bbox 592 1203 648 1261; x_wconf 91' lang='lat' dir='ltr'>sed</span> <span class='ocrx_word' id='word_1_85' title='bbox 663 1208 695 1261; x_wconf 91' lang='lat' dir='ltr'>ut</span> <span class='ocrx_word' id='word_1_86' title='bbox 708 1202 816 1261; x_wconf 89' lang='lat' dir='ltr'>lanista</span> <span class='ocrx_word' id='word_1_87' title='bbox 830 1202 944 1262; x_wconf 87' lang='lat' dir='ltr'>tirones</span> <span class='ocrx_word' id='word_1_88' title='bbox 959 1204 1022 1277; x_wconf 88' lang='lat' dir='ltr'>gla-</span> 
     </span>
     <span class='ocr_line' id='line_1_13' title="bbox 64 1283 1022 1362; baseline -0.006 -17"><span class='ocrx_word' id='word_1_89' title='bbox 64 1288 197 1345; x_wconf 83' lang='lat' dir='ltr'>lictores</span> <span class='ocrx_word' id='word_1_90' title='bbox 213 1283 465 1355; x_wconf 88' lang='lat' dir='ltr'>condocolacere;</span> <span class='ocrx_word' id='word_1_91' title='bbox 482 1303 542 1362; x_wconf 90' lang='lat' dir='ltr'>quo</span> <span class='ocrx_word' id='word_1_92' title='bbox 558 1285 637 1360; x_wconf 89' lang='lat' dir='ltr'>pede</span> <span class='ocrx_word' id='word_1_93' title='bbox 651 1300 685 1344; x_wconf 88' lang='lat' dir='ltr'>se</span> <span class='ocrx_word' id='word_1_94' title='bbox 698 1286 869 1360; x_wconf 88' lang='lat' dir='ltr'>reciperent</span> <span class='ocrx_word' id='word_1_95' title='bbox 884 1286 921 1345; x_wconf 90' lang='lat' dir='ltr'>ab</span> <span class='ocrx_word' id='word_1_96' title='bbox 933 1285 1022 1346; x_wconf 74' lang='lat' dir='ltr'>hose·</span> 
     </span>
     <span class='ocr_line' id='line_1_14' title="bbox 64 1368 1021 1445; baseline 0 -16"><span class='ocrx_word' id='word_1_97' title='bbox 64 1376 86 1429; x_wconf 79' lang='lat' dir='ltr'>tt</span> <span class='ocrx_word' id='word_1_98' title='bbox 102 1368 362 1444; x_wconf 82' lang='lat' dir='ltr'>quemadmodum</span> <span class='ocrx_word' id='word_1_99' title='bbox 372 1370 493 1430; x_wconf 90' lang='lat' dir='ltr'>obversi</span> <span class='ocrx_word' id='word_1_100' title='bbox 504 1369 688 1430; x_wconf 86' lang='lat' dir='ltr'>adversariis</span> <span class='ocrx_word' id='word_1_101' title='bbox 703 1376 733 1429; x_wconf 90' lang='lat' dir='ltr'>et</span> <span class='ocrx_word' id='word_1_102' title='bbox 746 1370 775 1428; x_wconf 93' lang='lat' dir='ltr'>in</span> <span class='ocrx_word' id='word_1_103' title='bbox 791 1371 935 1444; x_wconf 85' lang='lat' dir='ltr'>quantulo</span> <span class='ocrx_word' id='word_1_104' title='bbox 950 1387 1021 1445; x_wconf 92' lang='lat' dir='ltr'>spa-</span> 
     </span>
     <span class='ocr_line' id='line_1_15' title="bbox 64 1453 1021 1529; baseline 0.003 -18"><span class='ocrx_word' id='word_1_105' title='bbox 64 1455 98 1513; x_wconf 73' lang='lat' dir='ltr'>‚io</span> <span class='ocrx_word' id='word_1_106' title='bbox 115 1453 305 1523; x_wconf 87' lang='lat' dir='ltr'>resisterent,</span> <span class='ocrx_word' id='word_1_107' title='bbox 322 1455 410 1513; x_wconf 93' lang='lat' dir='ltr'>modo</span> <span class='ocrx_word' id='word_1_108' title='bbox 425 1458 639 1529; x_wconf 90' lang='lat' dir='ltr'>procurrerent</span> <span class='ocrx_word' id='word_1_109' title='bbox 649 1453 738 1512; x_wconf 93' lang='lat' dir='ltr'>modo</span> <span class='ocrx_word' id='word_1_110' title='bbox 750 1453 929 1513; x_wconf 87' lang='lat' dir='ltr'>recederent</span> <span class='ocrx_word' id='word_1_111' title='bbox 940 1469 1021 1514; x_wconf 85' lang='lat' dir='ltr'>com·</span> 
     </span>
     <span class='ocr_line' id='line_1_16' title="bbox 64 1534 1023 1613; baseline 0 -16"><span class='ocrx_word' id='word_1_112' title='bbox 64 1539 310 1609; x_wconf 82' lang='lat' dir='ltr'>minarenturque</span> <span class='ocrx_word' id='word_1_113' title='bbox 325 1534 480 1613; x_wconf 83' lang='lat' dir='ltr'>impetum,</span> <span class='ocrx_word' id='word_1_114' title='bbox 513 1553 548 1597; x_wconf 88' lang='lat' dir='ltr'>ae</span> <span class='ocrx_word' id='word_1_115' title='bbox 564 1552 659 1611; x_wconf 90' lang='lat' dir='ltr'>prope</span> <span class='ocrx_word' id='word_1_116' title='bbox 675 1553 734 1609; x_wconf 89' lang='lat' dir='ltr'>quo</span> <span class='ocrx_word' id='word_1_117' title='bbox 749 1538 817 1596; x_wconf 90' lang='lat' dir='ltr'>loeo</span> <span class='ocrx_word' id='word_1_118' title='bbox 834 1544 864 1595; x_wconf 88' lang='lat' dir='ltr'>et</span> <span class='ocrx_word' id='word_1_119' title='bbox 880 1537 1023 1612; x_wconf 88' lang='lat' dir='ltr'>quemad·</span> 
     </span>
     <span class='ocr_line' id='line_1_17' title="bbox 64 1619 1024 1697; baseline 0 -16"><span class='ocrx_word' id='word_1_120' title='bbox 64 1622 186 1681; x_wconf 90' lang='lat' dir='ltr'>nodum</span> <span class='ocrx_word' id='word_1_121' title='bbox 207 1622 267 1678; x_wconf 87' lang='lat' dir='ltr'>tela</span> <span class='ocrx_word' id='word_1_122' title='bbox 282 1619 428 1681; x_wconf 77' lang='lat' dir='ltr'>mitterent</span> <span class='ocrx_word' id='word_1_123' title='bbox 442 1622 628 1697; x_wconf 75' lang='lat' dir='ltr'>praecipere.</span> <span class='ocrx_word' id='word_1_124' title='bbox 658 1620 782 1681; x_wconf 89' lang='lat' dir='ltr'>Mirilice</span> <span class='ocrx_word' id='word_1_125' title='bbox 798 1621 877 1679; x_wconf 91' lang='lat' dir='ltr'>enim</span> <span class='ocrx_word' id='word_1_126' title='bbox 892 1621 1024 1681; x_wconf 91' lang='lat' dir='ltr'>bostium</span> 
     </span>
     <span class='ocr_line' id='line_1_18' title="bbox 64 1702 1023 1779; baseline 0 -15"><span class='ocrx_word' id='word_1_127' title='bbox 64 1706 143 1765; x_wconf 85' lang='lat' dir='ltr'>evis.</span> <span class='ocrx_word' id='word_1_128' title='bbox 161 1710 314 1763; x_wconf 87' lang='lat' dir='ltr'>armatura</span> <span class='ocrx_word' id='word_1_129' title='bbox 334 1702 452 1764; x_wconf 88' lang='lat' dir='ltr'>anxium</span> <span class='ocrx_word' id='word_1_130' title='bbox 474 1706 637 1765; x_wconf 86' lang='lat' dir='ltr'>exercitum</span> <span class='ocrx_word' id='word_1_131' title='bbox 658 1712 794 1764; x_wconf 90' lang='lat' dir='ltr'>nostrum</span> <span class='ocrx_word' id='word_1_132' title='bbox 808 1712 898 1779; x_wconf 88' lang='lat' dir='ltr'>atque</span> <span class='ocrx_word' id='word_1_133' title='bbox 913 1705 1023 1765; x_wconf 86' lang='lat' dir='ltr'>solliei-</span> 
     </span>
     <span class='ocr_line' id='line_1_19' title="bbox 64 1785 1024 1865; baseline -0.001 -16"><span class='ocrx_word' id='word_1_134' title='bbox 64 1805 123 1849; x_wconf 82' lang='lat' dir='ltr'>mm</span> <span class='ocrx_word' id='word_1_135' title='bbox 144 1787 294 1861; x_wconf 87' lang='lat' dir='ltr'>habebat,</span> <span class='ocrx_word' id='word_1_136' title='bbox 321 1787 392 1859; x_wconf 88' lang='lat' dir='ltr'>quia</span> <span class='ocrx_word' id='word_1_137' title='bbox 412 1794 441 1846; x_wconf 89' lang='lat' dir='ltr'>et</span> <span class='ocrx_word' id='word_1_138' title='bbox 459 1789 575 1865; x_wconf 84' lang='lat' dir='ltr'>equites</span> <span class='ocrx_word' id='word_1_139' title='bbox 598 1785 767 1849; x_wconf 87' lang='lat' dir='ltr'>deterrebat</span> <span class='ocrx_word' id='word_1_140' title='bbox 786 1788 934 1862; x_wconf 89' lang='lat' dir='ltr'>proelium</span> <span class='ocrx_word' id='word_1_141' title='bbox 950 1788 1024 1848; x_wconf 87' lang='lat' dir='ltr'>inire</span> 
     </span>
     <span class='ocr_line' id='line_1_20' title="bbox 64 1869 1023 1947; baseline 0 -16"><span class='ocrx_word' id='word_1_142' title='bbox 64 1879 191 1947; x_wconf 91' lang='lat' dir='ltr'>propter</span> <span class='ocrx_word' id='word_1_143' title='bbox 205 1887 353 1946; x_wconf 90' lang='lat' dir='ltr'>equorum</span> <span class='ocrx_word' id='word_1_144' title='bbox 368 1871 522 1941; x_wconf 88' lang='lat' dir='ltr'>interitum,</span> <span class='ocrx_word' id='word_1_145' title='bbox 538 1869 621 1941; x_wconf 92' lang='lat' dir='ltr'>quod</span> <span class='ocrx_word' id='word_1_146' title='bbox 632 1885 686 1929; x_wconf 91' lang='lat' dir='ltr'>eos</span> <span class='ocrx_word' id='word_1_147' title='bbox 698 1870 804 1931; x_wconf 87' lang='lat' dir='ltr'>iaculis</span> <span class='ocrx_word' id='word_1_148' title='bbox 815 1871 1023 1945; x_wconf 82' lang='lat' dir='ltr'>interficiebat,</span> 
     </span>
     <span class='ocr_line' id='line_1_21' title="bbox 64 1950 1022 2030; baseline -0.007 -13"><span class='ocrx_word' id='word_1_149' title='bbox 64 1964 90 2017; x_wconf 84' lang='lat' dir='ltr'>et</span> <span class='ocrx_word' id='word_1_150' title='bbox 112 1955 313 2030; x_wconf 87' lang='lat' dir='ltr'>legionarium</span> <span class='ocrx_word' id='word_1_151' title='bbox 332 1954 450 2013; x_wconf 90' lang='lat' dir='ltr'>militem</span> <span class='ocrx_word' id='word_1_152' title='bbox 470 1950 649 2023; x_wconf 81' lang='lat' dir='ltr'>defatigabat</span> <span class='ocrx_word' id='word_1_153' title='bbox 674 1963 798 2029; x_wconf 89' lang='lat' dir='ltr'>propter</span> <span class='ocrx_word' id='word_1_154' title='bbox 817 1957 1022 2017; x_wconf 85' lang='lat' dir='ltr'>velocitatem=</span> 
     </span>
     <span class='ocr_line' id='line_1_22' title="bbox 64 2032 1022 2116; baseline 0.001 -17"><span class='ocrx_word' id='word_1_155' title='bbox 64 2041 165 2116; x_wconf 86' lang='lat' dir='ltr'>gravis</span> <span class='ocrx_word' id='word_1_156' title='bbox 183 2040 262 2099; x_wconf 89' lang='lat' dir='ltr'>enim</span> <span class='ocrx_word' id='word_1_157' title='bbox 276 2046 444 2098; x_wconf 88' lang='lat' dir='ltr'>armaturae</span> <span class='ocrx_word' id='word_1_158' title='bbox 458 2034 538 2096; x_wconf 88' lang='lat' dir='ltr'>miles</span> <span class='ocrx_word' id='word_1_159' title='bbox 553 2032 735 2109; x_wconf 88' lang='lat' dir='ltr'>simulatque</span> <span class='ocrx_word' id='word_1_160' title='bbox 749 2040 787 2096; x_wconf 94' lang='lat' dir='ltr'>ab</span> <span class='ocrx_word' id='word_1_161' title='bbox 804 2039 841 2098; x_wconf 92' lang='lat' dir='ltr'>iis</span> <span class='ocrx_word' id='word_1_162' title='bbox 858 2040 1022 2100; x_wconf 88' lang='lat' dir='ltr'>insectatus</span> 
     </span>
     <span class='ocr_line' id='line_1_23' title="bbox 64 2119 1021 2197; baseline -0.002 -11"><span class='ocrx_word' id='word_1_163' title='bbox 64 2125 241 2186; x_wconf 87' lang='lat' dir='ltr'>constiterat</span> <span class='ocrx_word' id='word_1_164' title='bbox 261 2123 291 2182; x_wconf 92' lang='lat' dir='ltr'>in</span> <span class='ocrx_word' id='word_1_165' title='bbox 313 2137 429 2197; x_wconf 87' lang='lat' dir='ltr'>eosque</span> <span class='ocrx_word' id='word_1_166' title='bbox 450 2123 588 2193; x_wconf 87' lang='lat' dir='ltr'>mpetum</span> <span class='ocrx_word' id='word_1_167' title='bbox 603 2119 731 2193; x_wconf 86' lang='lat' dir='ltr'>lecerat,</span> <span class='ocrx_word' id='word_1_168' title='bbox 754 2121 794 2180; x_wconf 92' lang='lat' dir='ltr'>illi</span> <span class='ocrx_word' id='word_1_169' title='bbox 814 2125 911 2185; x_wconf 90' lang='lat' dir='ltr'>veloci</span> <span class='ocrx_word' id='word_1_170' title='bbox 932 2139 1021 2185; x_wconf 92' lang='lat' dir='ltr'>cursu</span> 
     </span>
     <span class='ocr_line' id='line_1_24' title="bbox 64 2206 486 2285; baseline -0.021 -16"><span class='ocrx_word' id='word_1_171' title='bbox 64 2210 234 2285; x_wconf 90' lang='lat' dir='ltr'>perieulum</span> <span class='ocrx_word' id='word_1_172' title='bbox 249 2208 337 2267; x_wconf 82' lang='lat' dir='ltr'>facile</span> <span class='ocrx_word' id='word_1_173' title='bbox 351 2206 486 2265; x_wconf 89' lang='lat' dir='ltr'>vitabant.</span> 
     </span>
    </p>

    <p class='ocr_par' dir='ltr' id='par_1_4' title="bbox 63 2284 1023 3457">
     <span class='ocr_line' id='line_1_25' title="bbox 146 2284 1021 2364; baseline 0.003 -14"><span class='ocrx_word' id='word_1_174' title='bbox 146 2291 262 2350; x_wconf 89' lang='lat' dir='ltr'>LXXII.</span> <span class='ocrx_word' id='word_1_175' title='bbox 297 2291 410 2364; x_wconf 84' lang='lat' dir='ltr'>Quibus</span> <span class='ocrx_word' id='word_1_176' title='bbox 431 2304 468 2347; x_wconf 83' lang='lat' dir='ltr'>ex</span> <span class='ocrx_word' id='word_1_177' title='bbox 481 2284 572 2344; x_wconf 84' lang='lat' dir='ltr'>rebus</span> <span class='ocrx_word' id='word_1_178' title='bbox 594 2285 707 2347; x_wconf 83' lang='lat' dir='ltr'>Caesar</span> <span class='ocrx_word' id='word_1_179' title='bbox 728 2288 920 2352; x_wconf 81' lang='lat' dir='ltr'>vehementer</span> <span class='ocrx_word' id='word_1_180' title='bbox 941 2309 1021 2353; x_wconf 92' lang='lat' dir='ltr'>eom-</span> 
     </span>
     <span class='ocr_line' id='line_1_26' title="bbox 63 2367 1023 2450; baseline 0.002 -14"><span class='ocrx_word' id='word_1_181' title='bbox 63 2377 260 2450; x_wconf 86' lang='lat' dir='ltr'>movebatur,</span> <span class='ocrx_word' id='word_1_182' title='bbox 286 2375 370 2450; x_wconf 90' lang='lat' dir='ltr'>quia‚</span> <span class='ocrx_word' id='word_1_183' title='bbox 398 2367 602 2447; x_wconf 73' lang='lat' dir='ltr'>quodcumque</span> <span class='ocrx_word' id='word_1_184' title='bbox 628 2372 775 2445; x_wconf 92' lang='lat' dir='ltr'>proelium</span> <span class='ocrx_word' id='word_1_185' title='bbox 797 2377 937 2448; x_wconf 87' lang='lat' dir='ltr'>quotiens</span> <span class='ocrx_word' id='word_1_186' title='bbox 959 2385 1023 2438; x_wconf 85' lang='lat' dir='ltr'>crat</span> 
     </span>
     <span class='ocr_line' id='line_1_27' title="bbox 64 2453 1021 2534; baseline -0.001 -12"><span class='ocrx_word' id='word_1_187' title='bbox 64 2460 277 2534; x_wconf 90' lang='lat' dir='ltr'>commissum,</span> <span class='ocrx_word' id='word_1_188' title='bbox 299 2459 499 2534; x_wconf 88' lang='lat' dir='ltr'>equitatusuo</span> <span class='ocrx_word' id='word_1_189' title='bbox 521 2453 588 2513; x_wconf 91' lang='lat' dir='ltr'>sine</span> <span class='ocrx_word' id='word_1_190' title='bbox 603 2456 769 2529; x_wconf 84' lang='lat' dir='ltr'>legionario</span> <span class='ocrx_word' id='word_1_191' title='bbox 783 2458 876 2519; x_wconf 86' lang='lat' dir='ltr'>milite</span> <span class='ocrx_word' id='word_1_192' title='bbox 889 2459 1021 2521; x_wconf 89' lang='lat' dir='ltr'>bostium</span> 
     </span>
     <span class='ocr_line' id='line_1_28' title="bbox 64 2542 1022 2623; baseline -0.002 -16"><span class='ocrx_word' id='word_1_193' title='bbox 64 2545 211 2623; x_wconf 84' lang='lat' dir='ltr'>equitatui</span> <span class='ocrx_word' id='word_1_194' title='bbox 233 2544 351 2619; x_wconf 89' lang='lat' dir='ltr'>levique</span> <span class='ocrx_word' id='word_1_195' title='bbox 372 2542 530 2602; x_wconf 67' lang='lat' dir='ltr'>uncturae</span> <span class='ocrx_word' id='word_1_196' title='bbox 550 2553 656 2598; x_wconf 89' lang='lat' dir='ltr'>eorum</span> <span class='ocrx_word' id='word_1_197' title='bbox 678 2542 865 2603; x_wconf 90' lang='lat' dir='ltr'>nullomodo</span> <span class='ocrx_word' id='word_1_198' title='bbox 881 2560 1022 2618; x_wconf 87' lang='lat' dir='ltr'>paresse</span> 
     </span>
     <span class='ocr_line' id='line_1_29' title="bbox 64 2623 1022 2707; baseline 0.013 -30"><span class='ocrx_word' id='word_1_199' title='bbox 64 2638 195 2707; x_wconf 57' lang='lat' dir='ltr'>Imperat,</span> <span class='ocrx_word' id='word_1_200' title='bbox 226 2627 435 2690; x_wconf 68' lang='lat' dir='ltr'>sollicitabatur</span> <span class='ocrx_word' id='word_1_201' title='bbox 455 2626 555 2681; x_wconf 89' lang='lat' dir='ltr'>autem</span> <span class='ocrx_word' id='word_1_202' title='bbox 576 2623 623 2683; x_wconf 88' lang='lat' dir='ltr'>bis</span> <span class='ocrx_word' id='word_1_203' title='bbox 644 2626 752 2698; x_wconf 89' lang='lat' dir='ltr'>rebus,</span> <span class='ocrx_word' id='word_1_204' title='bbox 784 2627 866 2700; x_wconf 92' lang='lat' dir='ltr'>quod</span> <span class='ocrx_word' id='word_1_205' title='bbox 888 2630 1022 2689; x_wconf 92' lang='lat' dir='ltr'>nondum</span> 
     </span>
     <span class='ocr_line' id='line_1_30' title="bbox 65 2711 1022 2791; baseline 0.009 -28"><span class='ocrx_word' id='word_1_206' title='bbox 65 2716 204 2791; x_wconf 68' lang='lat' dir='ltr'>legiones</span> <span class='ocrx_word' id='word_1_207' title='bbox 228 2713 359 2773; x_wconf 73' lang='lat' dir='ltr'>hostium</span> <span class='ocrx_word' id='word_1_208' title='bbox 379 2713 552 2777; x_wconf 78' lang='lat' dir='ltr'>cognoverat</span> <span class='ocrx_word' id='word_1_209' title='bbox 573 2714 750 2781; x_wconf 89' lang='lat' dir='ltr'>etquenam</span> <span class='ocrx_word' id='word_1_210' title='bbox 764 2711 855 2771; x_wconf 91' lang='lat' dir='ltr'>modo</span> <span class='ocrx_word' id='word_1_211' title='bbox 870 2713 1022 2772; x_wconf 83' lang='lat' dir='ltr'>sustinere</span> 
     </span>
     <span class='ocr_line' id='line_1_31' title="bbox 67 2790 1023 2874; baseline 0.009 -27"><span class='ocrx_word' id='word_1_212' title='bbox 67 2816 101 2861; x_wconf 70' lang='lat' dir='ltr'>se</span> <span class='ocrx_word' id='word_1_213' title='bbox 117 2805 229 2874; x_wconf 70' lang='lat' dir='ltr'>posset</span> <span class='ocrx_word' id='word_1_214' title='bbox 242 2798 280 2857; x_wconf 77' lang='lat' dir='ltr'>ab</span> <span class='ocrx_word' id='word_1_215' title='bbox 296 2812 391 2856; x_wconf 63' lang='lat' dir='ltr'>eorus</span> <span class='ocrx_word' id='word_1_216' title='bbox 403 2790 536 2863; x_wconf 86' lang='lat' dir='ltr'>equitatu</span> <span class='ocrx_word' id='word_1_217' title='bbox 552 2791 673 2865; x_wconf 88' lang='lat' dir='ltr'>levique</span> <span class='ocrx_word' id='word_1_218' title='bbox 689 2800 847 2869; x_wconf 77' lang='lat' dir='ltr'>armatura</span> <span class='ocrx_word' id='word_1_219' title='bbox 864 2812 943 2870; x_wconf 89' lang='lat' dir='ltr'>quae</span> <span class='ocrx_word' id='word_1_220' title='bbox 958 2803 1023 2856; x_wconf 89' lang='lat' dir='ltr'>erat</span> 
     </span>
     <span class='ocr_line' id='line_1_32' title="bbox 66 2878 1023 2956; baseline -0.002 -14"><span class='ocrx_word' id='word_1_221' title='bbox 66 2884 210 2956; x_wconf 89' lang='lat' dir='ltr'>mirifica,</span> <span class='ocrx_word' id='word_1_222' title='bbox 239 2881 267 2942; x_wconf 91' lang='lat' dir='ltr'>si</span> <span class='ocrx_word' id='word_1_223' title='bbox 290 2881 413 2954; x_wconf 77' lang='lat' dir='ltr'>logio-es</span> <span class='ocrx_word' id='word_1_224' title='bbox 440 2890 565 2948; x_wconf 85' lang='lat' dir='ltr'>quoque</span> <span class='ocrx_word' id='word_1_225' title='bbox 590 2878 805 2937; x_wconf 89' lang='lat' dir='ltr'>accessissent.</span> <span class='ocrx_word' id='word_1_226' title='bbox 846 2880 1023 2940; x_wconf 83' lang='lat' dir='ltr'>Accedebat</span> 
     </span>
     <span class='ocr_line' id='line_1_33' title="bbox 65 2958 1022 3036; baseline 0.009 -20"><span class='ocrx_word' id='word_1_227' title='bbox 65 2968 155 3029; x_wconf 67' lang='lat' dir='ltr'>etjam</span> <span class='ocrx_word' id='word_1_228' title='bbox 171 2968 248 3028; x_wconf 68' lang='lat' dir='ltr'>haec</span> <span class='ocrx_word' id='word_1_229' title='bbox 264 2981 360 3025; x_wconf 72' lang='lat' dir='ltr'>causa</span> <span class='ocrx_word' id='word_1_230' title='bbox 367 2958 451 3030; x_wconf 89' lang='lat' dir='ltr'>quod</span> <span class='ocrx_word' id='word_1_231' title='bbox 466 2959 694 3032; x_wconf 89' lang='lat' dir='ltr'>elephantorum</span> <span class='ocrx_word' id='word_1_232' title='bbox 706 2962 883 3036; x_wconf 80' lang='lat' dir='ltr'>magnitudo</span> <span class='ocrx_word' id='word_1_233' title='bbox 893 2966 1022 3026; x_wconf 92' lang='lat' dir='ltr'>multitu-</span> 
     </span>
     <span class='ocr_line' id='line_1_34' title="bbox 66 3041 1021 3129; baseline 0.008 -29"><span class='ocrx_word' id='word_1_234' title='bbox 66 3054 171 3129; x_wconf 70' lang='lat' dir='ltr'>doque</span> <span class='ocrx_word' id='word_1_235' title='bbox 192 3053 313 3111; x_wconf 71' lang='lat' dir='ltr'>animos</span> <span class='ocrx_word' id='word_1_236' title='bbox 334 3041 442 3109; x_wconf 62' lang='lat' dir='ltr'>alitum</span> <span class='ocrx_word' id='word_1_237' title='bbox 464 3042 617 3102; x_wconf 87' lang='lat' dir='ltr'>detinebat</span> <span class='ocrx_word' id='word_1_238' title='bbox 636 3044 666 3102; x_wconf 93' lang='lat' dir='ltr'>in</span> <span class='ocrx_word' id='word_1_239' title='bbox 688 3052 814 3106; x_wconf 84' lang='lat' dir='ltr'>terrore.</span> <span class='ocrx_word' id='word_1_240' title='bbox 845 3046 898 3106; x_wconf 88' lang='lat' dir='ltr'>Cui</span> <span class='ocrx_word' id='word_1_241' title='bbox 913 3049 964 3107; x_wconf 91' lang='lat' dir='ltr'>uni</span> <span class='ocrx_word' id='word_1_242' title='bbox 977 3049 1021 3108; x_wconf 91' lang='lat' dir='ltr'>rei</span> 
     </span>
     <span class='ocr_line' id='line_1_35' title="bbox 64 3125 1022 3204; baseline 0.007 -18"><span class='ocrx_word' id='word_1_243' title='bbox 64 3146 165 3199; x_wconf 66' lang='lat' dir='ltr'>tamen</span> <span class='ocrx_word' id='word_1_244' title='bbox 181 3125 513 3196; x_wconf 66' lang='lat' dir='ltr'>inveneranemedium.</span> <span class='ocrx_word' id='word_1_245' title='bbox 539 3126 676 3203; x_wconf 90' lang='lat' dir='ltr'>Namque</span> <span class='ocrx_word' id='word_1_246' title='bbox 690 3129 869 3204; x_wconf 89' lang='lat' dir='ltr'>elephantos</span> <span class='ocrx_word' id='word_1_247' title='bbox 885 3146 924 3191; x_wconf 84' lang='lat' dir='ltr'>ex</span> <span class='ocrx_word' id='word_1_248' title='bbox 939 3132 1022 3193; x_wconf 85' lang='lat' dir='ltr'>ltalia</span> 
     </span>
     <span class='ocr_line' id='line_1_36' title="bbox 65 3212 1021 3297; baseline 0.01 -28"><span class='ocrx_word' id='word_1_249' title='bbox 65 3219 270 3297; x_wconf 67' lang='lat' dir='ltr'>[mnsportari</span> <span class='ocrx_word' id='word_1_250' title='bbox 285 3215 413 3282; x_wconf 73' lang='lat' dir='ltr'>inserat,</span> <span class='ocrx_word' id='word_1_251' title='bbox 440 3227 501 3284; x_wconf 89' lang='lat' dir='ltr'>quo</span> <span class='ocrx_word' id='word_1_252' title='bbox 517 3216 548 3270; x_wconf 91' lang='lat' dir='ltr'>et</span> <span class='ocrx_word' id='word_1_253' title='bbox 561 3212 647 3272; x_wconf 90' lang='lat' dir='ltr'>miles</span> <span class='ocrx_word' id='word_1_254' title='bbox 662 3220 767 3273; x_wconf 93' lang='lat' dir='ltr'>noster</span> <span class='ocrx_word' id='word_1_255' title='bbox 781 3214 976 3291; x_wconf 88' lang='lat' dir='ltr'>speciemque</span> <span class='ocrx_word' id='word_1_256' title='bbox 991 3224 1021 3279; x_wconf 88' lang='lat' dir='ltr'>et</span> 
     </span>
     <span class='ocr_line' id='line_1_37' title="bbox 64 3295 1018 3374; baseline 0.009 -21"><span class='ocrx_word' id='word_1_257' title='bbox 64 3314 208 3369; x_wconf 66' lang='lat' dir='ltr'>vmuoem</span> <span class='ocrx_word' id='word_1_258' title='bbox 224 3304 321 3365; x_wconf 73' lang='lat' dir='ltr'>bestie</span> <span class='ocrx_word' id='word_1_259' title='bbox 337 3302 553 3369; x_wconf 87' lang='lat' dir='ltr'>cognosceret,</span> <span class='ocrx_word' id='word_1_260' title='bbox 580 3301 611 3354; x_wconf 84' lang='lat' dir='ltr'>et</span> <span class='ocrx_word' id='word_1_261' title='bbox 631 3295 679 3356; x_wconf 90' lang='lat' dir='ltr'>cui</span> <span class='ocrx_word' id='word_1_262' title='bbox 702 3297 779 3371; x_wconf 86' lang='lat' dir='ltr'>parti</span> <span class='ocrx_word' id='word_1_263' title='bbox 800 3300 939 3374; x_wconf 92' lang='lat' dir='ltr'>corporis</span> <span class='ocrx_word' id='word_1_264' title='bbox 954 3302 1018 3362; x_wconf 88' lang='lat' dir='ltr'>eius</span> 
     </span>
     <span class='ocr_line' id='line_1_38' title="bbox 64 3376 1017 3457; baseline 0.012 -21"><span class='ocrx_word' id='word_1_265' title='bbox 64 3394 157 3455; x_wconf 60' lang='lat' dir='ltr'>[glum</span> <span class='ocrx_word' id='word_1_266' title='bbox 179 3388 273 3453; x_wconf 66' lang='lat' dir='ltr'>facile</span> <span class='ocrx_word' id='word_1_267' title='bbox 293 3376 354 3454; x_wconf 72' lang='lat' dir='ltr'>ligi</span> <span class='ocrx_word' id='word_1_268' title='bbox 374 3386 497 3454; x_wconf 86' lang='lat' dir='ltr'>posset,</span> <span class='ocrx_word' id='word_1_269' title='bbox 522 3387 711 3457; x_wconf 88' lang='lat' dir='ltr'>ornatusque</span> <span class='ocrx_word' id='word_1_270' title='bbox 731 3397 767 3443; x_wconf 91' lang='lat' dir='ltr'>ac</span> <span class='ocrx_word' id='word_1_271' title='bbox 786 3383 930 3446; x_wconf 86' lang='lat' dir='ltr'>loricatus</span> <span class='ocrx_word' id='word_1_272' title='bbox 951 3402 1017 3447; x_wconf 91' lang='lat' dir='ltr'>cum</span> 
     </span>
    </p>
   </div>
   <div class='ocr_carea' id='block_1_3' title="bbox 64 3466 1035 3553">
    <p class='ocr_par' dir='ltr' id='par_1_5' title="bbox 64 3466 1035 3553">
     <span class='ocr_line' id='line_1_39' title="bbox 64 3466 1035 3553; baseline 0.003 -27"><span class='ocrx_word' id='word_1_273' title='bbox 64 3484 149 3543; x_wconf 62' lang='lat' dir='ltr'>met</span> <span class='ocrx_word' id='word_1_274' title='bbox 162 3472 347 3553; x_wconf 55' lang='lat' dir='ltr'>elephans,</span> <span class='ocrx_word' id='word_1_275' title='bbox 371 3479 450 3541; x_wconf 89' lang='lat' dir='ltr'>quae</span> <span class='ocrx_word' id='word_1_276' title='bbox 470 3479 544 3543; x_wconf 82' lang='lat' dir='ltr'>pers</span> <span class='ocrx_word' id='word_1_277' title='bbox 566 3466 632 3529; x_wconf 89' lang='lat' dir='ltr'>eius</span> <span class='ocrx_word' id='word_1_278' title='bbox 653 3466 795 3547; x_wconf 85' lang='lat' dir='ltr'>corporis</span> <span class='ocrx_word' id='word_1_279' title='bbox 809 3467 1035 3550; x_wconf 71' lang='lat' dir='ltr'>sinetegnbne</span> 
     </span>
    </p>
   </div>
   <div class='ocr_carea' id='block_1_4' title="bbox 0 0 1140 4176">
    <p class='ocr_par' dir='ltr' id='par_1_6' title="bbox 0 0 1140 4176">
     <span class='ocr_line' id='line_1_40' title="bbox 0 0 1140 4176; baseline 0 0"><span class='ocrx_word' id='word_1_280' title='bbox 0 0 1140 4176; x_wconf 95' lang='lat' dir='ltr'> </span> 
     </span>
    </p>
   </div>
  </div>
 </body>
</html>
