2272 4176
227 200 272 244 uu
294 200 466 247 cursurum
490 204 730 251 courvssrrouu
753 210 780 252 c.
802 203 846 257 58.
869 200 913 256 59.
1016 169 1058 260 'ss

71 348 171 411 Licuit
185 346 269 410 robis
280 368 349 411 cum
360 368 473 411 summa
484 355 662 430 turpitudine
674 359 704 417 in
721 357 806 418 exilio
820 367 944 422 aetatem
960 379 1057 440 agere,
1070 377 1101 428 13

71 432 210 511 potuistis
223 433 357 495 nonnulli
377 433 488 497 Rornae
503 439 615 498 amissis
635 439 721 501 bonis
736 441 844 502 alienas
859 462 931 522 opes
953 464 1057 525 expec-

71 524 152 578 tare:
168 516 239 595 quia
249 515 297 578 illa
308 517 393 579 ioeda
404 525 491 597 atquc
505 521 686 585 intoleranda
701 526 768 587 viris
782 526 964 598 videbantur,
982 530 1055 591 haec
1069 548 1100 596 ra

73 601 159 681 sequi
182 601 360 663 decrevistis,
392 601 423 662 Si
443 602 518 665 baec
535 605 703 685 relinquere
724 609 816 679 voltis,
840 612 961 672 audacia
982 630 1098 691 opus15

51 690 133 744 sesti
156 702 247 747 nemo
266 686 322 746 nisi
337 686 430 746 victor
445 704 518 765 pace
536 687 645 750 bellurn
665 695 795 753 mutavit.
841 694 914 754 Nam
934 699 964 755 in
986 696 1055 773 iuga
1067 710 1099 761 lo

69 764 197 831 salutem
212 785 341 847 sperare,
360 787 427 831 curu
439 788 529 841 arma,
545 772 650 851 quibus
663 793 771 853 corpus
784 779 901 854 tegitur,
919 779 955 839 ab
966 780 1055 840 hosti-

28 850 35 859 '
69 848 127 911 bns
142 854 294 943 avortqris,
317 871 351 914 ea
371 871 442 916 vero
457 854 602 917 dementia
618 864 670 918 est.
701 859 823 938 Semper
840 863 868 920 in
884 863 997 940 proelio
1015 865 1097 924 eislr

68 951 244 999 maxumum
260 942 305 997 est
319 937 485 1015 periculum
507 941 557 1018 qui
577 959 713 1003 maxume
730 945 840 1014 timent,
857 947 977 1007 audacia
999 965 1054 1026 pro

68 1036 159 1083 muro
171 1018 308 1083 habetur.
646 1058 650 1066 -

24 1096 61 1165 ud
156 1103 230 1165 Cum
260 1121 313 1166 vos
340 1106 510 1176 considero,
543 1108 662 1177 milites,
697 1117 725 1170 et
755 1130 822 1171 cum
849 1111 924 1173 iacta
956 1120 1052 1174 vostra
1064 1123 1097 1176 18

67 1194 212 1259 aestumo,
231 1204 338 1265 magua
352 1208 400 1251 me
416 1208 483 1269 spes
497 1192 634 1252 victoriae
648 1199 736 1254 tenet.
765 1196 887 1256 Animus
902 1203 981 1257 aetas
996 1199 1052 1258 vir·
1065 1204 1097 1257 19

67 1280 117 1334 tus
131 1278 230 1333 rosus
244 1289 293 1334 me
308 1273 475 1344 hortantur,
491 1281 644 1352 practerea
659 1280 855 1351 necessitudo,
874 1298 949 1360 quae
966 1284 1053 1343 etiam

35 1356 45 1367 ''
67 1356 186 1419 umidos
200 1354 285 1417 fortis
298 1356 377 1418 iacit.
395 1356 470 1419 Nam
481 1358 635 1420 multitudo
649 1359 777 1422 hostium
790 1380 828 1423 ne
841 1365 1052 1426 circumvenire
1062 1374 1096 1425 20

68 1446 165 1519 queat,
181 1438 341 1518 prohibent
357 1444 506 1519 angustiae
521 1441 588 1503 loci.
617 1442 740 1512 Quodsi
755 1447 852 1506 virtuti
867 1454 981 1508 vostrae
992 1448 1052 1509 lor·
1062 1462 1095 1512 21

23 1532 139 1591 astuna
159 1522 311 1595 insiderit,
332 1531 446 1594 cavete,
468 1524 554 1587 inulti
572 1527 698 1587 animam
721 1530 871 1598 amittatis,
895 1549 951 1591 neu
977 1535 1052 1610 capti

67 1609 166 1686 potius
180 1608 265 1669 sicuti
278 1626 388 1686 peoora
400 1610 599 1680 trucidemini,
623 1628 711 1689 quam
732 1613 862 1672 virorum
876 1631 959 1673 more
977 1631 1052 1691 pug-

68 1699 172 1753 nantes
193 1700 345 1754 crueutam
360 1698 447 1771 atque
465 1692 630 1754 luctuosam
648 1696 796 1755 victoriam
813 1695 946 1757 hostibus
962 1698 1051 1758 relin-

68 1772 180 1855 qualis?

89 1864 94 1873 ’
148 1858 231 1921 llaec
250 1858 302 1920 ubi
319 1859 398 1930 dixit,
414 1860 566 1939 paululum
582 1869 771 1924 conmoratus
790 1864 871 1940 signa
886 1881 993 1924 canere
1006 1866 1051 1924 iu·
1061 1868 1102 1929 59

27 1940 116 2005 :rabel
130 1950 221 2023 atque
234 1944 393 2004 instructos
409 1946 527 2005 ordines
544 1946 574 2004 in
590 1944 688 2006 locum
705 1964 809 2008 aecum
824 1947 949 2008 deducit.
977 1947 1050 2007 liein

66 2029 189 2089 remotis
211 2028 342 2089 omnium
365 2029 461 2106 equis,
492 2047 550 2107 quo
572 2028 712 2091 militibus
736 2037 897 2109 exaequato
918 2031 1051 2108 periculo

67 2114 183 2173 animus
204 2110 328 2190 amplior
343 2118 427 2181 esset,
449 2114 511 2190 ipse
528 2113 619 2190 pedes
638 2115 799 2174 exercitum
812 2133 868 2195 pro
881 2114 947 2175 loco
964 2121 1051 2194 atque

67 2198 157 2276 copiis
171 2195 297 2255 instruit.
325 2194 409 2265 Nam,
426 2198 470 2256 uti
482 2196 616 2274 planities
631 2205 694 2258 erat
707 2199 784 2259 inter
796 2200 929 2258 sinistros
943 2200 1076 2262 montiss

64 2286 91 2340 st
107 2279 146 2341 ab
164 2279 267 2341 dextra
281 2295 356 2356 rupe
372 2297 485 2359 aspera,
505 2286 571 2346 octo
589 2281 718 2341 cohortis
733 2283 763 2341 iu
778 2282 875 2344 sronte
891 2284 1047 2351 constitnit,

10 2364 243 2426 ·=srelicuarum
258 2365 340 2439 signa
355 2364 385 2423 in
401 2363 530 2424 subsidio
548 2366 639 2426 artius
657 2363 804 2426 conlocat:
829 2366 865 2426 ab
884 2368 925 2426 eis
948 2372 1074 2433 centu-3

58 2451 162 2510 moues
179 2446 273 2507 omnis
286 2446 379 2507 lectos
393 2453 422 2509 et
440 2453 584 2518 evocatos,
601 2454 756 2526 praeterea
767 2467 803 2510 ex
818 2451 960 2525 gregariis
974 2447 1048 2509 mili·

56 2524 140 2595 tibus
155 2537 309 2608 optumum
325 2550 470 2611 quemque
486 2538 629 2592 armatum
645 2533 675 2592 in
689 2533 815 2610 primam
829 2536 921 2593 aciem
938 2532 1049 2592 subdu·

56 2620 106 2679 cit.
138 2617 176 2679 G.
188 2613 328 2686 Manlium
342 2616 372 2675 in
388 2615 499 2686 dextra,
515 2615 711 2677 Faesulanum
726 2618 873 2695 quendam
886 2617 916 2674 in
932 2618 1049 2677 sinistra

52 2708 146 2781 parte
171 2715 278 2759 curare
295 2698 392 2760 iubet:
410 2701 472 2779 ipse
492 2718 558 2761 cum
578 2699 691 2760 libertis
708 2706 737 2760 et
759 2699 910 2761 calonibus
926 2707 1048 2778 propter

10 2782 40 2835 ⁵⁰
52 2783 191 2865 aquilam
208 2782 327 2853 adsistit,
345 2800 432 2862 quam
449 2782 527 2844 bello
544 2782 689 2844 Cimbrico
702 2784 736 2847 G.
749 2784 858 2845 Marius
872 2785 902 2843 in
919 2784 1048 2844 exercitu

49 2867 200 2931 habuisse
217 2864 377 2928 dicebatur.

145 2951 185 3013 At
207 2969 243 3012 ex
264 2949 356 3011 altera
373 2957 457 3029 parte
472 2952 506 3015 G.
523 2950 679 3020 Antonius,
701 2951 826 3030 pedibus
849 2967 946 3027 aeger,
970 2950 1076 3029 quoda

49 3034 175 3118 proelio
192 3035 295 3096 adesse
316 3035 470 3114 nequibat,
493 3034 532 3095 M.
552 3035 667 3095 Petreio
689 3034 786 3112 legato
804 3037 965 3095 exercitum
980 3052 1048 3112 per·

48 3123 156 3185 mittit.
179 3118 232 3181 llle
246 3119 374 3181 cohortis
388 3124 549 3189 veteranas,
566 3136 639 3197 quas
650 3119 766 3179 tumulti
780 3136 881 3179 caussa
899 3119 1074 3196 conscrips

10 3210 31 3254 ⁵
51 3212 150 3275 serat,
162 3204 193 3264 in
204 3202 310 3274 fronte,
322 3209 389 3281 post
395 3221 443 3264 eas
456 3210 587 3264 ceterum
597 3203 757 3264 exercitum
767 3203 797 3262 in
809 3201 944 3262 subsidiis
955 3200 1047 3262 locat:

52 3295 122 3371 ipse
135 3305 213 3368 equo
229 3288 405 3348 circumiens
414 3305 654 3366 unumquemque
670 3287 823 3346 nominans
839 3285 963 3365 adpellat
977 3286 1047 3346 hor-

53 3382 140 3436 tatur
157 3377 257 3449 rogat,
276 3378 310 3433 ut
324 3373 512 3434 meminerint
527 3389 559 3433 se
574 3377 676 3431 contra
692 3370 821 3430 latrones
835 3371 970 3440 inermis,
991 3388 1047 3450 pro

56 3459 158 3541 putria
172 3473 227 3535 pro
248 3454 365 3527 liberis,
387 3474 442 3534 pro
458 3458 516 3518 aris
531 3462 618 3535 atque
633 3454 707 3516 focis
722 3455 782 3515 suis
798 3461 921 3517 certare.
951 3455 1072 3521 Homos

852 3555 896 3590 Ἃ
