2272 4176
112 39 232 97 ,aare

10 39 138 229 Γ
465 164 580 224 clean
594 164 643 223 na.
906 148 909 154 ’
970 162 1032 230 297

10 336 19 365 τ
59 316 205 379 omnibus
227 316 326 392 copiis
343 315 474 375 amissis.
502 317 587 376 Haee
601 315 709 375 itinera
723 316 835 377 infesta
848 318 1032 394 reddiderat,

59 404 138 463 haee
153 402 294 463 civitates
309 401 472 462 nonnullas
489 401 528 467 ab
543 401 609 460 eius
626 399 755 458 amicitia
770 402 933 462 avertebat.
964 403 1031 476 Qui-

10 528 29 549 -,
61 490 118 547 bus
134 487 249 546 accidit
261 486 364 560 rebus,
379 494 412 544 ut
427 485 564 558 pluribus
581 483 697 545 dimissi
708 485 865 546 itineribus
878 486 1033 546 aCaesare

61 571 99 630 ad
120 571 287 630 Domitium
314 577 345 629 et
372 586 390 627 a
416 569 545 630 Domitio
568 570 606 628 ad
628 568 788 629 Caesarem
814 572 896 629 nulla
916 571 1032 630 ratione

60 655 117 714 iter
138 655 294 714 conficere
314 661 452 729 possent.
484 653 546 713 Sed
566 651 766 727 Allobroges,
792 655 920 714 Raucilli
942 663 1033 729 atque

10 776 12 781 -
60 739 115 812 Egi
132 738 308 811 familiares,
325 753 402 813 iquos
420 737 592 811 perfugisse
607 737 644 794 ad
653 734 829 811 Pompeium
845 739 1031 798 demonstra—

62 823 176 896 vimus,
206 822 374 896 conspicati
396 822 425 879 in
448 822 554 881 itinere
580 822 792 893 exploratores
817 823 952 896 Domitii,
978 840 1034 882 seu

63 907 193 968 pristina
207 923 266 965 sua
280 906 515 977 consuetudine,
542 905 624 979 quod
641 920 702 963 una
716 905 744 962 in
762 907 857 966 Gallia
871 907 951 965 bella
964 924 1032 982 ges-

63 998 183 1064 serant,
209 1006 266 1050 sen
281 991 378 1064 gloria
393 991 461 1048 elati
478 1001 602 1063 cuneta,
628 996 661 1048 ut
676 997 761 1049 erant
776 1000 858 1063 reeta,
880 1006 1030 1066 exposue-

62 1082 132 1135 runt
152 1082 183 1135 et
198 1074 339 1134 Caesaris
361 1074 582 1148 profectionem
604 1079 634 1131 el
653 1073 817 1133 adventum
838 1075 963 1149 Pompei
979 1077 1031 1135 do-

64 1166 201 1218 cuerunt.
230 1161 258 1217 A
274 1159 385 1233 quibus
400 1157 548 1217 Domitius
571 1157 682 1216 certior
704 1159 801 1217 laetus
823 1159 875 1218 vix
892 1167 1033 1234 quattuor

63 1243 207 1304 horarum
228 1243 328 1317 spatio
343 1242 528 1300 antecedens
543 1241 675 1301 hostium
696 1242 845 1302 beneficio
868 1245 1032 1318 periculum

63 1326 167 1387 vitavit
182 1334 212 1386 et
227 1327 266 1386 ad
281 1327 457 1399 Aeginium,
474 1326 557 1400 quod
573 1331 619 1384 est
634 1326 781 1400 oppidum
797 1329 1033 1403 oppositumque

10 1410 15 1423 '
62 1411 250 1484 Thessaliae,
267 1410 388 1470 Caesari
403 1410 535 1469 venienti
551 1411 690 1469 occurrit.

10 1550 21 1565 ,
145 1495 263 1555 LXXX.
286 1495 453 1554 Coniuncto
476 1495 610 1553 exercitu
626 1493 738 1553 Caesar
753 1495 910 1570 Gomphos
926 1512 1031 1572 perve-

10 1600 15 1609 ·
61 1579 112 1653 nil,
130 1581 215 1654 quod
231 1586 279 1638 est
293 1579 440 1653 oppidum
456 1579 584 1652 primurn
599 1579 775 1637 Thessaliae
789 1581 979 1641 venientibus
995 1582 1032 1640 ab

61 1663 174 1738 Epir03
200 1679 280 1738 quae
301 1679 377 1737 gens
398 1663 506 1738 paucis
522 1670 591 1721 ante
606 1663 762 1721 mensibus
779 1666 856 1723 ultro
869 1667 908 1724 ad
924 1666 1032 1724 Caesa-

62 1762 126 1807 rem
139 1749 260 1822 legatos
276 1747 415 1820 miserat,
441 1755 473 1806 ut
487 1747 552 1806 suis
568 1747 709 1806 omnibus
725 1748 917 1808 facultatibus
933 1756 1031 1808 utere-

61 1840 124 1905 tur,
147 1832 400 1907 praesidiumque
415 1831 453 1890 ab
468 1846 505 1890 co
521 1831 644 1890 militum
659 1831 794 1905 petierat.
826 1832 888 1891 Sed
902 1849 938 1892 eo
955 1835 1033 1893 lama

62 1917 121 1975 iam
138 1924 359 1990 praecurrerat,
376 1931 468 1990 quam
483 1912 576 1990 supra
593 1916 761 1987 docuimus
777 1916 815 1974 de
830 1918 1030 1995 proelioDyr·

61 1999 227 2073 rhaehino,
258 2001 342 2073 quod
357 2000 457 2059 multis
474 2005 600 2058 auxerat
616 2000 764 2073 partibus.
793 2000 898 2074 ltaque
913 2003 1032 2062 Andro·

65 2084 203 2157 sthenes,
219 2091 344 2159 praetor
357 2084 540 2157 Thessaliae,
557 2099 623 2142 cum
640 2096 675 2142 se
689 2084 966 2161 victoriaePompei
982 2101 1031 2147 co·

62 2168 165 2227 mitem
181 2183 253 2228 esse
269 2170 369 2227 mallet
385 2185 473 2242 quam
492 2169 609 2227 socium
622 2167 759 2226 Caesaris
776 2169 805 2226 in
817 2170 910 2228 rebus
926 2172 1032 2230 adver·

62 2252 115 2327 sis,
132 2268 255 2312 omnem
270 2268 308 2311 ex
324 2253 404 2326 agris
418 2253 636 2311 multitudinem
649 2268 806 2312 servorum
821 2269 857 2312 ac
871 2254 1032 2315 liberorum

62 2338 91 2395 in
113 2336 263 2411 oppidum
285 2337 365 2410 cogit
385 2344 551 2410 portasque
573 2337 741 2411 praecludit
761 2345 791 2396 et
805 2338 844 2396 ad
859 2336 1031 2414 Scipionem

62 2419 307 2495 Pompeiumque
322 2421 445 2480 nuntios
461 2421 555 2493 mittit,
571 2427 604 2479 ut
618 2421 674 2479 sibi
691 2421 829 2481 subsidio
843 2423 982 2482 veniant:
998 2439 1032 2482 se

63 2506 222 2566 confidere
242 2504 460 2565 munitionibus
481 2505 602 2578 oppidi,
629 2505 655 2563 si
671 2505 808 2563 celeriter
821 2515 1031 2576 succurratur3

62 2590 261 2663 longinquam
277 2590 535 2663 oppugnationem
551 2589 702 2647 sustinere
717 2605 777 2648 non
793 2605 897 2664 posse.
928 2590 1032 2665 Scipio

10 2714 20 2753 ·.
62 2674 204 2735 discessu
217 2673 404 2733 exercituum
416 2672 651 2750 abDyrrhaehio
663 2673 783 2747 cognito
790 2674 925 2733 Larisam
940 2677 1031 2749 legio-

63 2773 116 2817 nes
131 2757 323 2827 adduxerat3
344 2757 507 2832 Pompeius
528 2758 664 2816 nondum
677 2757 852 2816 Thessaliae
868 2759 1032 2834 adpropin-

10 2838 12 2845 '
64 2843 183 2916 quabat.
224 2841 336 2901 caesar
356 2842 464 2901 eastris
485 2841 604 2899 nrunltis
626 2843 725 2900 scalas
750 2844 968 2918 musculosque
993 2846 1032 2903 ad

10 2916 18 2939 ''
63 2925 252 3001 repentinam
274 2927 533 3001 oppugnationem
555 2925 619 2983 fieri
641 2931 670 2983 ei
692 2933 790 2985 crates
811 2928 912 2999 parari
932 2929 1031 2988 iussit.

10 3004 20 3105 'p
63 3008 178 3079 ouibus
193 3010 288 3068 rebus
305 3009 421 3070 eiieotis
438 3011 613 3069 cohortatus
629 3010 737 3069 milites
753 3011 871 3083 decuit,
891 3021 1031 3084 quantum

15 3123 22 3169 q
62 3110 149 3154 usum
170 3093 299 3152 haberet
320 3095 358 3153 ad
379 3094 598 3153 sublevandam
619 3094 752 3152 omnium
773 3110 873 3154 rerum
898 3096 1032 3170 inopiam

10 3186 24 3217 l·
63 3179 150 3253 potiri
166 3177 285 3253 oppido
302 3181 391 3252 pleno
407 3187 500 3252 atque
516 3179 669 3252 opulente,
685 3178 772 3239 simul
788 3179 913 3251 reliquis
929 3181 1031 3241 civita-

10 3286 12 3291 ·
61 3263 140 3323 tibus
161 3262 253 3323 huius
270 3263 353 3322 urbis
370 3265 509 3337 exemplo
526 3263 636 3320 inierre
651 3271 796 3322 terrorem
812 3268 843 3319 et
855 3262 885 3319 id
901 3264 966 3322 lieri
982 3281 1030 3326 ee-

62 3349 171 3423 leriter,
186 3347 366 3423 priusquam
383 3347 495 3406 auxilia
510 3353 732 3407 concurrerent.
759 3346 865 3419 ltaque
880 3363 954 3407 usus
970 3351 1016 3410 sin

61 3434 157 3511 gudan
176 3431 307 3495 militum
322 3432 422 3495 studio
436 3432 544 3494 eodem
559 3447 621 3509 quo
638 3437 761 3492 venerat
776 3431 825 3492 die
838 3439 911 3510 post
924 3433 1029 3499 horam
