2272 4176
433 150 548 213 arena
569 150 618 211 m.
839 191 841 194 Α
957 106 1030 213 293λ
1120 216 1125 221 ,

29 304 180 387 captivos
193 302 273 365 tradi
287 303 419 380 iuberet,
438 323 543 367 omnes
559 307 727 381 productos
744 307 964 384 ostentationis,
979 316 1013 369 ut

27 393 96 454 vide
133 396 216 465 atur,
241 403 352 464 eausa,
379 405 439 464 quo
465 391 562 450 maior
582 392 730 465 perfugae
750 391 828 451 fides
843 391 1014 467 haberetur,

28 473 264 541 commilitones
285 476 445 550 appellans
469 484 499 534 ct
518 490 630 550 magna
650 474 814 535 verborum
836 477 1015 537 contumelia

25 562 243 637 interrogans,
258 559 433 619 solerentne
443 561 579 620 veterani
591 560 699 621 milites
711 560 825 636 lugere,
840 561 870 621 in
883 562 1014 621 omnium
1097 554 1102 564 '

32 663 132 725 ronap
142 652 213 706 cetu
227 643 385 705 interiecit.

126 729 243 791 LXXII.
264 728 320 788 llis
340 729 434 789 rebus
456 736 571 789 tantum
592 729 723 789 fiduciae
739 746 774 788 ae
790 730 914 804 spiritus
928 730 1014 790 Pom·

33 814 159 899 polanis
176 814 323 889 accessit,
348 821 458 875 utnon
474 816 513 874 de
533 815 650 874 ratione
663 814 734 872 belli
751 815 933 889 cogitarent,
959 816 1015 875 sed

35 904 87 966 vici
116 915 157 960 se
177 897 235 958 iam
256 897 444 957 viderentur.
486 898 552 958 Non
574 899 615 957 illi
636 898 819 973 paucitatem
841 907 1015 959 nostrorum

34 988 184 1058 mil'tum,
223 998 283 1042 non
315 983 503 1058 iniquitatem
532 982 591 1042 loci
620 989 712 1058 atque
741 984 897 1057 angustias
927 999 1014 1058 prae·

35 1068 203 1143 competis
226 1067 334 1128 castris
357 1075 388 1128 et
414 1066 574 1142 ancipitem
596 1072 741 1128 terrorem
766 1068 843 1126 intra
868 1076 1016 1143 extraque

35 1171 61 1217 m
74 1153 236 1226 tuitiones,
252 1167 314 1211 uon
331 1152 484 1213 abscisum
500 1152 619 1212 induas
633 1159 737 1228 partes
753 1152 933 1225 exercitum,
948 1168 1014 1212 cum

37 1242 138 1300 altera
152 1236 238 1295 alteri
257 1237 402 1297 auxilium
417 1239 496 1296 serre
511 1253 571 1297 non
587 1244 707 1312 posset,
724 1253 836 1296 causae
852 1237 948 1296 luisse
964 1253 1014 1297 co·
1103 1242 1106 1249 '

40 1321 187 1386 alebant.
225 1320 292 1380 Non
314 1321 353 1379 ad
369 1321 446 1380 baec
461 1321 628 1396 addebant,
656 1338 716 1381 non
733 1337 771 1380 ex
787 1337 940 1381 concursu
953 1322 1014 1381 acri

43 1405 134 1479 laeto,
156 1421 218 1466 non
240 1406 358 1480 proelio
376 1405 564 1479 dimicatum,
591 1406 710 1481 sibique
724 1405 811 1479 ipsos
827 1406 1012 1469 multitudine

43 1497 135 1567 atque
149 1490 298 1564 angustiis
315 1490 412 1549 maius
428 1490 565 1550 attulisse
581 1490 791 1549 detrimentum
804 1506 893 1565 quam
908 1490 946 1548 ab
961 1489 1015 1550 ho-

43 1582 89 1635 ste
109 1573 313 1648 aceepissent.
352 1574 417 1634 Non
439 1573 572 1648 denique
593 1574 760 1634 communis
775 1573 846 1633 belli
861 1589 952 1633 casus
968 1589 1012 1634 re

44 1659 264 1733 cordabantur,
283 1674 374 1733 quam
390 1661 536 1734 parvulae
552 1673 646 1733 saepe
662 1673 774 1718 causae
789 1658 838 1716 vel
853 1658 948 1716 salsae
964 1674 1014 1718 su·

43 1743 191 1819 spicionis
202 1744 253 1802 vel
267 1743 391 1803 terroris
404 1743 552 1817 repentini
567 1745 614 1802 vel
631 1742 767 1803 obiectae
783 1741 938 1815 religionis
952 1759 1014 1802 ma-

42 1843 102 1903 gna
117 1827 297 1886 detrimenta
312 1827 500 1901 intulissent,
527 1828 667 1903 quotiens
688 1829 737 1885 vel
760 1828 850 1900 eulpa
865 1827 951 1887 ducis
966 1829 1014 1887 vel

44 1912 153 1972 tribuni
167 1911 241 1971 vitio
256 1912 286 1970 iu
303 1912 436 1971 exercitu
455 1919 539 1973 esset
559 1911 726 1981 offensum3
752 1911 807 1970 sed
828 1912 958 1985 proinde
979 1927 1015 1970 ac

43 2012 68 2056 sr
89 1995 201 2056 virtute
220 1995 368 2056 vicissent
389 2011 490 2071 neque
509 1998 570 2056 ulla
585 1996 777 2056 commutatio
792 2011 893 2056 rerum
908 2002 1015 2071 posset

45 2080 199 2155 accidere,
225 2095 281 2155 per
303 2080 409 2140 orbem
429 2086 576 2139 terrarum
592 2083 672 2142 lama
687 2097 722 2140 ac
737 2080 843 2140 litteris
858 2081 1016 2141 victoriam

43 2164 109 2224 eius
126 2165 187 2224 diei
203 2164 468 2225 concelebrabunt.

20 2249 23 2255 '
124 2247 253 2309 LXXlll.
287 2249 401 2310 Caesar
425 2266 443 2308 a
468 2249 679 2324 superioribus
706 2251 840 2311 consiliis
867 2251 1015 2326 depulsus

43 2349 165 2394 omnem
199 2333 259 2393 sibi
293 2334 537 2394 commutandam
572 2334 643 2394 belli
677 2335 824 2395 rationem
861 2335 1015 2395 existima-

42 2418 94 2478 m't.
123 2417 232 2492 ltaque
253 2434 314 2479 uno
338 2426 476 2494 tempore
490 2418 653 2495 praesidiis
670 2420 810 2480 omnibus
830 2420 971 2479 deductis
987 2427 1016 2480 et

44 2501 275 2578 oppugnatione
295 2502 425 2563 dimissa
446 2511 616 2580 coactoque
637 2505 666 2563 in
689 2522 782 2564 unum
802 2506 904 2565 locum
927 2519 1014 2562 exer-

44 2587 104 2647 citu
136 2586 310 2648 contionem
326 2589 408 2662 apud
423 2589 533 2648 milites
548 2588 653 2649 habuit
666 2590 868 2663 hortatusque
890 2595 952 2664 est,
977 2604 1016 2647 ne

44 2687 88 2745 eo,
106 2687 186 2746 quae
200 2671 395 2748 accidissent,
411 2674 543 2748 graviter
558 2676 679 2748 ferrent,
695 2690 774 2733 neve
788 2674 836 2733 his
851 2673 944 2732 rebus
957 2679 1016 2733 ter-

43 2763 183 2816 rerentur
203 2755 370 2831 multisque
391 2758 535 2817 secundis
557 2758 682 2831 proeliis
697 2776 790 2819 unum
807 2758 972 2817 adversum
987 2764 1016 2816 et

44 2841 72 2901 id
96 2841 254 2902 mediocre
280 2849 482 2917 opponerent.
511 2842 690 2901 Habendam
716 2845 856 2904 fortunae
879 2843 1015 2917 gratiam,

45 2927 126 3001 quod
146 2925 264 2985 ltaliam
288 2926 354 2986 sine
375 2928 478 3002 aliquo
499 2929 626 2985 vulnere
648 2928 813 3003 cepissent,
830 2927 912 3000 tpttod
939 2926 1015 2985 duas

44 3009 208 3087 Hispanias
223 3010 529 3072 bellicosissimorum
544 3011 698 3071 bortrinum
714 3011 908 3086 peritissimis
925 3017 1016 3086 atque

45 3094 304 3156 exercitatissimis
322 3096 452 3156 ducibus
468 3096 680 3170 pacavissent,
698 3097 782 3171 quod
796 3093 938 3154 finitimas
955 3097 1015 3154 iru-

46 3181 270 3254 mentariasque
286 3181 462 3254 provincias
484 3181 513 3239 in
529 3185 711 3254 potestatem
726 3180 937 3253 redegissent3
964 3180 1016 3238 de-

45 3265 134 3342 nique
155 3266 317 3325 recordari
338 3266 466 3338 debere,
494 3280 555 3339 qua
576 3262 716 3323 felicitate
737 3264 815 3322 inter
829 3263 947 3323 medius
962 3261 1016 3323 ho-

45 3350 128 3411 stium
146 3352 267 3410 classes
285 3351 417 3426 oppletis
432 3365 493 3409 non
510 3349 608 3409 solum
620 3347 759 3422 portibus
778 3346 934 3407 sedetiam
949 3348 1016 3409 lito-

43 3434 124 3499 ribus
139 3450 250 3498 omnes
268 3435 436 3496 incolumes
452 3439 556 3495 essent
570 3432 776 3510 transportati.
793 3431 825 3494 Si
839 3447 902 3493 non
916 3433 1022 3495 omnia
