2272 4176
173 180 219 221 nn
242 179 414 224 curremus
437 180 679 226 courvnumoun
703 183 730 226 c.
753 174 796 229 49.
819 179 863 230 50.
885 179 929 230 51.
993 168 1037 227 25

15 374 20 379 -
57 327 256 396 ementiundo,
273 345 347 407 quae
369 346 401 389 se
423 348 459 390 ex
473 329 621 391 Volturcio
635 338 685 391 aut
700 330 907 407 Allobrogibus
921 332 1038 394 audisse

57 410 200 480 moerent
215 426 353 487 magnam
368 410 410 471 illi
424 413 560 473 invidiam
575 414 780 483 conflaverant,
798 431 890 492 nsque
905 414 986 485 adeo,
1002 425 1035 476 ut

55 492 189 555 nonnulii
200 495 313 574 equites
323 492 456 564 Romani,
471 497 520 573 qui
536 498 662 572 praesidi
678 514 778 557 caussa
791 515 857 557 cum
869 497 934 556 telis
952 507 1036 559 erant

56 578 169 639 mcum
179 575 475 647 aedemConoordiae,
482 595 535 638 seu
545 581 668 656 periculi
677 581 875 656 magnitudine
886 597 936 640 scu
946 582 1035 642 animi

37 658 216 721 amabilitate
229 658 352 737 inpulsi,
375 678 433 739 quo
444 661 572 721 studium
587 678 674 722 suurn
688 664 717 721 in
736 681 801 723 rem
817 663 964 741 publicam
976 665 1033 725 cla·

53 744 213 813 riusesset
235 744 396 820 egredienti
403 761 440 803 ex
455 751 557 804 senatu
574 744 689 805 Caesari
705 745 799 821 gladio
821 748 1033 807 minitarentur.

73 880 77 885 .
139 825 218 887 llum
230 825 303 887 baec
317 827 348 885 in
369 834 472 887 senatu
490 834 617 903 aguntur
638 836 667 888 et
685 829 755 888 dum
776 829 877 904 legatis
898 829 1031 889 Allobro·
1043 832 1089 893 50

55 926 128 987 gum
144 917 174 971 et
187 909 253 969 'l'ito
268 908 432 979 Volturcio,
450 909 630 987 conprobato
647 929 750 971 eorum
767 912 889 980 indicio,
906 915 1035 989 praemia

54 992 269 1061 decernuntur,
284 991 384 1053 liberti
403 999 432 1053 et
450 995 536 1070 pauci
557 1012 592 1054 ex
614 993 767 1055 clientibus
781 993 896 1054 Lentuli
912 996 1035 1055 divorsis

17 1074 210 1139 soitineribus
221 1076 340 1155 opifices
355 1082 441 1155 atque
457 1078 572 1136 servitia
589 1078 619 1137 in
633 1079 704 1138 vicis
718 1078 834 1138 adeum
849 1078 1035 1155 eripiundum

52 1158 263 1228 sollicitabant,
283 1161 390 1236 partim
409 1159 600 1239 exquirebant
622 1160 711 1221 duces
730 1159 962 1230 multitudinum,
984 1164 1034 1239 qui

51 1244 155 1325 precio
177 1258 241 1302 rem
262 1241 411 1320 publicam
429 1260 535 1302 vexare
556 1242 631 1304 soliti
651 1252 748 1315 erant,
769 1244 913 1321 Cethegus
936 1251 1061 1305 autema

50 1342 109 1405 per
121 1326 241 1387 nuntios
255 1324 393 1387 familiam
407 1332 493 1405 atque
514 1325 635 1386 libertos
651 1344 734 1397 suos,
756 1328 847 1388 lectos
870 1335 899 1388 et
921 1331 1033 1389 exerci-

51 1416 132 1471 tatus
152 1407 198 1488 [in
219 1407 399 1488 audaciam],
429 1408 532 1469 orabat
552 1416 586 1468 ut
605 1426 694 1487 grege
717 1411 793 1471 lacto
816 1429 882 1471 cum
908 1410 973 1472 telis
996 1412 1033 1472 ad

19 1508 121 1555 essese
134 1493 347 1571 inrumperent.
375 1490 483 1552 Consul
499 1491 550 1552 ubi
565 1510 598 1552 ea
612 1494 710 1570 parari
726 1495 868 1568 cognovit,
887 1494 1064 1571 dispositisa

51 1575 208 1656 praesidiis
226 1583 259 1636 ut
271 1592 321 1635 res
343 1581 430 1654 atque
445 1570 562 1652 tempus
582 1576 730 1644 monebat,
754 1583 913 1636 convocato
929 1584 1032 1637 senatu

51 1659 161 1729 reicrt,
188 1658 314 1738 quidde
336 1660 378 1719 eis
391 1658 456 1719 lieri
476 1657 602 1735 placeat,
627 1661 677 1738 qui
699 1660 728 1718 in
750 1659 910 1719 custodiam
934 1660 1032 1719 traditi

52 1748 148 1803 erant.
170 1742 221 1804 Set
235 1759 286 1803 eos
298 1741 386 1818 paulo
401 1747 469 1801 ante
483 1741 621 1820 frequens
635 1749 753 1803 senatus
767 1743 945 1802 iudicaverat
961 1746 1061 1801 con-4

49 1832 99 1887 tra
112 1843 178 1886 rem
193 1823 341 1903 publicam
359 1823 471 1885 iecisse.
505 1823 581 1884 Tum
598 1825 631 1885 D.
649 1825 749 1886 lunius
767 1824 896 1894 Silanus,
918 1826 1032 1904 primus

17 1907 228 1971 rosententiam
240 1915 361 1984 rogatus
375 1907 453 1987 quod
468 1925 503 1968 eo
517 1915 649 1985 tempore
667 1908 770 1969 consul
780 1908 946 1984 designatus
958 1914 1030 1977 erat,

52 1993 90 2054 de
105 1993 162 2063 eis,
184 1992 234 2070 qui
248 1993 279 2052 iu
295 1991 432 2052 custodiis
449 1990 637 2061 tenebantur,
658 1999 687 2052 et
699 1998 852 2069 practerea
865 1992 901 2053 de
916 1990 948 2052 L.
963 1989 1031 2053 Cas·

52 2077 114 2145 sio,
136 2076 170 2137 P.
186 2074 291 2143 Furio,
308 2073 341 2134 P.
356 2073 515 2144 Umbreno,
532 2073 566 2145 Q.
581 2075 674 2134 Annio
694 2077 718 2135 si
733 2076 909 2152 deprehensi
922 2075 1031 2145 forent,

51 2156 230 2235 subplicium
249 2158 426 2219 sumundum
446 2157 628 2219 decreverat:
645 2160 727 2237 isque
748 2166 858 2236 postea,
881 2165 1033 2237 permotus

53 2242 187 2303 oratione
201 2240 236 2301 G.
253 2240 392 2311 Caesaris,
414 2240 537 2318 pedibus
552 2243 583 2301 in
597 2244 770 2301 sententiam
787 2242 887 2303 'liberi
907 2242 1032 2302 Neronis

19 2325 165 2386 uturum
184 2342 216 2386 se
238 2324 366 2394 dixerat,
389 2326 439 2402 qui
456 2323 492 2385 de
506 2342 541 2384 ea
554 2342 588 2384 re
609 2325 761 2401 praesidiis
778 2326 882 2386 additis
896 2325 1030 2386 reserun-

53 2408 124 2469 dum
144 2415 307 2469 censuerat.
352 2408 402 2469 Set
421 2407 535 2476 Caesar,
557 2407 609 2467 ubi
621 2409 657 2468 ad
673 2425 739 2468 curn
753 2417 872 2469 rentum
887 2415 931 2469 est
944 2418 1059 2483 roga-5

51 2496 101 2553 tus
121 2493 295 2553 seutentiam
310 2510 325 2551 a
341 2490 469 2559 consule,
491 2491 705 2552 huiuscemodi
726 2491 814 2552 verba
835 2492 950 2552 locutus
971 2496 1029 2550 est:

140 2573 250 2635 ‘Omnis
263 2574 405 2643 homines,
420 2580 518 2651 patres
534 2575 699 2652 conscripti,
716 2577 764 2652 qui
780 2574 919 2635 derebus
935 2573 1029 2635 dubiis
1041 2571 1080 2630 51

53 2657 234 2727 consultant,
256 2655 293 2718 ab
309 2658 375 2718 odio
389 2659 527 2727 amicitia,
554 2659 597 2717 ira
611 2664 697 2736 atque
710 2659 909 2718 misericordia
923 2675 1031 2717 vacuos

20 2758 117 2805 nesse
137 2742 229 2803 decet
252 2740 329 2803 Haut
343 2739 427 2801 facile
441 2743 554 2801 animus
569 2758 671 2801 verum
687 2742 829 2819 providet,
850 2740 902 2801 ubi
915 2739 962 2800 illa
978 2739 1056 2799 ob-2

50 2825 167 2896 liniunt,
190 2842 287 2904 neque
303 2827 456 2904 quisquam
471 2826 600 2884 omnium
617 2824 741 2886 lubidini
754 2823 840 2885 simul
855 2831 884 2884 et
897 2825 963 2884 usui
978 2838 1030 2899 pa-

50 2911 118 2971 ruit.
148 2907 206 2971 Ubi
221 2909 380 2970 intenderis
393 2910 557 2984 ingenium,
572 2906 662 2968 valet:
686 2909 710 2968 si
723 2907 824 2968 lubido
837 2906 979 2985 possidet,
996 2912 1060 2965 aad

51 2992 232 3063 dominatur,
256 2994 369 3052 animus
382 2991 453 3052 nibil
471 2990 554 3051 valet.
594 2991 698 3068 Magna
718 2991 789 3050 mihi
810 2993 893 3068 copia
910 2996 952 3049 est
967 3000 1059 3048 mes

49 3077 199 3145 morandi,
214 3081 313 3155 patres
329 3075 500 3151 conscripti,
517 3092 591 3152 quae
606 3091 693 3151 reges
707 3081 793 3152 atque
808 3073 909 3151 populi
922 3074 966 3132 ira
981 3079 1031 3131 aut

19 3159 250 3223 umisericordia
265 3158 372 3237 inpulsi
386 3157 462 3218 male
479 3157 693 3226 consuluerint,
717 3164 761 3216 set
776 3176 810 3217 ea
824 3155 900 3215 malo
922 3154 1029 3222 dicere,

50 3260 127 3322 quae
141 3243 268 3303 maiores
282 3244 374 3301 nostri
395 3247 496 3300 contra
514 3238 676 3300 lubidinem
689 3241 777 3300 animi
790 3242 835 3300 sui
849 3245 929 3299 recte
944 3244 1030 3317 atque

48 3328 153 3388 ordine
169 3326 275 3386 iecere.
299 3323 380 3385 Bello
394 3324 591 3393 Macedonico,
609 3323 687 3401 quod
700 3338 767 3382 cum
780 3338 850 3399 rege
862 3322 952 3382 Perse
964 3324 1059 3397 ges-b

48 3412 157 3479 simus,
182 3407 365 3469 Rhodiorum
386 3408 484 3467 civitas
505 3422 611 3484 magna
640 3411 726 3483 atque
754 3406 924 3482 magnifica,
955 3423 1030 3483 qnae
