2272 4176
262 173 305 213 nn
328 172 431 213 annno
455 171 656 215 avevnrmno
680 163 772 217 e.14.
964 156 1006 218 45

109 319 207 380 Ceteri
221 335 308 395 reges
319 326 369 379 aut
384 318 462 380 bede
476 320 543 379 victi
556 320 586 379 in
602 322 755 381 amicitiam
772 341 787 381 a
803 322 884 382 vehis
897 324 1035 400 receptib

22 410 97 464 sunt
111 409 163 462 aut
182 403 212 463 in
231 404 291 463 suis
311 402 406 463 dubiis
424 402 516 463 rebus
531 404 699 463 societatem
720 411 847 464 vostram
863 407 1008 485 adpetive-

22 492 113 555 runt,
138 485 247 546 lamilia
264 491 364 547 nestra
386 504 453 547 cum
475 485 584 564 popule
605 485 738 547 Romane
758 487 836 550 hehe
859 488 1009 565 Carthagi·

22 570 121 631 niensi
146 568 332 651 [amicitiam]
354 571 489 638 instituit,
513 588 571 649 que
593 575 726 649 tempere
747 573 839 648 magis
853 573 925 633 fides
947 572 1010 633 eius

10 670 114 731 ,quam
130 652 249 714 fortuna
258 654 388 731 petunda
402 661 475 715 erat.
505 651 638 722 Quorum
651 656 823 732 progeniem
833 674 894 724 vos,
911 662 1037 733 patrese

22 737 194 815 conscripti,
204 736 294 799 nolite
305 738 365 816 pati
374 756 432 807 me,
445 743 583 815 nepotem
594 736 770 807 Masinissae,
781 738 889 799 lmstra
901 757 917 799 a
928 738 1011 799 vebis

21 818 164 881 auxihum
179 826 289 898 petere.
719 878 723 885 .

110 902 142 962 Si
158 903 194 964 ad
208 904 416 982 inpetrandam
437 902 510 964 nihil
529 921 650 965 caussae
669 903 810 966 haberem
824 914 941 985 praeter
956 907 1037 968 mi·7

21 987 182 1048 serendam
193 986 351 1056 fortunam,
367 988 446 1066 qued
460 986 548 1064 paule
562 993 629 1048 ante
643 1005 695 1049 rex
710 1005 819 1065 genere
831 990 909 1049 lama
924 996 1011 1069 atque

10 1071 117 1148 ‚copiis
132 1076 252 1147 petens,
284 1088 364 1131 nunc
389 1069 570 1132 deformatus
598 1072 761 1141 aerumnis,
789 1073 875 1150 ineps
902 1071 1012 1134 alienas

24 1170 97 1231 epes
118 1159 249 1231 expecto,
265 1160 363 1216 tamen
386 1160 451 1215 erat
465 1154 622 1214 maiestatis
643 1154 745 1233 pepuli
765 1154 889 1217 Romani
910 1156 1011 1234 prohi-

24 1237 97 1298 bere
111 1237 247 1297 iniuriam
262 1255 358 1318 neque
374 1239 434 1317 pati
450 1238 621 1316 cuiusquam
631 1254 757 1315 regnum
768 1257 822 1317 per
837 1239 933 1301 scelus
946 1259 1011 1302 ere·

24 1336 118 1381 scere.
149 1320 258 1382 Verum
274 1338 329 1399 ege
351 1321 393 1381 eis
408 1320 516 1381 tinibus
533 1323 644 1382 eiectus
659 1340 740 1392 sum,
763 1341 837 1402 ques
851 1324 1040 1391 maioribuss

24 1405 98 1465 meis
112 1402 241 1481 populus
257 1403 408 1466 Romanus
422 1404 511 1473 dedit,
528 1403 607 1465 unde
628 1412 711 1483 pater
729 1412 758 1467 et
772 1425 840 1467 avos
854 1425 937 1468 meus
953 1425 1011 1467 una

10 1486 178 1553 rvebiscum
194 1487 333 1565 expulere
348 1488 484 1549 Sulacem
507 1494 536 1547 et
551 1487 805 1564 Carthaginiensis.
837 1490 940 1551 Vestra
959 1491 1011 1551 be·

24 1572 121 1632 nilicia
137 1570 209 1632 mihi
224 1579 325 1651 erepta
339 1578 416 1642 sunt,
432 1577 532 1650 patres
546 1573 768 1649 conscripti,ves
783 1573 812 1631 in
827 1590 893 1633 mea
906 1575 1011 1633 iniuria

23 1655 155 1732 despecti
166 1656 243 1716 estis.

110 1736 196 1799 Eheu
218 1756 266 1799 me
288 1736 442 1799 miserum!
482 1737 605 1807 Hucine,
626 1736 745 1815 llicrpsa
762 1744 855 1816 pater,
877 1737 1039 1804 benificiab

21 1828 75 1883 tua
91 1837 230 1890 evasere,
247 1828 280 1883 ut
294 1839 382 1899 quem
398 1829 431 1882 tu
448 1839 550 1900 parem
565 1837 633 1882 cum
648 1819 750 1881 liberis
765 1820 851 1901 [tuis]
869 1824 1012 1900 regnique

10 1906 201 1985 ‚participem
216 1905 323 1973 fecisti,
347 1905 373 1965 is
391 1907 586 1983 potissumum
601 1905 699 1982 stirpis
714 1910 782 1965 tuae
797 1907 941 1965 extinctor
958 1907 1012 1966 sit?

21 1989 194 2067 Numquam
210 2004 281 2064 erge
295 1986 403 2048 tamilla
417 1994 518 2048 nestra
530 1989 627 2066 quieta
642 1987 715 2048 eritl
730 2005 886 2067 semperne
900 1990 930 2048 in
945 2006 1011 2049 san-

21 2073 116 2150 guine
133 2071 214 2132 terro
231 2071 300 2147 tuga
320 2070 506 2132 versabitur?
541 2070 617 2132 Dum
632 2069 885 2148 Carthaginienses
899 2072 1056 2138 incole-10

21 2173 89 2217 mes
106 2154 199 2224 luere,
223 2156 288 2216 iure
303 2156 401 2215 emnia
416 2171 502 2216 saeva
522 2153 721 2233 patiebamur:
744 2155 845 2217 hostes
858 2155 895 2217 ab
911 2156 1012 2226 latere,

20 2258 77 2299 res
102 2239 189 2299 amici
202 2237 321 2317 precul:
343 2255 412 2316 spes
429 2240 524 2299 omnis
539 2239 569 2298 in
584 2238 673 2298 armis
688 2245 759 2299 erat.
792 2239 951 2318 Postquam
966 2238 1014 2301 illa

10 2324 117 2401 ,pestis
135 2340 172 2381 ex
186 2321 283 2382 Africa
303 2323 394 2382 eiecta
410 2328 462 2391 est,
481 2320 550 2382 laeti
564 2338 668 2400 pacem
686 2322 882 2399 agitabamur,
906 2325 1015 2402 quippe

23 2408 93 2485 quis
108 2404 200 2465 hostis
215 2404 313 2465 nullus
327 2411 399 2474 erat,
415 2406 471 2465 nisi
484 2405 560 2465 terte
577 2423 664 2484 quem
678 2423 730 2465 vos
746 2407 910 2467 iussissetis.
936 2406 1013 2467 Ecce
1023 2418 1054 2469 11

23 2496 128 2550 autem
149 2507 183 2549 cx
201 2490 350 2567 inprovise
368 2488 519 2566 Iugurtha,
544 2486 726 2549 intoleranda
748 2490 878 2558 audacia,
902 2488 1014 2551 scelere

23 2582 114 2651 atque
129 2571 268 2649 superbia
283 2589 348 2634 sese
368 2572 518 2640 ecferens,
537 2572 628 2632 tratre
640 2589 707 2633 mee
722 2579 809 2650 atque
825 2573 929 2634 eedem
944 2591 1013 2652 pre-

23 2658 140 2735 pinquo
150 2672 204 2716 sue
218 2655 372 2717 interfecte
386 2656 515 2734 primum
529 2671 655 2731 regnum
669 2657 733 2716 eius
742 2656 862 2717 sceleris
873 2659 918 2717 sui
927 2675 1013 2735 prae-

10 2741 97 2802 >dam
112 2739 189 2809 lecit,
212 2746 279 2817 pest
297 2739 349 2800 uhi
364 2757 411 2800 me
434 2739 543 2799 eisdem
564 2737 638 2798 dolis
656 2757 716 2799 nen
733 2740 796 2817 quit
811 2758 926 2818 capere,
943 2742 1015 2800 nihil

24 2825 125 2883 minus
141 2841 228 2901 quam
241 2823 300 2883 vim
314 2831 364 2884 aut
378 2822 488 2885 bellum
510 2828 712 2902 expectantem
732 2824 762 2883 in
776 2824 890 2900 inperio
905 2832 1012 2893 vostre,

25 2907 235 2976 sicutridetis,
259 2913 405 2969 extorrem
428 2907 522 2986 patria
544 2906 647 2975 domo,
668 2908 787 2985 inopem
810 2914 839 2967 ct
861 2914 1014 2985 copertum

25 2990 153 3049 miseriis
173 2990 281 3060 effecit,
304 2997 337 3052 ut
351 2991 446 3052 ubivis
460 2992 551 3051 tutius
566 3008 655 3069 quaxn
671 2991 701 3050 in
718 3006 811 3066 regne
827 3008 893 3051 mee
909 3008 1013 3051 essem.

25 3072 92 3149 Ege
115 3074 157 3132 sic
180 3074 405 3144 existumabam,
423 3080 523 3151 patres
545 3074 711 3151 conscripti,
732 3075 775 3133 uti
796 3074 1057 3152 praedicantemla

10 3156 200 3218 saudiveram
213 3164 328 3235 patrem
342 3175 456 3218 meum:
482 3158 532 3236 qui
547 3163 675 3218 vestram
691 3158 845 3219 amicitiam
861 3157 1015 3233 diligenter

27 3238 177 3309 celerent,
201 3259 251 3301 ees
265 3242 390 3302 multum
403 3240 513 3301 laberis
528 3242 696 3318 suscipere,
712 3246 843 3302 ceterum
866 3261 901 3302 cx
918 3245 1010 3303 omni·

26 3322 87 3385 hus
105 3341 240 3387 maxume
260 3332 337 3387 tutes
352 3343 424 3388 esse.
459 3322 543 3394 Oued
560 3325 590 3384 in
604 3324 712 3385 familia
726 3332 826 3386 nestra
842 3325 903 3398 luit,
927 3342 1056 3408 prae-13
