2272 4176
308 154 468 218 BELLUM
486 154 804 220 ALEXANDRINUM.
980 154 1045 220 339

73 305 224 383 deinceps
233 307 390 369 Octaviani
402 318 538 385 exportu
545 309 761 385 procedebant.
779 292 1043 373 instruiturutrim-

74 408 137 468 que
147 391 242 465 acies,
261 392 368 454 ordine
381 393 533 469 disposita
543 393 641 469 magis
654 391 826 469 Octaviano,
847 396 980 471 paratior
989 398 1043 457 mi·

73 477 159 538 litum
170 476 279 537 animis
290 476 461 545 Vatiniana.

145 560 261 621 XLVI.
303 561 453 635 Vatinius,
477 575 547 622 cum
557 561 689 621 animmn
700 561 872 623 adverteret
881 578 982 638 neque
992 580 1042 624 na-

74 645 156 706 vium
173 660 209 704 se
221 645 427 720 magnitudine
438 661 538 721 neque
549 661 674 706 numero
686 661 791 722 parem
803 662 883 720 esse,
906 648 1045 709 fortunae

73 745 137 789 rem
156 729 458 791 committerenoluit.
480 732 585 806 ltaque
595 730 711 805 primus
723 746 781 791 sua
792 731 1002 805 quinqueremi
1013 733 1044 792 in

74 813 300 889 quadriremem
315 813 414 888 ipsius
428 813 531 875 Octavi
548 815 694 890 impetum
704 815 782 875 lecit.
811 814 972 876 celerrime
984 817 1043 877 lor·

74 897 254 972 lissimeque
274 904 381 958 contra
397 898 449 959 illo
466 900 632 973 remigante
648 913 744 959 naves
762 899 912 959 advorsae
935 901 1043 961 rostris

75 988 295 1043 concurrerunt
311 982 389 1042 adeo
399 983 602 1053 vehementer,
625 988 659 1042 ut
668 985 755 1044 navis
768 981 931 1043 Octauiana
941 993 1041 1047 rostro

75 1065 218 1126 discusso
236 1065 319 1140 ligno
337 1067 551 1128 contineretur.
580 1067 775 1128 committitur
792 1068 900 1128 acriter
916 1070 1043 1145 reliquis

76 1150 149 1211 locis
171 1150 326 1226 proelium
347 1151 598 1227 concurriturque
620 1151 660 1210 ad
681 1153 777 1213 duces
797 1153 942 1212 maxime:
972 1170 1042 1213 narn

77 1249 142 1295 cum
159 1250 219 1295 suo
239 1234 371 1309 quisque
388 1236 532 1296 auxilium
548 1238 647 1307 ferret,
669 1251 817 1312 magnum
827 1237 993 1297 comminus
1011 1239 1041 1297 in

77 1325 204 1393 angusto
220 1317 297 1377 mari
308 1320 458 1393 proelium
469 1322 581 1382 laetum
598 1327 653 1379 est.
677 1319 856 1396 Quantoque
869 1321 1039 1382 coniunctis

77 1402 169 1477 magis
186 1402 317 1463 navibus
338 1403 521 1479 confligendi
539 1411 676 1480 potestas
695 1405 830 1480 dabatur,
852 1411 935 1466 tanto
948 1422 1039 1481 supe-

77 1488 169 1548 riores
188 1487 455 1559 erantVatiniani;
479 1489 531 1564 qui
549 1489 845 1549 admirandavirtute
856 1504 895 1549 ex
908 1490 971 1550 suis
987 1506 1040 1550 na-

78 1572 161 1631 vibus
179 1571 212 1631 in
222 1569 357 1632 hostiurn
368 1587 463 1632 naves
474 1573 625 1633 transilire
636 1589 697 1632 non
708 1573 893 1648 dubitabant,
916 1574 1040 1634 etdimi·

77 1657 193 1727 catione
212 1662 345 1730 aequata
361 1658 451 1731 longe
470 1656 646 1731 superiores
657 1657 766 1716 virtute
776 1672 840 1716 rem
852 1657 978 1719 feliciter
988 1674 1040 1732 ge-

77 1741 188 1800 rebant.
204 1739 387 1814 Deprimitur
398 1741 495 1816 ipsius
504 1741 608 1802 Octavi
617 1740 826 1816 quadriremis,
835 1743 945 1801 multae
953 1757 1039 1818 prae-

76 1830 155 1884 terea
173 1825 336 1898 capiuntur
347 1831 399 1885 aut
408 1826 516 1886 rostris
528 1827 702 1901 perforatae
711 1832 903 1900 merguntur;
925 1842 1039 1902 propu-

75 1914 218 1983 gnatores
230 1908 384 1969 Octaviani
396 1910 544 1985 partimin
556 1910 684 1971 navibus
696 1908 877 1986 iugulantur,
889 1911 1040 1986 partimin

74 2007 154 2053 mare
165 1993 413 2068 praecipitantur.
434 1994 656 2070 lpseOetavius
669 2008 704 2054 se
714 1994 745 2052 in
753 1995 899 2071 scapham
907 1997 1039 2066 confert;

72 2075 98 2137 in
117 2092 215 2154 quam
223 2078 327 2152 plmes
339 2092 407 2137 curn
419 2081 624 2154 confugerent,
649 2080 799 2154 depressa
809 2079 925 2155 scapha
934 2083 1039 2141 vulne·

71 2169 154 2223 ratus
173 2168 276 2222 tamen
294 2163 416 2222 adnatat
426 2165 466 2223 ad
477 2180 565 2224 suum
576 2179 806 2242 myoparonem.
827 2164 873 2226 Eo
884 2173 1036 2242 receptus

68 2262 139 2308 curn
149 2244 305 2322 proelium
316 2262 378 2307 nox
390 2248 550 2323 dirimeret,
567 2255 747 2325 tempestate
758 2264 868 2325 magna
877 2250 954 2310 velis
966 2267 1037 2326 pro-

66 2332 155 2409 fugit.
189 2329 364 2405 Sequuntur
374 2331 455 2392 hunc
466 2349 540 2393 suae
553 2349 648 2394 naves
660 2335 831 2409 nonnullae,
856 2349 932 2410 quas
945 2350 1038 2400 casus

65 2417 174 2478 abillo
188 2414 324 2490 periculo
335 2416 511 2477 vindicarat.

153 2499 273 2560 XLVII.
315 2500 357 2560 At
371 2500 511 2562 Vatinius
529 2516 562 2561 re
578 2501 657 2562 bene
672 2507 760 2578 gesta
775 2503 912 2578 receptui
930 2504 1040 2566 cecinit

64 2585 204 2662 suisque
214 2584 354 2645 omnibus
366 2585 568 2646 incolumibus
580 2585 611 2646 in
623 2602 692 2647 eum
704 2602 738 2647 se
750 2592 872 2661 portum
882 2587 980 2649 victor
990 2604 1037 2649 re·

64 2670 168 2751 cepit,
199 2685 261 2745 quo
278 2685 316 2729 ex
333 2676 423 2746 portu
443 2670 550 2730 elassis
569 2669 674 2730 Octavi
690 2673 730 2731 ad
747 2670 950 2732 dimicandum
967 2690 1038 2749 pro·

64 2759 221 2817 cesserat.
254 2752 339 2828 Capit
356 2768 395 2814 ex
413 2770 449 2815 eo
467 2754 583 2830 proelio
601 2762 756 2830 penterem
773 2771 880 2830 unam,
901 2757 1038 2818 triremes

64 2840 159 2913 duas,
173 2837 308 2897 dicrotas
320 2844 388 2900 octo
400 2841 635 2914 compluresque
646 2840 775 2916 remiges
789 2838 972 2902 Octavianos
983 2858 1039 2918 po·

64 2932 219 2998 steroque
238 2920 279 2981 ibi
297 2921 354 2996 die,
378 2923 449 2983 dum
467 2940 540 2984 suas
559 2924 759 3000 captivasque
776 2940 872 2984 naves
890 2927 1039 3002 reficeret,

64 3013 265 3081 consumpto,
284 3013 355 3080 post
366 3006 446 3067 diem
456 3010 576 3069 tertium
586 3009 741 3071 contendit
750 3008 780 3067 in
792 3009 921 3069 insulam
932 3010 1038 3085 Issam,

67 3092 156 3170 quod
176 3106 214 3151 eo
233 3106 268 3150 se
280 3091 435 3166 recepisse
448 3107 487 3152 ex
497 3094 570 3168 luga
582 3093 726 3153 credebat
737 3092 904 3153 Octavium.
925 3095 999 3156 Erat
1008 3096 1040 3156 in

65 3194 107 3238 ea
125 3175 351 3236 nobilissimum
367 3176 524 3250 regionum
541 3192 645 3236 earum
664 3176 810 3252 oppidum
828 3179 1039 3241 coniunctissi-

66 3274 217 3335 mumque
236 3258 369 3321 Octavio.
402 3261 467 3334 Quo
490 3268 524 3321 ut
542 3261 640 3336 venit,
661 3260 808 3336 oppidani
830 3263 1040 3339 supplicasse

66 3344 194 3407 Vatinio
212 3343 394 3405 dediderunt
410 3345 620 3420 comperitque
641 3344 742 3420 ipsum
760 3342 915 3409 Octavium
935 3350 1039 3425 parvis

70 3429 245 3509 paucisque
261 3428 390 3502 naimo
406 3436 497 3492 vento
516 3429 652 3493 secundo
662 3430 819 3509 regionem
831 3431 1048 3513 macerasse

787 3524 849 3587 Q*
