2302 4192
102 489 122 551 4
396 487 447 548 DE
468 487 593 548 BELLO
617 485 781 549 GALLreo

185 642 236 701 vl.
253 642 347 702 Erant
360 643 482 703 omnino
497 642 605 702 itinera
616 641 688 714 duo,
698 642 809 717 quibus
818 642 978 703 itineribus
986 643 1078 705 domo

102 730 188 788 exire
203 734 346 802 possent:
362 745 456 788 unum
469 743 525 801 per
534 726 706 800 Sequanos
722 733 886 801 angustum
898 734 929 786 et
942 728 1078 803 dilfleile,

104 815 180 873 inter
193 818 326 871 montem
340 812 440 871 Iuram
455 818 486 870 et
496 810 609 869 ilurnen
620 810 813 885 Rhodanum,
826 813 880 871 vix
893 828 954 886 qua
966 813 1077 887 singuli

104 898 182 957 carri
197 896 397 964 ducerentur;
423 911 512 955 mons
529 900 629 953 autern
645 896 812 956 altissimus
828 896 1032 971 inpendebat,
1047 904 1078 961 ul

104 982 192 1041 tacite
205 980 353 1055 perpauci
368 980 533 1054 prohibere
554 985 699 1053 possent:
725 981 853 1040 alterum
875 995 932 1055 per
953 981 1077 1053 provin-

104 1066 181 1124 ciam
195 1072 341 1136 nostram,
356 1065 451 1123 multo
467 1063 587 1121 facilius
602 1069 695 1137 atque
711 1065 896 1138 expeditius,
911 1071 1076 1139 propterea

104 1149 188 1224 quod
202 1148 280 1208 inter
294 1148 372 1206 fines
383 1148 595 1207 Helvetiorum
615 1153 645 1205 et
658 1147 878 1222 Allobrogum,
905 1148 958 1221 qui
979 1160 1075 1223 nuper

105 1232 204 1307 pacati
220 1238 321 1303 erent,
347 1231 517 1292 Rhodanus
534 1231 601 1289 fluit
622 1231 713 1305 isque
733 1232 887 1291 nonnullis
904 1232 981 1290 locis
995 1234 1076 1294 vado

102 1315 255 1376 transitur.
270 1315 447 1375 Extremum
459 1315 606 1389 oppidum
618 1314 818 1389 Allobrogum
831 1323 879 1376 est
890 1317 1077 1389 proximum·

104 1416 165 1474 que
178 1399 388 1459 Helvetiorum
409 1400 521 1459 linibus
539 1399 653 1457 Genua.
680 1398 728 1457 Ex
750 1415 787 1459 eo
810 1400 925 1474 oppido
942 1416 1022 1474 pons
1039 1400 1076 1459 ad

103 1482 259 1543 Helvetios
281 1482 424 1557 pertinet.
452 1482 672 1556 Allobrogibus
694 1498 765 1541 sese
786 1486 835 1542 vel
858 1499 1077 1558 persuasurus,

104 1567 188 1641 quod
201 1567 337 1626 nondum
349 1567 431 1627 bono
443 1567 543 1625 animo
556 1566 587 1624 in
599 1568 747 1639 populum
754 1568 924 1627 Romanum
936 1568 1076 1627 videren-

102 1658 159 1723 tur,
175 1650 399 1725 existimabant,
413 1652 463 1709 vel
478 1652 508 1709 vi
524 1656 702 1723 coacturoS,
717 1657 751 1709 ut
765 1667 820 1725 per
836 1668 911 1712 suos
927 1652 1006 1710 lines
1021 1668 1077 1713 eos

102 1736 145 1793 ire
159 1741 344 1809 paterentur.
368 1734 513 1794 Omnibus
525 1734 618 1793 rebus
634 1735 674 1793 ad
688 1735 909 1809 protectionem
926 1752 1075 1811 conpara·

104 1819 140 1878 tis
155 1819 236 1877 diem
251 1818 365 1892 dicunt,
382 1835 444 1893 qua
459 1820 508 1878 die
523 1818 562 1876 ad
577 1818 675 1892 ripum
682 1819 823 1879 Rhodani
839 1835 946 1879 omnes
963 1835 1073 1879 eonve-

103 1904 193 1963 nient
222 1902 252 1961 Is
268 1903 334 1962 dies
350 1909 416 1961 erat
430 1919 457 1961 a.
473 1903 503 1961 d.
518 1902 548 1961 V
562 1902 629 1960 Kal.
646 1904 722 1977 Apr.
737 1903 770 1961 L.
786 1903 907 1978 Pisone,
929 1905 967 1962 A.
986 1904 1072 1963 Gabi-

102 1987 150 2047 nio
166 1987 355 2047 consulibus.

184 2071 250 2129 Vll.
275 2070 398 2130 Caesari
414 2087 483 2131 cum
498 2070 529 2129 id
549 2069 718 2128 nuntiatum
734 2078 832 2143 esset,
855 2086 910 2131 eos
932 2087 989 2145 per
1005 2088 1073 2146 pro-

102 2156 231 2215 vinciam
245 2164 381 2215 nostram
396 2156 453 2215 iter
468 2156 569 2213 lacere
585 2155 698 2226 conari,
714 2160 845 2215 maturat
858 2156 896 2214 ab
912 2155 989 2214 urbe
1006 2173 1074 2229 pro-

103 2240 198 2299 fleisci
213 2247 243 2299 et
258 2252 349 2314 quarn
364 2239 504 2297 maximis
521 2245 623 2313 potest
637 2237 794 2297 itineribus
811 2239 841 2296 in
857 2239 983 2297 Galliam
999 2242 1074 2299 ulte-

101 2324 211 2384 riorem
227 2323 383 2383 contendit
398 2330 427 2382 et
442 2324 481 2381 ad
497 2323 632 2382 Genuam
648 2323 796 2395 pervenit.
825 2322 1005 2381 Provinciae
1021 2326 1074 2383 toti

103 2423 194 2483 quam
208 2408 374 2467 maximum
392 2414 495 2481 potest
509 2407 635 2465 militum
651 2422 810 2465 numerum
825 2405 1075 2480 imperat—era·

101 2491 223 2551 omnino
239 2491 268 2550 in
285 2492 381 2551 Gallia
395 2492 540 2551 ulteriore
555 2491 634 2564 legio
650 2506 775 2562 una—,
792 2498 926 2564 pontem,
943 2490 994 2564 qui
1011 2498 1076 2550 erat

101 2576 140 2635 ad
156 2576 301 2648 Genuam,
317 2576 401 2635 iubet
414 2575 558 2635 rescindi.
588 2575 645 2634 Ubi
661 2575 700 2633 de
716 2574 781 2633 eius
797 2574 931 2633 adventu
945 2574 1076 2635 Helvetii

101 2660 248 2719 certiores
264 2660 334 2719 lacti
350 2667 435 2733 sunt,
458 2662 576 2733 legatos
593 2659 632 2717 ad
647 2674 716 2718 eum
731 2659 851 2717 mittunt
864 2657 1074 2719 nobilissimos

100 2743 239 2817 civitatis
256 2745 342 2803 cuius
358 2744 518 2818 legationis
533 2742 707 2801 Nammeius
723 2742 976 2803 etVerucloetius
992 2743 1073 2817 prin-

100 2827 199 2902 cipem
213 2829 314 2888 locum
330 2828 522 2900 obtinebant,
545 2826 597 2901 qui
613 2826 750 2886 dicerent
765 2826 824 2885 sibi
839 2842 911 2886 esse
926 2826 955 2884 in
972 2828 1074 2887 animo

100 2913 167 2972 sine
181 2914 243 2973 ullo
259 2913 410 2971 maleficio
426 2912 483 2970 iter
499 2926 554 2985 per
569 2910 759 2985 provinciam
774 2911 892 2983 lacere,
909 2918 1074 2984 propterea

99 2997 183 3071 quod
198 2997 282 3056 aliud
296 2996 352 3054 iter
366 2995 514 3055 haberent
524 2997 655 3054 nullum:
681 3009 808 3068 rogere,
829 3001 863 3053 ut
881 2995 948 3053 eius
966 2996 1074 3055 volun-

99 3088 160 3140 tate
175 3081 206 3139 id
221 3080 279 3139 sibi
295 3081 397 3138 lacere
413 3080 512 3138 liceat.
543 3079 673 3151 Caesar,
690 3078 774 3152 quod
789 3079 937 3138 memoria
952 3080 1076 3139 tenebat

100 3166 129 3223 t.
147 3164 285 3224 Cassium
300 3164 458 3223 consulem
473 3163 610 3223 occisum
624 3163 855 3237 exercitumque
870 3164 935 3222 eius
952 3163 990 3221 ab
1002 3164 1074 3222 Hel·

97 3249 186 3309 vetiis
207 3250 331 3322 pulsum
352 3254 383 3306 et
403 3248 461 3306 sub
477 3248 580 3322 iugum
595 3246 740 3318 missum,
767 3247 998 3307 concedendum
1012 3263 1074 3307 non

98 3332 239 3407 putabat3
255 3346 357 3407 neque
372 3331 511 3391 homines
526 3331 647 3390 inimico
664 3332 763 3390 animo
776 3331 848 3389 date
859 3332 1002 3390 facultate
1018 3346 1074 3405 per

98 3417 286 3491 provinciam
307 3414 422 3475 itineris
449 3415 583 3475 leciundi
604 3421 829 3490 temperaturos
852 3415 890 3473 ab
911 3415 1023 3473 iniuria
1043 3422 1074 3475 et

97 3502 246 3561 maleficio
259 3500 460 3561 existimabat.
470 3502 597 3573 Tamen,
609 3505 642 3558 ut
653 3500 786 3573 spatium
797 3499 989 3558 intercedere
999 3514 1073 3574 pos-

97 3592 162 3659 sot,
187 3585 259 3645 dum
273 3586 383 3645 milites
401 3600 480 3659 quos
500 3584 705 3658 imperaverat
726 3584 940 3657 convenirent,
963 3584 1073 3658 legatis

94 3668 257 3744 respondit
272 3670 352 3729 diem
368 3683 403 3727 se
418 3669 458 3727 ad
473 3668 704 3727 deliberandum
719 3673 927 3742 sumpturum:
954 3668 981 3727 si
998 3668 1071 3743 quid

83 3754 208 3824 vellent,
226 3754 327 3815 adid.
348 3756 423 3832 Apr.
439 3758 676 3816 reverterentur.
