2272 4176
63 474 125 539 140
352 476 404 539 DE
423 475 548 539 BELLO
571 473 735 541 GALLIGO

64 631 204 693 difficiles
218 629 358 709 habebat,
374 631 413 693 de
428 632 656 708 expugnatione
671 628 858 706 desperavit,
873 628 915 689 de
929 627 1031 691 obses

64 718 151 779 sione
164 733 226 777 non
240 716 326 793 prius
341 718 492 793 agendum
508 717 670 792 constituit,
687 730 778 792 quam
790 728 858 775 rem
872 714 1034 775 immanta-

62 803 139 862 riam
153 803 340 878 expedisset.
355 802 635 879 AtVercingetorix
651 800 759 861 castris
774 814 875 876 prope
889 797 1034 875 oppidum

64 887 172 963 positis
188 887 393 948 mediocribus
417 889 529 948 circum
550 903 584 949 se
604 885 770 947 intervallis
793 884 962 959 separatim
976 884 1034 943 sin·

63 974 201 1047 gularum
217 971 380 1031 civitatium
397 973 503 1048 copias
526 974 754 1045 conlocauerat,
780 976 873 1045 atque
895 968 1033 1030 omuibus

64 1056 130 1116 elus
145 1056 206 1130 iugi
222 1056 350 1116 collibus
367 1058 538 1132 occupatis,
555 1074 616 1132 qua
630 1053 746 1131 despici
761 1060 892 1129 poterat,
908 1050 1034 1114 horribi-

64 1143 122 1200 lem
143 1141 278 1216 speciem
297 1141 466 1216 praebebat
491 1142 709 1217 principesque
734 1154 841 1199 earum
862 1138 1033 1211 civitatium,

65 1242 144 1301 quos
159 1225 218 1285 sibi
234 1224 273 1284 ad
289 1226 449 1286 consilium
465 1226 647 1301 capiendum
662 1226 834 1299 delegerat,
855 1223 957 1298 prima
970 1224 1034 1284 luce

66 1309 176 1370 cotidie
197 1308 235 1368 ad
251 1325 286 1368 se
302 1311 466 1371 convenire
487 1311 624 1385 iubebat,
650 1325 706 1370 seu
721 1308 794 1384 quid
809 1307 1033 1369 communican-

66 1396 145 1468 dum,
155 1410 209 1453 seu
221 1394 572 1468 quidadmlnistrandum
583 1395 745 1468 videretur,
753 1408 857 1468 neque
866 1393 964 1453 ullum
974 1391 1032 1451 iere

66 1479 145 1538 diem
159 1479 380 1554 intermittebat,
396 1480 468 1556 quin
483 1479 616 1555 equestri
631 1478 747 1555 proelio
762 1477 931 1538 interiectis
946 1474 1034 1551 sagit·

65 1564 164 1638 tariis,
191 1563 263 1639 quid
284 1564 315 1623 iu
336 1580 460 1639 quoque
482 1571 565 1625 esset
586 1564 676 1623 animi
698 1579 735 1623 ae
758 1563 879 1623 virtutis
902 1576 1032 1635 suorum,

67 1646 297 1722 perspiceretur.
326 1649 399 1710 Erat
417 1665 435 1708 e
454 1649 580 1724 regione
601 1649 706 1723 oppidi
721 1648 807 1708 collis
823 1648 881 1708 sub
897 1647 975 1723 ipsis
989 1660 1031 1705 ra·

66 1731 183 1791 dicibus
204 1733 314 1793 montis
337 1734 459 1809 egregie
474 1735 604 1793 munitus
620 1740 711 1806 atque
726 1747 766 1791 ex
781 1733 863 1793 omni
878 1739 966 1807 parte
980 1730 1026 1791 cir

67 1816 229 1892 cumcisus,
245 1833 335 1891 quem
350 1819 376 1878 si
391 1825 528 1879 tenerent
542 1817 653 1892 nostri,
669 1825 699 1878 et
712 1831 812 1893 aquae
826 1832 941 1891 magna
953 1820 1035 1892 parto

67 1906 95 1960 et
110 1900 304 1974 pabulatione
324 1903 420 1963 libera
441 1902 619 1978 prohibituri
633 1902 739 1963 hostes
752 1901 947 1962 videbantur.
975 1898 1034 1960 Sed

67 1984 92 2046 ls
109 1986 194 2046 loeus
210 1987 364 2061 praesidio
381 1988 419 2046 ab
435 1987 481 2048 his
497 2004 558 2048 non
572 1987 660 2047 nimis
676 1987 763 2047 firmo
777 1987 950 2048 tenebatur.
980 1984 1033 2044 Ta·

66 2085 134 2129 men
148 2071 267 2132 silentio
279 2072 378 2132 noctis
387 2072 499 2132 Caesar
510 2088 549 2131 ex
563 2073 672 2132 castris
686 2087 841 2147 egressus,
858 2072 1032 2147 priusquam

66 2155 204 2217 subsidio
220 2173 259 2216 ex
275 2157 389 2233 oppido
404 2157 501 2216 veniri
516 2165 638 2233 posset,
653 2158 771 2217 deiecto
787 2157 947 2232 praesidio
961 2153 1031 2230 poti-

65 2245 114 2300 tus
130 2241 198 2301 loco
215 2241 291 2301 duas
306 2241 347 2301 ibi
363 2242 499 2317 legiones
512 2242 683 2303 conlocavit
693 2242 874 2316 fossamque
885 2240 1032 2317 duplicem

67 2326 241 2386 duodenum
261 2328 374 2402 pedum
395 2343 413 2386 a
433 2327 598 2387 maioribus
615 2327 723 2388 eastris
739 2326 778 2386 ad
793 2326 915 2386 minora
928 2322 1033 2402 perdu-

66 2410 123 2485 xit,
147 2418 181 2470 ut
200 2417 263 2471 tuto
286 2412 323 2470 ab
344 2412 503 2488 repentino
524 2412 657 2473 hostium
678 2413 802 2472 incursu
823 2411 916 2471 etiam
931 2406 1033 2485 singull

68 2510 238 2555 commeare
253 2505 391 2571 possent.

149 2579 296 2641 XXXVII.
319 2583 396 2641 Dum
417 2581 495 2641 haec
514 2581 554 2641 ad
575 2581 757 2656 Gergoviam
775 2587 937 2655 geruntur,
963 2579 1035 2640 cou-

68 2664 246 2726 viciolltavls
259 2667 413 2741 Haeduus,
430 2667 477 2726 cui
492 2666 701 2741 magistratum
717 2666 924 2726 adiudicatum
938 2663 1037 2724 acae-

67 2766 137 2812 sare
159 2750 451 2826 demonstravimus,
478 2751 657 2812 sollicitatus
677 2751 715 2810 ab
738 2751 888 2811 Arvernis
909 2748 1037 2825 pecunia

67 2852 135 2896 cum
151 2835 333 2911 quibusdam
345 2836 591 2897 adulescentibus
605 2836 814 2911 conloquitur,
831 2851 962 2910 quorum
977 2839 1037 2893 erat

66 2921 212 2998 princeps
227 2921 378 2981 Litavlcus
394 2927 486 2996 atque
502 2921 567 2981 eius
583 2923 708 2995 iratres,
724 2920 916 2995 amplissima
930 2917 1037 2978 lamiliu

67 3006 128 3066 nati
143 3006 367 3066 adulescentes.
385 3005 458 3065 Curm
474 3006 521 3066 his
537 3006 704 3081 praemium
721 3005 926 3065 communicat
939 3002 1037 3063 horta·

66 3097 184 3166 turque,
200 3099 234 3150 ut
248 3106 281 3150 se
296 3091 410 3150 llberos
425 3100 455 3150 et
469 3091 594 3166 imperio
611 3099 699 3151 natos
715 3089 914 3149 meminerint.
942 3088 1037 3148 Unam

67 3176 508 3248 esseHaeduorumcivitatem,
525 3175 814 3252 quaecertissimam
823 3173 1037 3235 Galliaevlcto·

66 3261 142 3320 riam
163 3260 313 3329 detineat;
340 3260 406 3320 eius
428 3262 606 3321 auctoritate
626 3261 762 3335 reliquas
784 3259 950 3328 contineri3
979 3270 1037 3333 qua

68 3346 203 3405 traducta
225 3346 324 3405 locum
345 3345 533 3405 consistendi
555 3345 701 3406 Romanis
723 3346 753 3404 in
770 3344 868 3405 Gallia
886 3360 950 3407 non
965 3343 1037 3404 lore.

66 3429 144 3490 Esse
160 3431 304 3490 nonnullo
321 3446 355 3489 se
371 3429 509 3490 Caesaris
524 3431 675 3490 beneficio
693 3431 849 3504 allectum,
872 3429 919 3490 sic
940 3436 1037 3489 tamen

67 3522 99 3574 ut
106 3516 301 3576 iustissimam
310 3515 391 3591 apud
403 3531 471 3575 eum
484 3531 607 3575 causam
616 3515 795 3585 obtinuer1t;
811 3514 866 3575 sed
880 3516 1036 3590 pluscom·

68 3601 148 3659 muni
170 3601 298 3660 libertati
320 3600 462 3660 tribuere.
494 3600 552 3661 Cur
571 3601 651 3660 enim
671 3600 772 3675 potius
787 3600 907 3660 Haedui
929 3601 969 3660 de
983 3613 1037 3661 suc

68 3684 133 3745 iure
147 3686 229 3745 etde
244 3687 363 3761 legibus
378 3687 418 3746 ad
434 3686 596 3746 Caesarem
610 3685 857 3761 dlsceptatorem,
873 3700 967 3760 quam
978 3683 1036 3745 Ra·

67 3769 147 3829 mani
172 3770 211 3829 ad
231 3772 376 3833 Haeduos
397 3769 540 3833 veniantt
569 3770 711 3832 celeriter
737 3768 986 3832 adulescentibus
1010 3772 1037 3829 et
