2272 4176
10 39 133 161 ῖῚῗΝΤἻΞ
149 39 156 44 “
175 39 207 59 ‘'lr-

10 476 21 505 *e

428 160 545 223 LIBER
565 161 631 222 vll.
961 160 1027 229 14³

50 323 153 391 mant,
180 330 255 377 cum
269 314 381 377 crebro
400 314 507 390 integri
523 313 656 376 defessis
672 315 873 377 succederent
886 324 1024 379 nostros·

53 418 107 480 que
119 400 258 462 adsiduo
280 400 387 461 labore
401 400 617 475 defatigarent,
644 401 755 476 quibus
770 409 896 476 propter
910 402 1023 479 magni-

51 486 179 549 tudinem
196 494 373 546 castrorum
388 492 537 560 perpetuo
553 492 637 544 esset
652 485 749 545 isdem
766 486 794 545 in
810 489 890 547 vallo
906 502 1024 561 perma-

53 572 191 633 nendum.
206 569 588 644 Multitudinesagittarum
598 571 796 644 atqueomnis
813 573 934 646 generis
949 575 1021 632 telo-

23 680 27 687 ·
51 673 108 717 mm
121 656 241 715 multos
260 656 455 724 vulneratos3
482 655 522 713 ad
541 653 619 712 haec
634 655 815 715 sustinenda
830 672 940 731 magno
956 658 1023 716 usui

53 742 140 802 luisse
154 746 321 801 tormenta.
356 740 482 800 Fabium
498 740 641 800 discessu
655 755 761 798 eorum
776 741 896 801 duabus
912 741 1024 800 relictis

54 826 141 902 portis
158 825 326 886 obstruere
342 832 461 885 ceteras
473 826 659 899 pluteosque
673 825 753 884 vallo
770 826 885 883 addere
901 834 931 885 et
946 842 980 884 se
995 827 1024 884 in

10 920 14 941 ²
54 920 205 988 posterum
228 909 310 969 diem
332 910 523 984 similemque
544 925 649 968 casum
672 925 833 983 apparare.
861 910 916 969 His
932 911 1025 970 rebus

54 995 176 1072 cognitis
200 994 316 1054 Caesar
337 1010 456 1054 summo
479 994 581 1055 studio
601 994 731 1053 militum
751 1001 821 1053 ante
836 1002 934 1055 ortum
950 996 1025 1056 solis

55 1081 79 1142 in
90 1088 197 1142 castra
210 1079 363 1156 pervenit.

125 1165 220 1225 XLll.
248 1164 328 1225 Dum
348 1163 425 1223 haec
452 1163 492 1223 ad
514 1163 696 1237 Gergoviam
717 1170 880 1238 geruntur,
906 1162 1023 1224 Hoetu*

57 1250 150 1328 primis
166 1248 286 1310 nuntiis
301 1249 340 1308 ab
354 1248 488 1308 Litavico
504 1249 639 1323 acceptis
655 1251 768 1309 nullum
785 1249 842 1309 sibi
859 1249 895 1308 ad
913 1265 1024 1324 cogno·

56 1336 197 1398 scendum
214 1334 347 1409 spatium
362 1334 545 1409 relinquunt.
572 1334 690 1409 inpellit
705 1335 781 1395 alios
797 1334 932 1406 avaritia,
949 1335 1024 1394 alias

24 1476 28 1483 .
56 1420 209 1481 iacundia
223 1428 256 1480 et
269 1419 434 1492 temeritas,
453 1434 531 1493 quae
546 1420 678 1477 maxime
693 1419 735 1478 illi
750 1419 905 1480 bominum
921 1434 1023 1493 generi

25 1568 29 1578 ,
56 1512 95 1567 est
108 1507 224 1577 innata,
239 1511 274 1564 ut
289 1505 386 1562 levem
401 1503 587 1563 auditionem
600 1503 731 1562 habeant
746 1521 802 1578 pro
819 1520 853 1563 re
869 1510 1024 1578 conperta.

56 1589 257 1653 Benacivium
265 1589 473 1648 Romanorum
485 1588 640 1663 diripiunt,
657 1589 900 1662 caedcslaciunt,
916 1589 944 1647 in
961 1604 1022 1648 ser-

57 1674 173 1737 vitutem
197 1672 386 1734 abstrahunt.
416 1673 552 1732 Adiuvat
571 1690 636 1732 rem
652 1675 850 1747 proclinatam
867 1674 1011 1735 Conuicto

26 1784 29 1789 ·
56 1760 147 1822 litatis
163 1758 351 1835 plebemque
361 1757 400 1816 ad
414 1759 544 1819 furorem
558 1759 682 1832 inpellit,
699 1766 732 1817 ut
743 1760 878 1818 lacinore
890 1759 1023 1819 admisso

22 1870 28 1893 ι
55 1846 88 1907 td
100 1844 265 1908 sanitatem
281 1843 391 1903 reverti
407 1843 528 1918 trudeat.
559 1842 599 1901 M.
612 1843 767 1916 Aristium,
784 1843 935 1903 tribunum
951 1843 1023 1903 mili·

56 1936 124 2004 lum,
149 1930 209 1990 iter
224 1928 264 1987 ad
279 1927 430 2002 legionem
452 1928 611 1987 facientem
626 1928 688 1987 lide
702 1928 773 1988 data
787 1944 825 1987 ex
842 1928 956 2002 oppido
972 1927 1021 1987 Ca-

55 2014 162 2076 billono
179 2013 331 2073 educunt:
359 2013 440 2071 idem
457 2013 557 2072 lacere
574 2020 687 2087 cogunt
701 2028 766 2086 eos,
784 2013 834 2088 qui
851 2013 1025 2086 negotiandi

57 2115 143 2160 eausa
167 2098 211 2157 ibi
238 2097 446 2157 constiterant.
482 2097 547 2158 Hos
575 2098 718 2158 continuo
745 2099 774 2157 in
796 2099 903 2157 itinere
928 2099 1026 2158 adorti

56 2183 192 2245 omnibus
200 2181 425 2256 impedimentis
437 2190 569 2252 exuunt3
581 2190 788 2258 repugnantes
801 2183 881 2242 diem
893 2190 1025 2243 noctem·

56 2286 110 2346 que
120 2266 286 2337 obsidente
301 2268 404 2328 multis
420 2268 570 2344 utrimque
586 2268 753 2328 intersectis
768 2269 912 2328 maiorem
928 2268 1023 2328 multi-

56 2355 184 2417 tudinem
200 2358 386 2412 armalorum
403 2353 563 2414 concitant.

14 2446 26 2525 ςξ
124 2438 233 2500 XLlll.
263 2437 385 2498 interim
407 2439 512 2497 nuntio
535 2441 641 2512 allato,
668 2454 773 2500 omnes
796 2453 901 2499 eorum
917 2438 1025 2498 milites

56 2524 251 2601 inpotestate
266 2523 406 2583 Caesaris
422 2523 532 2595 teneri,
549 2531 735 2584 concurrunt
749 2523 788 2582 ad
804 2524 965 2595 Aristium,
982 2524 1024 2581 ni-

24 2646 27 2672 :
56 2608 89 2671 bil
103 2609 233 2687 publico
248 2609 362 2670 iactum
378 2608 506 2669 consilio
520 2610 744 2676 demonstrant;
761 2608 971 2683 quaestionem
988 2608 1025 2665 dc

24 2690 28 2734 ἓ
55 2695 136 2757 bonis
152 2694 286 2769 direptis
302 2695 478 2766 decernunt,
494 2694 618 2753 Litavici
635 2695 822 2768 fratrumque
837 2693 917 2753 bona
930 2692 1023 2768 puleii-

57 2789 132 2857 caat,
159 2780 282 2854 legatos
305 2780 343 2839 ad
365 2777 526 2838 Caesarem
549 2779 595 2838 sui
618 2778 766 2853 purgandi
782 2779 878 2852 gratia
899 2778 1024 2836 mittam.

57 2865 129 2927 ilaec
145 2864 268 2925 iaciunt
281 2865 551 2938 reciperandorum
567 2880 691 2923 suarum
708 2879 818 2931 causa;
852 2864 906 2923 sed
923 2870 1024 2922 conta-

22 2948 26 2971 *
57 2951 151 3012 minati
168 2948 309 3010 iocinore
323 2956 354 3009 et
366 2949 445 3023 capti
455 2949 628 3021 conpendio
640 2965 679 3007 ex
692 2948 818 3023 direptis
827 2948 925 3019 leonis,
943 2948 1025 3021 quod

57 3050 88 3095 ea
99 3052 150 3098 ree
167 3035 210 3095 ad
226 3035 338 3095 multoe
355 3033 532 3107 pertinebat
548 3033 656 3094 timore
670 3048 791 3108 poenae
805 3032 937 3092 exterriti
955 3047 1025 3091 con-

57 3120 116 3182 silia
137 3122 221 3181 clam
243 3120 385 3180 debello
407 3118 483 3177 inire
506 3119 653 3193 incipiunt
674 3118 874 3192 civitatesque
889 3117 1025 3192 reliquas
1111 3189 1116 3196 .

57 3204 258 3282 legationibus
272 3204 443 3266 sollicitant.
460 3203 543 3276 Quae
560 3201 679 3262 tametsi
696 3203 809 3263 Caesar
823 3202 1025 3278 intellegebat
1112 3199 1119 3272 J

56 3298 148 3353 maren
172 3306 269 3367 quam
290 3288 449 3349 mitissime
470 3294 573 3362 potest
592 3290 711 3362 legatos
727 3287 876 3361 appellat=
903 3287 974 3346 nibil
991 3303 1026 3349 se

57 3384 174 3455 propter
189 3374 384 3436 inscientiam
398 3373 613 3447 levitatemque
624 3372 707 3448 vulgi
719 3370 843 3447 gravius
855 3372 894 3433 de
906 3372 1026 3434 civitate
1122 3426 1127 3452 ,

10 3517 15 3551 ἔ
57 3460 186 3525 iudicare
208 3475 314 3538 neque
334 3458 373 3520 de
400 3475 455 3519 sua
478 3457 506 3517 in
528 3458 675 3525 Haeduos
696 3456 915 3523 benevolentia
933 3457 1028 3523 deat-
