2272 4176
122 488 164 553 96
296 506 339 548 nn
360 505 462 549 annno
485 502 684 548 rvovnrnruo
707 503 733 546 c.
756 496 799 551 93.
823 495 868 551 94.
891 497 937 551 95.

123 656 318 724 centuriones,
337 655 490 732 omnisque
503 654 604 731 Liguri
621 670 726 730 parere
740 651 837 723 iubet,
859 659 890 713 et
911 651 971 733 [ei]
989 655 1097 731 negotio

68 742 112 805 94
122 756 298 819 proxumum
321 737 398 798 dienr
413 739 569 798 constitnit.
607 736 657 796 Set
679 734 730 797 ubi
751 755 787 797 ex
806 743 971 815 praecepto
994 744 1098 817 tempus

121 826 228 892 visum,
244 822 352 900 paratis
367 822 582 899 conpositisque
596 819 732 879 omnibus
746 819 783 880 ad
800 818 901 880 locum
916 821 1027 899 pergit.
1051 820 1097 882 Ge
1124 831 1127 838 '

120 915 217 969 terum
238 906 294 975 illl,
316 906 366 985 qui
385 905 535 966 escensuri
551 909 647 973 erant,
669 903 820 984 praedocti
841 904 880 964 ab
904 904 999 974 duce,
1027 923 1097 965 arma

121 997 314 1069 ornatumque
336 993 532 1058 mutaverant,
554 988 656 1067 capite
675 994 763 1067 atque
782 987 912 1067 pedihus
937 988 1039 1058 nudis,
1062 990 1111 1051 utin

17 1152 20 1157 Ι
118 1080 293 1154 prospectus
314 1075 453 1150 nisusque
473 1090 527 1150 per
549 1089 617 1132 saxa
644 1070 757 1133 leoffius
783 1071 876 1133 iuret:
906 1089 1001 1151 super
1025 1079 1097 1149 terga

114 1157 206 1234 :gladii
220 1164 249 1220 et
263 1164 358 1227 scuta,
374 1175 476 1219 verum
491 1175 525 1218 ea
542 1156 692 1217 Numidica
710 1174 746 1217 ex
761 1157 863 1226 coriis,
882 1156 1028 1235 ponderis
1042 1174 1096 1235 gra·

84 1254 110 1303 :2
118 1244 158 1302 tia
174 1240 258 1303 simul
278 1248 306 1302 et
325 1240 447 1303 obtensa
463 1260 522 1320 quo
537 1241 627 1301 levius
643 1246 816 1318 streperent.
855 1240 954 1317 Igitur
970 1257 1096 1319 praegre-

119 1326 202 1387 diens
216 1326 304 1405 Ligus
318 1342 387 1385 saxa
402 1332 431 1386 et
452 1326 476 1385 si
491 1343 566 1404 qnae
582 1329 711 1385 vetustae
729 1324 844 1384 radices
862 1323 1050 1395 eminebant,
1063 1324 1096 1385 la·

118 1410 202 1487 queis
215 1408 367 1477 vinciebat,
389 1409 497 1488 quihus
512 1407 633 1469 adlevati
648 1406 754 1468 milites
768 1406 885 1468 facilius
900 1409 1117 1477 escenderentn

118 1494 266 1554 interdum
281 1492 396 1553 timidos
419 1492 571 1553 insolentia
592 1493 704 1552 itineris
716 1491 814 1552 leuare
829 1509 942 1553 manu:
956 1492 1010 1554 ubi
1024 1490 1096 1570 paulo
1135 1527 1136 1572 t

119 1578 251 1652 asperior
268 1576 426 1635 adscensus
444 1582 522 1645 erat,
543 1574 673 1652 singulos
689 1591 760 1652 prae
775 1592 808 1636 se
824 1576 965 1637 inermos
984 1578 1095 1644 mittere,
1134 1599 1136 1614 2

120 1658 225 1719 deinde
239 1660 302 1737 ipse
319 1657 518 1719 camillorum
533 1660 621 1719 armis
634 1659 733 1736 sequi:
748 1676 824 1738 quae
840 1659 935 1721 dubia
951 1662 1019 1722 nisu
1031 1658 1095 1720 vide·

118 1741 235 1810 bantur,
252 1742 430 1819 potissumus
443 1748 596 1820 temptare,
613 1759 647 1802 ac
664 1743 779 1819 saepius
794 1743 901 1803 eadem
924 1744 1095 1805 adscendens

120 1825 373 1903 descendensque,
401 1825 468 1885 deIn
490 1828 585 1885 statim
612 1825 792 1903 digrediens,
816 1828 928 1888 ceteris
960 1828 1113 1889 audaciano

93 1909 236 1976 aaddere
266 1908 358 1986 Igitur
373 1908 422 1968 diu
437 1907 620 1986 multumque
641 1908 750 1986 fatigati
767 1909 888 1970 tandem
904 1912 938 1971 in
960 1909 1095 1973 castellon

118 1994 300 2070 perveniunt,
323 1991 472 2052 desertum
494 1991 530 2051 ab
550 2010 583 2052 ea
597 1999 690 2069 parte,
715 1993 794 2069 quod
816 2010 934 2064 omnes
953 1997 1030 2056 sicut
1046 1991 1095 2054 alit

119 2075 238 2145 diebus,
261 2075 418 2135 advorsum
440 2073 532 2134 hostis
552 2074 682 2136 aderant.
726 2075 836 2137 Marius
863 2077 919 2138 uhi
943 2097 980 2140 ex
1001 2078 1096 2139 nuntiis

119 2177 194 2237 quae
216 2158 305 2235 Ligus
330 2164 431 2234 egerat
452 2160 599 2234 cognovit,
624 2177 801 2237 quamquam
821 2165 885 2220 toto
910 2162 960 2224 die
982 2164 1096 2223 intentos

117 2242 229 2319 proelio
251 2241 390 2302 Numidas
410 2240 567 2312 habuerat,
588 2249 650 2302 tum
669 2260 739 2303 vero
762 2243 938 2306 cohortatus
952 2245 1058 2306 milites
1075 2250 1113 2304 cta

116 2328 179 2402 lpse
197 2332 280 2386 extra
294 2327 392 2385 vincas
408 2332 451 2386 est
472 2341 624 2402 egressus:
649 2326 792 2388 testudine
805 2334 871 2388 acta
894 2330 1096 2391 succederent

7 2447 12 2456 ·
117 2408 204 2468 simul
217 2408 332 2469 hostem
346 2411 498 2470 tormentis
510 2410 723 2488 sagittariisque
739 2415 768 2470 et
778 2410 984 2475 funditoribus
996 2415 1096 2474 ennon
1134 2439 1136 2500 q

90 2499 241 2553 ocurrere.
278 2492 315 2552 lt
334 2491 476 2554 Numidae
496 2510 584 2570 saepe
599 2498 683 2553 antea
705 2494 795 2554 vineis
808 2492 1020 2557 Romanorum
1039 2494 1095 2556 sub
1134 2509 1136 2596 q

116 2577 224 2645 vorsis,
244 2577 314 2637 item
332 2577 458 2637 incensis
472 2594 532 2636 non
547 2575 655 2637 castelli
670 2575 825 2638 moenibus
839 2595 908 2640 sese
923 2580 1094 2647 tutabantur,
1134 2605 1136 2646 i

117 2667 162 2720 set
182 2677 237 2737 pro
257 2677 343 2720 muro
365 2659 427 2720 dies
443 2661 596 2739 noctisque
613 2661 735 2738 agitare,
758 2659 953 2724 maledicere
968 2664 1114 2725 Romanisr
1135 2699 1136 2740 3

117 2762 152 2804 ac
173 2743 264 2804 llario
284 2743 452 2805 vecordiam
472 2743 634 2812 obiectare,
658 2744 797 2804 militibus
817 2749 932 2808 nostris
946 2747 1095 2825 Iugurthae

91 2828 268 2889 oservitium
282 2829 402 2897 minari,
417 2827 553 2888 secundis
567 2827 657 2888 rebus
672 2826 787 2889 feroces
802 2845 876 2891 esse.
903 2830 1033 2894 Interim
1047 2848 1095 2893 on·

117 2909 213 2977 nibus,
231 2907 369 2971 Romanis
383 2910 587 2989 hostibusque,
603 2910 716 2989 proelio
731 2913 858 2983 intentis,
875 2933 990 2994 magna
1008 2918 1095 2979 utrin-

119 3011 175 3071 que
190 2994 217 3053 vi
230 3010 285 3070 pro
301 2993 392 3070 gloria
407 3001 494 3072 atque
510 2996 624 3072 inperio
640 2994 695 3065 his,
711 2995 766 3056 illis
784 3013 841 3074 pro
855 2997 954 3061 salute
971 3000 1096 3062 certanti·

116 3076 181 3146 bus,
204 3084 326 3154 repente
348 3097 365 3138 a
385 3086 469 3157 tergo
490 3080 572 3154 signa
593 3096 714 3140 canere:
737 3096 772 3139 ac
792 3082 892 3158 prImo
914 3084 1058 3147 muliones
1074 3088 1118 3145 eta

7 3165 9 3171 '
115 3162 214 3239 pueri,
239 3163 288 3241 qui
301 3164 394 3222 visum
406 3169 626 3241 processerant,
651 3163 769 3240 lugere,
793 3164 902 3227 deiude
925 3171 972 3229 uti
988 3171 1097 3248 quisque

115 3264 200 3305 muro
216 3263 379 3322 proxumus
394 3253 466 3317 erat,
482 3251 631 3325 postremo
653 3248 760 3315 cuncti,
779 3251 884 3310 armati
907 3252 1097 3332 inermesque

88 3329 201 3401 ednod
224 3329 275 3389 ubi
303 3330 421 3400 accidit,
446 3349 480 3391 eo
503 3331 599 3390 acrius
619 3329 743 3391 Romani
764 3332 892 3404 instare,
924 3335 1054 3399 tundere
1072 3352 1101 3396 ac

116 3414 274 3492 plerosque
301 3421 414 3474 tanturn
440 3414 528 3474 modo
550 3414 697 3484 sauciare,
726 3414 793 3476 doio
814 3434 909 3495 super
938 3424 1100 3484 occisorum

120 3517 244 3576 corpora
260 3499 381 3567 vadere,
401 3499 476 3558 avidi
489 3495 599 3575 gloriae
615 3505 760 3560 certantes
773 3518 895 3563 murum
909 3512 1034 3582 petere,
1056 3522 1123 3567 net

90 3592 174 3660 'tque
189 3600 365 3661 quemquam
380 3584 510 3642 omnium
527 3582 636 3660 praeda
652 3585 770 3644 morari.
805 3585 855 3647 Sic
871 3586 952 3650 forte
970 3598 1101 3653 connecte

117 3664 189 3725 llari
211 3668 358 3728 temeritas
381 3666 501 3744 gloriam
526 3684 562 3726 ex
583 3665 669 3743 culpa
690 3668 806 3730 invenit.

64 3749 106 3813 95
203 3750 340 3814 Ceterum
360 3751 430 3813 dum
451 3769 486 3813 ea
505 3767 554 3811 res
576 3752 701 3829 geritur,
725 3753 756 3814 L.
773 3752 853 3815 Sulla
877 3768 1024 3836 quaestor
1042 3776 1102 3825 eun
