2272 4176
66 472 125 539 118
356 474 407 534 DE
428 468 559 535 Batto'
576 472 738 534 eatttco

65 629 174 704 cuique
187 633 239 688 aut
249 629 346 690 valles
359 628 462 689 obdita
476 634 527 689 aut
541 631 627 689 locus
644 626 794 689 silvestris
809 630 863 689 aut
878 626 969 703 palus
983 624 1023 689 im

63 715 168 790 pedita
183 730 270 789 spem
287 714 431 790 praesidii
447 723 499 774 ant
513 714 618 774 salutis
635 712 768 788 aliquam
783 712 950 787 offerebat,
965 729 1036 775 con·

63 800 195 861 sederat.
224 800 309 859 Haeo
323 803 391 860 loca
407 794 608 858 vicinitatibus
623 805 709 857 erant
723 804 811 873 nota,
832 812 1035 876 magnamque

62 902 112 945 res
129 885 313 959 diligentiam
323 883 498 960 requirebat
509 900 570 943 non
585 882 615 941 in
628 898 747 942 summa
758 883 913 943 exercitus
925 884 1036 944 tuenda

63 971 191 1046 (nullum
206 971 285 1029 enirn
300 975 419 1043 poterat
433 968 583 1027 universis
600 966 638 1026 ab
654 967 822 1042 perterritis
837 983 875 1027 ae
886 968 1034 1044 dispersis

64 1055 234 1131 periculum
248 1054 410 1126 accidere),
427 1052 527 1112 sedin
543 1053 671 1127 singulis
688 1052 833 1112 militibus
849 1067 1034 1113 conservari·

64 1141 128 1211 dis,
146 1154 224 1215 quac
239 1147 338 1198 tamen
353 1154 392 1197 ex
407 1144 494 1212 porte
508 1153 558 1197 res
575 1137 614 1197 ad
628 1139 757 1197 salutern
770 1138 925 1199 exereitus
945 1138 1034 1214 perti·

63 1225 164 1285 nebat.
179 1223 430 1296 Nametpraedae
446 1222 596 1297 cupiditas
612 1224 723 1282 multos
739 1222 861 1297 longius
877 1223 1034 1298 evocabat,

26 1300 29 1305 ’
64 1315 94 1369 et
114 1309 210 1368 silvae
231 1306 353 1367 incertis
376 1307 566 1383 occultisque
587 1306 745 1367 itineribus
774 1308 930 1368 confertos
952 1308 1035 1369 adire

64 1392 273 1469 prohibebant.
310 1390 343 1451 Si
364 1392 519 1467 negotium
539 1391 649 1452 confici
671 1391 860 1468 stirpemque
882 1392 1034 1453 hominum

64 1479 282 1538 sceleratorum
296 1476 425 1545 interfici
445 1478 551 1550 vellet,
581 1475 777 1536 dimittendae
799 1479 905 1553 plures
928 1494 1034 1539 manus

64 1560 290 1637 diducendique
303 1568 389 1621 erant
402 1561 528 1631 milites,
544 1562 570 1621 si
585 1561 741 1621 continere
755 1560 795 1621 ad
803 1562 892 1637 signa
898 1563 1033 1638 manipu-

64 1648 110 1707 los
125 1647 231 1720 vellet,
258 1654 292 1707 ut
311 1647 448 1707 instituta
460 1647 538 1707 ratio
554 1652 584 1707 et
599 1647 790 1708 consuetudo
807 1648 963 1709 exercitus
976 1649 1033 1710 Rc

64 1731 145 1791 mani
159 1731 349 1807 postulabat,
375 1732 462 1792 locus
477 1732 546 1808 ipse
562 1739 627 1792 erat
641 1731 796 1807 praesidio
812 1732 970 1799 barbaris.
984 1748 1033 1792 ne-

65 1832 124 1892 que
149 1831 189 1875 ex
214 1818 334 1877 occulto
361 1816 523 1877 insidiandi
543 1823 573 1877 et
593 1817 754 1891 dispersos
779 1816 1034 1877 circumveniendi

65 1901 193 1975 singulis
216 1901 321 1961 deerat
341 1901 478 1961 audacia.
514 1902 555 1961 dt
579 1902 608 1960 in
630 1900 780 1961 eiusmodi
796 1901 1032 1977 difficultatibus,

65 1994 211 2062 quantum
232 1986 386 2061 diligentia
406 1986 560 2062 provideri
582 1993 715 2061 poterat,
742 1986 980 2062 providebatur,
1004 2000 1031 2048 ιιι

65 2071 167 2147 potius
182 2071 211 2130 in
228 2072 368 2132 nocendo
385 2072 499 2147 aliquid
515 2071 812 2146 praetermitteretur,
829 2070 888 2130 etsi
904 2072 1031 2133 omnium

65 2157 155 2216 animi
171 2157 210 2216 ad
220 2156 429 2217 ulciscendum
442 2156 597 2230 ardebant,
613 2173 704 2232 quarn
715 2171 785 2216 cum
795 2155 899 2232 aliquo
911 2157 1030 2219 militum

65 2242 244 2301 detrimento
259 2249 430 2302 noceretur.
452 2240 578 2302 Dimittit
592 2241 630 2300 ad
645 2236 787 2301 finitimas
803 2241 942 2303 civitates
958 2260 1030 2305 nua-

65 2326 123 2386 tios
140 2326 266 2384 Caesam
290 2341 395 2386 onmes
411 2326 450 2385 ad
465 2341 500 2385 se
513 2332 604 2386 vocat
617 2342 674 2400 spe
689 2327 823 2401 praedae
838 2327 877 2386 ad
892 2328 1032 2404 diripien-

65 2410 122 2469 dos
138 2410 313 2483 Eburones,
329 2417 361 2470 ut
376 2408 478 2485 potius
493 2408 523 2468 in
539 2409 624 2469 silvis
642 2411 794 2472 Gallorum
808 2411 871 2471 vita
887 2429 980 2488 quam
993 2416 1033 2474 le

64 2493 219 2568 gionarius
235 2495 320 2554 miles
336 2494 536 2570 periclitetur,
563 2494 652 2555 simul
666 2502 700 2556 ut
720 2511 831 2571 magna
845 2498 1034 2558 multitudine
1052 2516 1055 2521 ·

65 2579 250 2640 circumfusa
263 2597 320 2655 pro
336 2581 385 2639 tali
399 2579 535 2639 facinore
549 2579 642 2654 stirps
658 2596 693 2640 ao
708 2597 818 2641 nomen
834 2581 965 2643 civitatis
981 2585 1033 2644 tol·

64 2664 150 2724 latur.
180 2664 309 2739 llllagnus
324 2665 460 2740 undique
476 2680 620 2724 numerus
636 2665 773 2726 celeriter
788 2668 942 2728 convenit.

146 2749 265 2810 XXXV.
288 2749 423 2810 Haecin
446 2749 586 2810 omnibus
600 2750 775 2811 Eburonum
790 2751 928 2826 partibus
950 2769 1033 2829 gere

65 2834 181 2910 bantur,
198 2835 328 2911 diesque
343 2835 507 2909 adpetebat
521 2836 684 2911 septimus,
708 2851 798 2911 quem
813 2836 852 2895 ad
868 2836 948 2897 diem
963 2839 1033 2898 Cae·

64 2936 115 2980 sar
130 2920 169 2979 ad
184 2920 399 2995 impedimenta
413 2918 626 2996 legionemque
636 2922 746 2981 reverti
759 2922 966 2983 constituerat.
980 2923 1035 2982 Hie

64 3005 254 3081 quantumin
271 3006 350 3066 bello
366 3007 486 3065 lortuna
502 3006 601 3081 possit
622 3013 652 3065 et
666 3012 797 3081 quantos
812 3005 930 3067 adserat
944 3022 1034 3067 casus

64 3090 211 3164 cognosci
226 3091 333 3164 potuit.
355 3090 518 3165 Dissipatis
534 3106 570 3150 ao
586 3090 753 3166 perterritis
769 3089 919 3165 hostibus
936 3098 970 3152 ut
984 3093 1033 3152 de-

63 3175 308 3250 monstravimus,
325 3177 605 3249 manuseratnulla‚
622 3191 701 3252 quae
716 3191 841 3251 parvam
857 3177 950 3237 modo
966 3192 1033 3236 cau-

64 3276 128 3319 sam
144 3259 259 3320 timoris
275 3261 416 3320 adlerret.
446 3261 541 3320 Trans
557 3261 695 3321 Rhenum
717 3261 756 3320 ad
777 3261 944 3321 Germanos
966 3277 1033 3336 per·

62 3346 147 3405 venit
168 3345 263 3418 lama,
286 3345 374 3420 diripi
389 3345 550 3406 Eburones
566 3352 659 3420 atquc
673 3347 752 3405 ultro
769 3361 876 3406 omnes
893 3346 932 3405 ad
947 3361 1033 3422 prac-

64 3429 133 3488 dam
154 3430 287 3490 evocari.
318 3430 435 3503 Cogunt
450 3432 585 3507 equitum
606 3430 764 3489 duomilia
779 3429 955 3504 Sugambri,
984 3430 1035 3506 qui

63 3522 134 3573 sunt
149 3516 288 3587 proxumi
305 3515 427 3589 libano,
454 3516 596 3592 aquibus
611 3521 753 3587 receptos
770 3530 808 3573 ox
823 3516 895 3588 luga
908 3516 1034 3575 Tencte-

63 3614 114 3657 ros
131 3606 223 3673 atque
238 3601 382 3674 Usipetes
398 3617 493 3675 supra
508 3600 677 3659 docuimus.
712 3600 883 3659 Transeunt
895 3599 1036 3660 Rhenum

63 3683 190 3742 navibus
212 3686 390 3761 ratibusque
411 3702 475 3744 xxx
495 3685 615 3743 milibus
637 3696 785 3758 passuum
806 3684 883 3743 inlra
907 3700 976 3744 eum
993 3685 1036 3745 lo-

64 3784 146 3839 cum,
168 3768 218 3827 ubi
234 3785 313 3842 pons
329 3776 394 3829 erat
414 3769 567 3843 perlectus
586 3767 833 3843 praesidiumque
852 3768 889 3827 ab
904 3768 1036 3832 Caesare
