2272 4176
505 428 723 513 nutiu'

440 710 673 793 btllbrlt

288 857 840 957 FRAGMENTA.

521 1054 641 1063 .---—-

146 1168 327 1226 nnrrcnre
342 1168 391 1223 ao
406 1168 442 1223 m.
454 1168 614 1223 rurum
629 1166 834 1225 cronnormn
849 1171 890 1238 (a.
902 1162 968 1238 to).

150 1270 203 1329 Cic.
215 1272 254 1327 cd
265 1273 318 1327 Att.
330 1270 408 1343 XII,
430 1266 485 1342 40,
507 1271 541 1330 1:
565 1271 659 1338 Qualis
674 1271 765 1325 lutura
779 1269 814 1324 sit
830 1267 961 1326 Caesaris
976 1269 1038 1326 vitu·

68 1355 174 1429 peratio
187 1361 283 1411 contra
294 1355 483 1411 laudationem
496 1372 604 1426 meam,
623 1354 757 1428 perspexi
768 1369 804 1409 ex
816 1371 851 1409 eo
863 1354 944 1425 libro,
966 1369 1039 1426 quem

68 1440 168 1497 Hirtius
189 1439 226 1495 ad
249 1457 293 1494 me
316 1440 404 1510 misit,
424 1441 452 1496 in
474 1457 528 1512 quo
548 1441 652 1512 colligit
671 1439 739 1495 vitia
761 1436 889 1508 Catonis,
912 1438 1040 1495 sedeunt

67 1524 193 1580 maximis
215 1523 342 1578 laudibus
366 1525 446 1581 meis.
486 1526 582 1597 ltaque
603 1524 665 1579 misi
683 1525 782 1580 librum
801 1522 837 1578 ad
855 1523 996 1595 Muscam,
1015 1530 1041 1579 ut

65 1609 119 1663 tuis
135 1608 252 1663 librariis
268 1607 356 1663 daret.
397 1608 470 1664 Volo
487 1611 561 1665 enim
576 1626 640 1665 eum
662 1608 819 1680 divulgari;
842 1607 919 1679 quod
935 1625 989 1680 quo
1005 1610 1040 1663 la·

66 1692 145 1748 cilius
160 1691 222 1760 fiat,
242 1692 392 1763 imperabis
408 1694 470 1748 tuis.
503 1689 562 1764 41,
584 1689 619 1753 4:
642 1694 720 1749 Hirtii
733 1693 880 1764 epistolam
895 1693 918 1747 si
934 1693 1040 1766 legeris,

68 1792 138 1849 quae
154 1775 220 1831 mihi
236 1776 316 1848 quasi
329 1764 505 1854 πρόπλασμα
519 1779 629 1836 videtur
645 1779 705 1834 eius
718 1777 946 1848 vituperationis,
965 1794 1042 1850 quam

67 1858 171 1917 Caesar
192 1861 303 1934 scripsit
317 1862 353 1918 de
369 1860 489 1933 Catone,
510 1864 595 1919 iacies
610 1880 671 1932 me,
692 1862 758 1934 quid
774 1862 822 1918 tibi
838 1862 934 1917 visum
951 1864 1000 1932 sit,
1021 1862 1042 1917 si

65 1946 112 2002 tibi
128 1946 179 2002 erit
195 1946 387 2018 commodum,
411 1948 566 2003 certiorem.
603 1941 661 2017 44,
683 1947 717 2006 1:
739 1946 813 2002 Illius
825 1946 941 2017 librum,
964 1964 1042 2019 quem

67 2030 103 2087 ad
117 2048 162 2088 me
178 2031 251 2086 misit
266 2032 300 2087 de
317 2031 430 2101 Catone,
452 2039 604 2104 propterea
618 2033 683 2087 volo
701 2032 839 2103 divulgari
852 2031 945 2099 aluis,
968 2038 1042 2086 uter

68 2122 180 2171 istorum
191 2117 394 2187 vituperatione
407 2118 442 2172 sit
453 2118 524 2173 illius
537 2118 625 2172 maior
638 2117 770 2172 laudatio.
792 2113 848 2185 45,
864 2113 900 2175 3:
923 2116 966 2171 Tu
977 2133 1042 2173 vero

66 2202 203 2275 pervulga
217 2202 341 2257 Hirtium.
384 2202 415 2257 ld
427 2204 500 2257 enim
515 2203 605 2274 ipsum
620 2207 762 2273 putaram,
786 2199 861 2271 quod
877 2202 990 2271 scribis,
1008 2208 1042 2270 ut,

65 2301 128 2340 cum
149 2287 291 2358 ingenium
311 2287 392 2342 amici
406 2289 492 2342 nostri
506 2290 686 2359 probaretur,
707 2274 851 2353 ὑπόθεσις
867 2286 1043 2358 vituperandi

66 2367 178 2425 Catonis
191 2371 360 2427 irrideretur.
395 2367 446 2443 47,
462 2370 498 2431 32
521 2372 599 2427 Hirtii
613 2372 728 2442 librum,
749 2376 779 2427 ut
794 2371 877 2443 sacis,
899 2371 1023 2444 divulga.

447 2524 653 2582 EPISTOLAE.

362 2627 399 2665 ao
415 2627 444 2666 rr.
456 2628 573 2667 rvmrvru
588 2627 745 2666 sicanorum.

148 2711 188 2778 (α.
201 2703 256 2779 47)
279 2709 334 2767 cte.
346 2712 385 2767 cd
396 2712 448 2768 Art.
462 2712 518 2784 XI,
539 2706 588 2782 14,
606 2709 642 2770 3:
665 2710 780 2778 Quintus
794 2711 896 2783 pergit,
911 2718 941 2766 ut
952 2712 1043 2767 adme

64 2797 92 2847 ot
111 2793 202 2850 Pansa
223 2795 333 2867 scripsit
354 2803 381 2853 et
402 2798 521 2865 Hirtius;
542 2799 622 2868 isque
643 2797 707 2852 item
726 2795 849 2851 Africam
869 2802 967 2868 petere
982 2814 1042 2852 cum

64 2878 164 2932 ceteris
180 2879 287 2935 dicitur.

488 2968 529 3035 (a.
544 2961 609 3034 45·)

148 3046 200 3103 Cic.
213 3048 252 3103 od
263 3049 315 3105 Att.
327 3048 405 3119 XII,
426 3047 483 3119 35,
507 3049 543 3108 1:
567 3049 643 3105 Hirtii
659 3048 804 3122 epistolam
818 3047 866 3105 tibi
880 3049 944 3106 misi
959 3057 986 3106 et
1000 3067 1041 3106 re-

65 3136 172 3186 centem
188 3137 214 3187 et
228 3134 367 3189 benevole
383 3136 522 3206 scriptam.

143 3215 221 3272 Idem
233 3217 295 3273 ittet.
307 3216 358 3289 37,
376 3213 411 3277 4.·
434 3220 535 3274 Hirtius
549 3219 585 3274 ad
607 3236 652 3273 me
672 3217 781 3289 scripsit
796 3215 862 3273 Sex.
879 3219 1042 3291 Pompeium

65 3295 193 3356 Corduba
206 3302 297 3357 exisse
320 3308 346 3357 et
367 3304 472 3374 fugisse
496 3304 524 3358 in
541 3303 703 3375 Hispaniam
723 3302 895 3374 citeriorem,
918 3304 1041 3360 Gnaeum

63 3382 169 3454 fugisse
193 3387 288 3442 nescio
306 3402 377 3458 quo;
400 3404 491 3459 neque
508 3390 582 3443 enim
597 3404 673 3443 curo.
712 3387 785 3442 Nihil
800 3394 950 3459 praeterea
966 3389 1040 3446 novi.

64 3466 177 3524 Litteras
189 3469 320 3528 Narbone
332 3473 409 3528 dedit
419 3489 476 3527 xmr
487 3473 547 3528 Kal.
559 3473 623 3529 Mai.

146 3552 224 3610 Idem
237 3556 298 3612 ibid.
311 3556 405 3628 XIII,
428 3557 481 3629 21,
499 3557 532 3616 1:
553 3558 599 3614 Ad
614 3555 729 3612 Hirtium
745 3554 880 3611 dederam
895 3556 1041 3631 epistolam

62 3650 131 3692 sane
146 3639 297 3713 grandem,
313 3657 397 3713 quam
408 3643 576 3715 scripseram
587 3643 714 3716 proxime
725 3640 754 3696 in
764 3639 933 3700 Tusculano.
963 3643 1040 3716 Huic,

63 3734 146 3792 quam
160 3727 190 3777 tu
203 3723 270 3781 mihi
285 3726 399 3799 misisti,
421 3729 574 3785 rescribam
589 3729 667 3785 alias.
