2272 4176
282 172 440 236 BELLUM
460 173 724 237 fflsennffinsu.
931 176 993 243 411

59 336 150 391 erunt
164 326 313 405 virgulta,
335 334 434 389 crates
449 328 488 389 ad
504 329 609 391 fossos
624 332 823 407 complendas
839 338 870 395 et
882 332 990 411 timpa-

59 430 113 477 nes
126 414 169 475 ad
182 429 285 487 casas,
298 427 377 488 quae
389 415 612 475 stramenticiae
625 416 787 477 abnostris
801 416 994 481 hibernorum

59 516 110 560 rsa
125 498 311 560 aedificatae
326 506 425 573 erant,
443 499 608 561 diruendas
624 508 654 560 et
668 501 892 577 incendendas,
909 520 993 579 prue-

59 600 97 645 ea
112 591 288 658 argentum,
304 584 493 653 vestiineutu,
510 592 551 656 ut,
568 585 639 643 dum
655 586 750 645 nostri
767 585 795 645 in
813 588 930 661 praeda
944 589 994 647 de·

59 678 168 742 entur,
192 668 233 727 itti
250 668 344 726 coede
362 670 440 727 tuctu
455 669 493 727 ud
510 669 665 742 praesidio
679 670 802 743 Pompei
829 688 864 731 se
880 674 995 747 recipe·

59 762 94 814 t:
124 769 199 812 nam
217 752 299 826 qnod
315 753 508 812 existimabat
523 768 577 812 eos
595 770 690 828 posse
706 764 846 815 ‹eonntum
863 756 995 829 efficere,

59 846 104 898 :te
120 844 189 897 tota
204 839 282 895 uttm
298 838 359 895 iiiut
374 835 483 895 flumen
503 836 627 898 Sntsum
639 840 667 896 in
684 839 757 897 ncie.
782 840 866 912 Quod
886 844 995 899 t'nctum

59 930 80 981 rt
104 921 365 994 necopinantibus
387 922 498 981 nostris
514 930 597 980 esset
610 926 746 996 gestum,
773 926 997 984 millensimum

59 1008 77 1066 :i
104 1007 255 1080 repulsos
277 1005 440 1080 nnittisque
463 1007 637 1066 vulneribus
657 1010 795 1067 ndt'ectos
817 1009 933 1084 oppido
949 1025 995 1067 re-

59 1096 216 1161 :sserunn
247 1092 392 1164 praedam
415 1106 559 1165 urumque
581 1106 686 1150 eornm
703 1102 773 1151 sunt
788 1093 872 1167 potiti
894 1094 995 1153 vivos·

59 1194 70 1235 e
100 1176 229 1248 aliquos
256 1182 417 1247 ceperunt,
448 1176 499 1249 qui
525 1184 651 1249 postero
675 1177 724 1235 die
746 1184 816 1237 sunt
837 1178 994 1237 interiecti.

59 1261 201 1332 demque
210 1266 347 1332 tempore
360 1261 516 1333 transfuga
530 1260 678 1319 nuntiavit
690 1276 728 1319 ex
741 1262 855 1336 oppido
869 1261 994 1333 tunium,

59 1344 113 1403 ,in
133 1342 279 1401 cuniculo
306 1344 427 1415 inisset,
454 1343 639 1416 iugulatioue
666 1346 891 1419 oppidanorum
917 1347 995 1405 tuctu

60 1441 174 1487 masse
191 1426 309 1486 sueinus
325 1442 359 1485 se
375 1428 539 1486 nefandum
554 1435 584 1487 et
598 1430 700 1487 scetus
714 1430 840 1489 iecisse:
857 1447 925 1489 num
940 1446 995 1491 eos

60 1516 87 1574 it
106 1513 275 1584 meruisse,
292 1529 386 1586 quare
401 1513 451 1572 tati
468 1527 570 1587 poena
585 1513 803 1586 adficerentur,
820 1515 871 1589 qui
886 1530 941 1576 eos
956 1517 994 1575 ud

60 1615 86 1658 ts
103 1606 137 1657 et
155 1599 243 1657 locos
258 1612 333 1656 suos
349 1596 550 1670 recepissent,
566 1612 684 1671 eosque
701 1597 864 1672 hospitium
880 1601 996 1659 scetere

60 1682 267 1749 staurinassm
290 1682 383 1740 multa
398 1688 556 1754 praetcrea
572 1681 701 1753 dixisse,
718 1698 779 1757 qun
794 1684 930 1743 oratione
944 1684 997 1742 de⁴

60 1766 144 1826 ritus
162 1766 292 1840 amptius
309 1765 525 1838 iugulationem
542 1781 602 1824 non
619 1766 739 1825 iecisse.

111 1850 208 1910 Xth.
239 1850 283 1908 tta
302 1857 426 1924 postero
448 1850 497 1907 die
517 1850 632 1909 Tuttius
654 1851 771 1924 legatus
795 1866 863 1909 cum
885 1849 996 1911 Catone

62 1936 168 1996 sitano
185 1934 267 1993 venit
281 1941 311 1993 et
325 1934 404 2008 apud
416 1933 577 1993 Caesarem
593 1934 686 1993 verba
699 1934 782 1994 lecit:
802 1934 918 1995 Utinam
928 1939 994 2011 qm·-

60 2038 86 2080 m
99 2021 146 2079 dii
155 2018 489 2091 immortalesfeeissenl,
509 2027 540 2078 nt
557 2028 623 2078 tuus
637 2021 734 2093 polius
751 2022 834 2078 ntiles
845 2036 933 2093 quam
946 2020 993 2079 Cn.

60 2107 146 2179 mpei
159 2104 262 2175 factus
277 2120 367 2163 essem
383 2111 412 2162 el
427 2104 506 2162 dane
517 2106 631 2162 virtulis
641 2107 833 2163 constantiam
845 2105 874 2162 in
887 2114 938 2163 tna
949 2108 993 2165 vi-

60 2194 131 2259 ria,
152 2204 210 2246 non
231 2191 261 2246 in
273 2190 351 2247 illins
367 2191 739 2262 colamilatepraeslarem.
764 2188 851 2247 Cuius
858 2188 995 2261 funestae

60 2275 129 2332 ides
141 2275 278 2346 qnoniam
290 2274 332 2330 ad
341 2274 419 2332 lianc
428 2273 582 2344 fortunam
599 2274 783 2344 reciderant,
804 2282 835 2333 ul
845 2276 921 2333 ciues
932 2274 988 2333 Ilo

60 2361 106 2417 nti
122 2358 286 2429 indipentes
299 2358 448 2431 praesidii
463 2358 501 2391 **
518 2365 547 2416 el
560 2366 684 2433 propter
699 2360 819 2431 patriae
837 2362 996 2418 luctuosam

60 2444 185 2500 rniciem
197 2442 332 2499 dedimra·
342 2442 464 2499 ltoslium
476 2457 610 2501 numere.
623 2446 675 2515 qni
684 2459 777 2514 neque
788 2444 817 2499 in
831 2444 911 2501 illius
919 2460 977 2517 pro

60 2543 114 2586 era
132 2528 197 2584 acie
211 2527 339 2599 primam
355 2526 524 2597 fortunam,
546 2543 638 2599 neque
654 2529 685 2585 in
703 2526 830 2584 adt-'ersa
841 2528 999 2586 secundam

60 2612 198 2669 tinuimus
207 2613 389 2681 [uictoriamJ.
400 2608 456 2679 tini
464 2611 608 2681 lepionnm
616 2618 654 2669 tol
664 2614 787 2685 impetus
798 2619 998 2683 sustentantes,

61 2696 178 2755 elnrnis
190 2696 361 2767 diurnisque
372 2694 548 2766 lcnrporr'lrus
556 2695 725 2765 alodiorum
738 2697 811 2753 ictus
822 2698 999 2770 telorumque

61 2783 130 2839 'ssus
140 2786 343 2852 expectantes,
361 2780 458 2837 relicti
470 2786 498 2836 el
508 2777 617 2836 deserti
631 2796 651 2836 a
663 2780 815 2852 Pompei0,
833 2788 884 2837 lna
897 2782 1000 2841 airlnle

61 2866 161 2939 perati
176 2867 298 2922 salntem
317 2879 336 2920 a
354 2872 404 2921 tua
418 2865 571 2921 clementia
589 2863 785 2937 deposcimus,
806 2865 946 2936 petimus,
968 2871 1001 2925 nl

64 2951 141 3007 alem
161 2947 199 2981 **
221 2947 355 3020 pentibus
375 2964 420 3005 me
427 2948 566 3020 praestiti
571 2991 579 3017 ,
601 2949 722 3007 similem
740 2949 772 3005 in
787 2949 894 3006 civium
912 2949 1000 3009 dedi-

61 3050 101 3092 me
106 3033 279 3108 praestabo.

108 3115 216 3174 xvtn.
239 3114 386 3173 Remissis
413 3113 520 3187 tegatis
547 3129 616 3172 enm
640 3116 680 3174 ad
705 3122 823 3188 portam
843 3116 1000 3176 venissent

61 3201 327 3265 fiTuttinsetcum
343 3198 544 3258 introiiuntem
559 3199 589 3258 C.
599 3199 750 3259 Antonius
766 3199 922 3259 insecutus
938 3216 997 3260 non

61 3293 117 3359 set,
133 3283 259 3345 revertit
274 3284 311 3342 ud
328 3291 445 3357 portam
462 3291 491 3341 et
505 3282 656 3341 hominem
672 3282 881 3357 adprehendit.
910 3283 997 3358 Quod

61 3370 164 3431 bertus
181 3384 249 3428 cum
265 3367 329 3427 nen
346 3368 571 3441 animadvertit,
600 3368 688 3428 simut
710 3368 873 3442 pugionem
893 3369 997 3431 eduxit

67 3470 194 3517 manum
210 3454 275 3513 eius
290 3452 401 3512 incidit
431 3453 475 3513 lta
494 3453 673 3533 refugerunt
686 3452 727 3515 ad
740 3452 919 3515 Caesonem.
937 3452 1008 3515 im-
