2272 4176
112 184 160 225 nu
183 182 354 225 commune
378 183 618 227 conruunrroue
640 185 668 228 c.
691 178 733 230 tl.
754 178 797 231 25.
819 178 862 232 26.
941 167 977 227 13
1041 163 1044 169 ’

10 350 82 394 ivos
107 332 235 409 adeptus
253 330 336 391 ioret.
379 331 428 392 Set
449 333 500 392 ubi
527 332 691 407 periculum
716 334 843 401 advenit,
871 336 976 395 invidia

10 436 78 497 [pue
98 414 243 493 superbia
262 422 328 490 post
346 414 457 474 luere.¹

70 499 173 577 Igitur
195 499 316 557 comitiis
334 496 439 559 habitis
456 499 590 559 consules
609 499 796 560 declarantur
812 502 848 561 ll.
865 501 1036 562 Tulliusll·

19 586 66 647 G.
83 583 242 643 Antonius.
266 579 350 650 Quod
366 580 475 643 iactum
490 585 585 660 primo
604 584 754 661 popularis
769 587 1002 645 coniurationis2

10 672 202 729 ncusserat:
222 682 318 742 neque
338 672 436 725 tamur
451 665 589 727 Catilinae
606 666 692 726 iuror
710 669 912 737 minuebatur,
933 676 978 729 set

25 750 104 812 dies
125 748 212 826 plura
226 750 350 824 agitare:
373 766 453 808 arma
469 767 522 827 per
542 749 654 810 ltaliam
668 749 740 810 locis
755 755 907 829 oportunis
924 770 989 829 pa·‚.

10 852 70 903 ro,
95 832 257 913 pecuniam
278 849 330 891 sua
352 839 402 892 aut
423 834 583 893 amicorum
600 834 658 894 lide
676 841 821 911 sumptam
845 843 974 896 mutuam

10 915 135 981 resulas
155 914 192 975 ad
213 913 350 975 Manlium
372 916 516 993 quendam
539 923 673 994 portare,
698 920 747 995 qui
771 926 871 995 postea
893 922 973 995 prin-

10 1020 56 1081 ps
73 1001 136 1062 luit
149 997 219 1059 belli
235 999 373 1060 faciundi.
408 999 449 1059 Ea
469 1006 642 1078 tempestate
659 999 811 1077 plurumos
835 1005 1002 1080 cuiusqucu

10 1086 116 1147 meris
129 1082 271 1143 ‘homines
291 1082 445 1142 adscivisse
466 1084 522 1143 sihi
541 1084 655 1153 dicitur,
672 1083 809 1145 mulieres
825 1087 909 1145 etiam
924 1086 974 1146 ali·

10 1176 75 1238 rot,
104 1185 184 1247 quae
204 1167 301 1243 primo
322 1167 447 1242 ingentis
468 1174 603 1246 sumptus
622 1174 724 1245 stupro
747 1172 880 1247 corporis
901 1171 973 1229 tole-

10 1258 145 1320 verant,
168 1257 235 1328 post
255 1249 306 1310 ubi
321 1256 400 1310 aetas
422 1257 533 1310 tantum
555 1251 643 1311 modo
664 1254 796 1330 quaestui
818 1271 914 1331 neque
930 1253 974 1312 lu·

10 1337 93 1397 uriae
116 1334 238 1395 modum
261 1332 386 1402 lecerat,
416 1352 464 1394 aes
486 1334 611 1394 alienum
635 1336 745 1411 grande
767 1336 972 1396 conflaverant.

10 1438 41 1481 u·
62 1436 118 1479 eas
140 1435 173 1477 se
193 1416 311 1477 Catilina
335 1417 474 1478 credebat
494 1435 581 1495 posse
603 1420 719 1479 servitia
741 1419 853 1479 urbana
868 1419 997 1483 sollici-4

10 1520 67 1572 re,
88 1499 198 1563 urbem
214 1501 382 1568 incendere,
405 1502 482 1560 viros
497 1519 598 1562 earum
620 1500 664 1561 rol
684 1502 843 1578 adiungere
859 1503 913 1562 sibi
928 1503 972 1562 vel

10 1584 170 1649 teriiccre.

74 1669 130 1730 Set
148 1669 179 1729 in
201 1668 243 1729 eis
265 1673 328 1727 erat
348 1667 536 1744 Sempronia,
567 1686 642 1745 quae
664 1667 753 1727 multa
775 1686 861 1744 saepo
885 1668 1022 1728 virilis25

10 1754 134 1815 ndaciac
151 1751 280 1811 facinora
303 1753 486 1812 conmiserat.
532 1751 611 1812 llaec
633 1750 738 1812 mulier
756 1767 864 1827 genero
887 1761 998 1828 atque2

10 1854 102 1905 uma,
131 1842 284 1913 praeterea
307 1836 370 1894 viro
395 1833 495 1895 liberis
516 1837 584 1895 satis
604 1835 751 1894 fortunata
774 1835 839 1895 suit:
868 1835 972 1895 litteris

10 1920 114 1983 raecis
135 1925 165 1981 et
183 1917 291 1978 Latinis
311 1918 409 1987 docta,
429 1918 554 1996 psallere
575 1917 680 1979 saltare
703 1918 861 1993 elegantius
885 1935 970 1995 quam

10 2020 114 2067 ecesse
136 2009 182 2064 est
200 2000 326 2081 probae,
348 2002 438 2063 multa
455 2002 519 2070 alia,
535 2020 609 2079 quae
628 2003 818 2061 instrumenta
840 2000 971 2062 luxuriae

10 2095 67 2149 mi.
101 2087 154 2148 Set
175 2087 202 2147 ei
223 2087 336 2145 cariora
358 2103 475 2163 semper
494 2087 589 2145 omnia
607 2103 694 2163 quam
712 2085 802 2145 decus
817 2093 903 2162 atque
918 2097 998 2161 prr-3

10 2172 88 2233 icitia
105 2170 174 2231 luit:
191 2170 333 2247 pecuniae
352 2186 388 2228 an
404 2169 498 2230 lamae
511 2170 608 2229 minus
623 2176 773 2245 parceret,
795 2168 865 2228 haut
888 2168 972 2227 lacile
1045 2179 1047 2183 ’

10 2256 191 2317 iocerneres:
214 2251 345 2313 lubidine
364 2254 406 2312 sic
420 2252 560 2321 adcensa,
583 2259 616 2311 ut
634 2253 749 2329 saepius
766 2258 879 2329 peteret
895 2253 971 2311 uiros

10 2356 80 2401 unm
96 2344 255 2415 peteretur.
302 2336 352 2397 Set
374 2355 407 2397 ea
429 2353 516 2414 saepe
537 2336 660 2395 antehac
680 2335 768 2395 fidem
789 2335 995 2413 prodiderat‚4

10 2420 134 2483 reditum
150 2420 350 2487 alriuraverat,
376 2420 472 2480 caedis
487 2422 602 2480 conscia
617 2419 725 2479 iuerat:
749 2418 863 2479 luxuria
884 2427 970 2496 atque

10 2506 89 2583 ropia
103 2521 246 2581 praeceps
261 2502 381 2563 abierat.
412 2504 520 2563 Verum
539 2504 689 2578 ingenium
704 2503 766 2562 eius
781 2503 852 2561 lraut
868 2502 997 2563 elisur-o

10 2606 77 2649 um:
91 2604 179 2666 posse
194 2604 296 2647 versus
313 2586 424 2655 iacere,
448 2590 544 2646 iocum
560 2603 694 2653 movere,
715 2603 851 2645 sermone
870 2588 911 2644 uti
929 2585 971 2645 vel
1084 2648 1087 2657 ,

10 2670 125 2733 rodesto
140 2669 183 2731 rel
197 2669 278 2730 molli
292 2669 340 2730 rel
354 2672 488 2748 procaci:
506 2687 628 2746 prorsus
642 2667 751 2729 multae
763 2669 881 2728 lacetiae
897 2669 971 2728 mul-

10 2770 98 2833 soque
115 2754 197 2832 lepos
212 2755 314 2814 inerat.

76 2837 126 2899 llis
136 2838 227 2898 rebus
239 2839 403 2914 conparatis
415 2835 533 2896 Catilina
545 2835 635 2896 nilrilo
647 2838 742 2896 minus
754 2837 783 2894 in
795 2853 971 2912 proxumum
982 2834 1021 2895 26

10 2938 101 2983 unum
122 2920 305 2982 consulatum
327 2920 456 2997 petebat,
486 2937 622 2996 sperans,
650 2922 674 2979 si
697 2920 863 2994 designatus
885 2918 969 2987 iuret,

10 3004 77 3067 stilo
101 3022 133 3065 se
158 3022 195 3065 ex
222 3002 369 3065 voluntate
396 3004 520 3063 Antonio
549 3021 682 3064 usurum.
731 3003 832 3078 Neque
861 3003 971 3061 interea

10 3089 110 3163 [uictm
129 3097 203 3157 erat,
226 3094 271 3147 set
290 3086 426 3147 omuibus
441 3088 536 3146 modis
557 3087 674 3147 iusidias
687 3083 811 3163 parabat
828 3083 969 3145 Ciceroni.

10 3170 95 3250 loque
116 3171 156 3232 illi
171 3179 268 3232 tamen
290 3172 326 3230 ad
349 3171 508 3230 carendum
525 3168 608 3230 dolus
627 3178 677 3229 aut
698 3170 818 3228 astutiae
838 3167 997 3230 deerant.·2

10 3252 126 3335 lamque
154 3274 171 3315 a
197 3255 341 3333 principio
372 3253 539 3313 consulatus
561 3253 606 3313 sui
626 3252 714 3312 multa
736 3251 899 3329 pollicendo
918 3269 972 3329 per
982 3263 998 3311 3

10 3336 123 3399 'ulrum
141 3339 293 3405 elicuerat,
316 3344 349 3398 ut
362 3339 396 3409 Q.
413 3337 531 3404 Curius,
552 3336 589 3396 dc
604 3355 663 3413 quo
678 3334 765 3413 paulo
780 3341 846 3394 ante
860 3352 970 3395 memo·
1100 3336 1103 3341 ’

10 3422 64 3493 ari,
79 3422 199 3483 comnia
209 3420 346 3482 Catilinae
362 3421 415 3481 sibi
432 3421 584 3498 proderet:
596 3419 632 3478 ad
648 3420 704 3479 lroc
719 3417 869 3493 conlegam
885 3436 1000 3481 suumn
