2272 4176
128 513 170 577 86
424 514 476 575 DE
497 514 622 575 BELLO
647 511 812 575 cantico

129 666 243 729 Galliae
256 673 367 744 motus,
380 682 482 743 neque
493 667 618 727 multum
630 664 757 727 aestatis
771 676 978 748 superessett

128 753 217 814 facile
232 752 351 814 extrahi
365 768 463 828 posse
476 752 680 826 intellegeret,
698 749 827 812 obsides
842 752 970 831 imperat

128 839 157 899 in
179 853 277 899 annos
303 838 443 912 singulos
469 834 627 910 vectigalis
651 836 771 912 populo
790 836 932 902 Romano
951 840 978 901 n

128 923 278 999 penderet
299 922 472 991 constituit;
498 919 651 981 interdicit
675 927 771 996 atque
796 922 931 998 imperat
954 925 978 985 ca

128 1010 229 1083 launo,
246 1022 285 1065 ne
298 1005 520 1067 Mandubracio
536 1020 597 1067 neu
610 1004 851 1067 Trinobantibus
866 1016 977 1070 noceat

209 1091 314 1151 Xlllll.
332 1089 499 1150 Obsidibus
507 1088 643 1164 acceptis
655 1089 826 1150 exercitum
836 1092 978 1154 reducito

127 1191 222 1237 naves
237 1175 354 1235 invenit
367 1175 510 1234 reiectas.
531 1173 586 1233 His
602 1172 752 1250 deductis,
771 1176 858 1249 quod
872 1183 904 1236 et
918 1193 978 1253 cap

128 1276 270 1336 magnum
286 1275 447 1319 numerum
461 1257 609 1332 habebat,
632 1264 663 1318 et
677 1260 844 1320 nonnullae
856 1267 974 1336 teutpes

128 1346 283 1422 perierant
296 1358 409 1417 naves,
433 1343 556 1403 duobus
579 1343 799 1404 commeatibus
816 1346 978 1406 exercitum

129 1438 192 1490 tare
207 1429 343 1489 instituit.
369 1429 416 1488 Ac
431 1428 477 1487 sic
492 1425 611 1499 accidit,
626 1426 670 1486 uti
685 1443 725 1487 ex
738 1434 823 1492 tauto
842 1430 966 1491 navium

129 1519 172 1574 tot
186 1511 434 1585 navigationibus
456 1525 558 1586 neque
578 1509 755 1586 horaeque
770 1513 936 1587 superiore
950 1531 978 1574 ar

129 1597 250 1658 omniuo
266 1597 364 1670 navia,
381 1610 461 1671 quae
476 1596 586 1654 milites
600 1600 745 1669 portaret,
762 1595 978 1658 desiderarem

128 1683 180 1755 iis,
208 1695 288 1756 quae
309 1681 417 1740 inanes
438 1695 479 1739 ex
500 1678 668 1739 continenti
688 1679 729 1738 ad
750 1695 821 1739 eum
836 1683 978 1742 remitten

127 1765 239 1841 prioris
255 1771 443 1825 commeatus
459 1763 609 1839 expositis
624 1762 769 1823 militibus
785 1770 816 1823 et
832 1781 912 1840 quas
927 1783 978 1842 por

127 1849 236 1909 bicnus
252 1849 411 1908 iaciendas
429 1853 591 1908 curaverat
604 1862 731 1907 numero
746 1863 794 1922 ax,
810 1864 978 1924 perpauca

128 1938 281 2009 caperent,
296 1932 435 2006 retiquae
449 1934 513 1992 lere
529 1946 635 1993 omnes
651 1930 848 1992 reicerentur.
872 1933 955 2007 Quas
971 1953 978 1995 t

130 2017 275 2093 quamdiu
297 2016 410 2076 Caesar
425 2018 538 2077 trustra
553 2022 765 2091 expectasset,
792 2032 832 2076 ne
848 2019 920 2078 anni
936 2026 978 2079 tea

130 2102 322 2176 navigatione
348 2101 578 2173 excluderetur,
610 2100 694 2175 quod
718 2101 951 2175 aequinoctium
972 2121 978 2164 r

128 2187 306 2247 necessario
328 2184 488 2258 angustius
509 2185 620 2243 milites
644 2184 817 2244 conlocavit
838 2201 876 2245 ao
891 2203 978 2248 sumu

131 2271 275 2346 quillitate
298 2276 479 2342 consecuta,
506 2268 643 2328 secunda
658 2268 731 2327 inita
746 2283 815 2328 cum
831 2272 979 2332 solvisset

128 2355 226 2430 prima
250 2355 319 2413 luce
350 2359 461 2411 terram
495 2352 591 2427 attigit
616 2368 786 2428 omnesque
811 2354 978 2416 incolumes

129 2437 279 2516 perduxit.

209 2520 316 2581 XXIV.
340 2519 506 2581 Subductis
522 2521 652 2581 navibus
669 2521 864 2597 concilioque
880 2523 978 2584 Gallor

129 2605 319 2666 marobrivae
340 2611 482 2681 peracto,
509 2606 593 2680 quod
609 2620 646 2666 eo
667 2622 746 2666 anno
763 2607 949 2667 frumentum
963 2609 978 2667 ir

127 2695 254 2767 propter
269 2689 423 2749 siccitates
440 2690 600 2764 angustius
619 2697 819 2765 provenerat,
842 2699 970 2753 coactus

128 2782 173 2837 ter
187 2789 223 2833 ac
240 2773 450 2848 superioribus
466 2774 554 2834 annis
569 2775 736 2835 exereitum
751 2774 780 2832 in
792 2774 931 2836 hibernis
944 2793 979 2837 co

128 2861 328 2934 legionesque
350 2857 380 2915 iu
402 2859 508 2931 plures
531 2857 670 2918 civitates
693 2858 887 2919 distribuere.
923 2861 970 2920 Ex

130 2960 219 3004 unam
234 2942 264 3001 iu
279 2941 417 3001 Morinos
433 2940 606 3003 ducendam
622 2943 697 3003 Gaio
712 2941 807 3003 Fabio
823 2945 925 3018 legato
942 2946 978 3004 de

130 3036 224 3087 teram
238 3027 268 3086 in
283 3025 412 3086 Nervios
428 3025 462 3100 Q.
479 3027 633 3101 Ciceroni,
660 3028 778 3089 tertiam
799 3026 829 3086 in
843 3027 978 3090 Esuvios

129 3112 211 3180 scio;
229 3117 367 3186 quartam
379 3110 408 3168 iu
416 3110 520 3170 Remis
537 3112 643 3173 oumT.
651 3112 786 3172 Labieno
802 3112 832 3170 in
849 3114 978 3173 confinio

128 3211 232 3255 rorum
252 3194 387 3254 hiemare
408 3195 514 3265 iussit;
542 3201 604 3256 tres
621 3198 650 3256 in
665 3197 768 3271 Belgis
785 3198 974 3258 conlocavit=

130 3280 274 3341 Crassum
296 3285 493 3353 quaestorem
516 3286 545 3339 et
558 3280 592 3339 L.
607 3281 775 3341 Munatium
791 3280 938 3341 Plancum
952 3288 978 3341 et

127 3363 312 3425 Trebonium
327 3366 444 3438 legatos
460 3364 616 3439 praefecit.
633 3367 732 3426 Unam
746 3365 908 3441 legionem,
926 3381 978 3440 qua

130 3449 210 3509 xlme
225 3455 309 3508 trans
325 3447 440 3508 Padum
456 3447 698 3521 conscripserat,
715 3454 745 3506 et
761 3447 904 3508 cohortes
922 3450 978 3524 quit

128 3532 301 3609 Eburones,
319 3549 448 3609 quorum
462 3549 535 3608 pars
551 3531 683 3590 maxima
697 3537 744 3590 est
758 3532 964 3593 interMosam

131 3633 216 3691 uum,
235 3618 287 3692 qui
303 3618 360 3678 sub
376 3618 503 3694 imperio
518 3615 704 3688 Ambiorigis
720 3621 750 3674 et
765 3617 923 3678 Catuvolci
938 3633 978 3676 era

131 3699 179 3757 sit.
208 3701 263 3759 His
285 3703 431 3763 militibus
453 3702 486 3774 Q.
508 3698 653 3759 Titurium
675 3697 822 3760 Sabinum
843 3707 873 3761 et
892 3701 926 3760 L.
940 3703 978 3760 m

131 3781 222 3842 leium
244 3783 361 3842 cottam
381 3788 500 3859 legatos
522 3796 670 3859 praeesse
687 3782 787 3844 iussit.
816 3783 867 3844 Ad
881 3785 978 3846 huuc¹
