2272 4176
10 39 177 143 F..

415 173 532 235 LIBER
552 175 604 234 lv.
954 170 994 237 67

19 325 150 405 portari,
176 323 265 386 omni
281 342 376 402 opere
389 326 498 388 effecto
514 328 665 388 exercitus
682 326 855 389 traducitur.
890 329 1003 391 Caesar

21 414 58 473 od
69 419 243 487 utramque
256 420 375 488 partem
382 412 485 488 pontis
493 414 580 473 firmo
593 413 749 487 praesidio
763 414 867 474 relicto
880 414 910 473 in
923 415 1003 475 flues

22 496 269 571 Sugambrorum
286 499 448 558 contendit.
477 497 632 558 Interima
654 498 852 571 conpluribus
876 499 1002 560 eivitati-

24 580 77 641 bus
98 580 142 641 ad
164 597 238 641 eum
259 582 350 656 legati
370 582 512 651 ueniunt3
541 582 651 657 quibus
668 598 775 656 pacem
793 591 883 656 atque
899 584 1000 642 annici-

25 666 90 725 tiam
117 665 299 739 petentibus
326 666 488 725 liberaliter
513 666 675 740 respondit
696 666 884 740 obsidesque
907 667 946 724 ad
967 683 1002 725 se

28 750 135 809 adduci
151 750 248 809 iubet.
280 749 440 824 Sugambri
457 766 496 809 ex
511 765 548 808 eo
563 757 716 824 tempore,
744 766 804 825 quo
820 766 899 825 pons
916 750 1000 810 insti-

28 834 65 895 tui
80 841 215 908 coeptus
231 842 288 907 est,
311 834 383 908 luga
398 842 576 910 comparata
590 834 780 895 hortantibus
797 834 842 909 iis,
867 850 945 909 quos
963 849 1000 892 ex

27 918 181 978 Tencteris
212 925 305 993 atque
326 918 504 992 Usipetibus
526 919 609 993 apud
631 934 665 978 se
686 919 855 993 habebant,
888 918 1000 979 linibus

30 1003 88 1063 suis
109 1008 316 1062 excesserant
336 1018 455 1078 suaque
476 1003 578 1064 omnia
599 1010 837 1077 exportaverant
852 1018 950 1077 seque
971 1001 999 1060 in

31 1087 222 1146 solitudinem
238 1102 275 1146 ac
285 1088 384 1146 silvas
400 1087 589 1147 abdiderant.

102 1171 182 1231 XIX.
208 1171 323 1230 Caesar
343 1187 460 1246 paucos
482 1173 549 1231 dies
571 1172 600 1229 in
617 1187 722 1231 eorum
738 1172 850 1232 linibus
864 1178 999 1232 moratus

32 1255 166 1316 omnibus
187 1254 267 1314 vicis
289 1256 499 1331 aedificiisque
515 1256 649 1315 incensis
665 1257 885 1330 hunrentisque
902 1257 997 1316 sueci-

32 1339 69 1399 sis
83 1355 118 1399 se
132 1339 165 1398 in
180 1339 261 1399 fines
276 1338 424 1400 Ubiorum
438 1341 571 1414 recepit,
592 1341 734 1415 atqueiis
752 1340 895 1401 auxilium
911 1357 998 1400 suum

32 1422 195 1498 pollicitus,
214 1423 241 1483 si
256 1423 295 1497 ab
312 1422 421 1483 Sueris
437 1432 661 1499 premerentur,
684 1423 762 1484 haec
778 1425 815 1484 ab
831 1425 868 1484 iis
886 1440 998 1498 cogno·

31 1508 80 1567 rit:
106 1507 248 1582 Suevos,
270 1514 474 1583 posteaquam
496 1524 552 1582 per
567 1511 778 1583 exploratores
794 1517 918 1582 pontem
934 1509 999 1567 lieri

31 1591 260 1666 comperissent,
276 1607 361 1652 more
376 1609 432 1653 suo
449 1593 578 1652 coneilio
593 1593 700 1652 habito
713 1595 836 1653 nuntios
849 1594 878 1652 in
892 1608 998 1653 omnes

30 1684 127 1751 partes
154 1675 328 1751 dimisisse,
351 1677 393 1736 uti
419 1678 458 1736 de
479 1677 601 1752 oppidis
630 1677 848 1751 demigrarent,
874 1679 997 1752 liberos

30 1776 140 1821 uxores
157 1775 280 1835 suaque
295 1761 396 1821 emnia
410 1761 440 1826 in
456 1762 542 1821 silvis
558 1762 757 1836 deponerent,
774 1770 865 1836 atque
881 1777 998 1837 omneS,

29 1846 76 1921 qui
95 1860 183 1904 arma
205 1846 287 1904 ierne
309 1853 454 1920 possent,
484 1863 579 1906 unum
606 1847 636 1904 in
662 1847 762 1906 locum
785 1847 998 1906 convenirent:

28 1928 103 1989 bunc
118 1945 193 1989 esse
209 1929 362 1990 delectum
377 1930 510 1989 medium
526 1932 590 1989 iere
604 1931 763 2004 regionum
779 1947 897 2004 earum,
921 1947 998 2005 quas

29 2012 115 2073 Sueti
131 2013 324 2073 obtinerent:
350 2013 398 2073 hic
419 2015 626 2074 Romanorum
649 2017 811 2074 adventum
834 2024 999 2090 expectare

28 2106 112 2172 utque
127 2097 170 2157 ibi
186 2099 347 2157 decertare
364 2100 567 2158 constituisse.
585 2101 672 2172 Quod
687 2100 737 2158 ubi
749 2101 860 2159 Caesar
877 2117 998 2174 compe-

27 2182 68 2255 rit,
85 2182 229 2242 omnibus
245 2183 339 2241 rebus
355 2183 391 2241 iis
404 2184 560 2255 conlectis
578 2200 704 2258 cpiarum
721 2199 820 2242 rerum
834 2200 928 2244 eausa
940 2195 997 2244 tra-

28 2265 135 2326 ducere
152 2267 321 2326 exereitum
338 2268 541 2340 constituerat,
558 2276 590 2327 ut
607 2269 764 2326 Germanis
779 2276 891 2327 metum
907 2269 996 2327 inice-

26 2358 80 2423 ret,
95 2357 130 2411 ut
145 2349 337 2425 Sugambros
353 2352 567 2425 ulcisceretur,
590 2359 623 2412 ut
636 2353 732 2412 Ubios
749 2353 910 2412 obsidione
926 2353 995 2412 libe-

26 2443 117 2507 raret,
146 2434 258 2494 diebus
282 2435 404 2496 omnino
421 2437 526 2495 decem
542 2446 571 2496 et
587 2445 655 2496 octo
671 2444 755 2497 trans
771 2437 909 2496 lthenum
927 2453 998 2496 con-

27 2519 153 2593 sumptis
180 2518 258 2578 satis
285 2527 314 2579 et
339 2521 376 2578 ad
399 2522 518 2580 laudem
541 2529 570 2581 et
591 2522 630 2580 ad
650 2521 805 2581 utilitatem
829 2522 997 2594 proiectum

27 2602 186 2663 arbitratus
204 2619 239 2662 se
255 2603 284 2661 in
301 2603 426 2663 Galliam
442 2605 557 2679 recepit
573 2614 759 2680 pontemque
774 2605 908 2664 rescidit.

101 2686 167 2747 XX.
196 2685 318 2762 Exigua
339 2697 424 2762 parte
446 2691 570 2749 aestatis
594 2691 713 2764 reliqua
737 2690 863 2763 Caesar,
889 2689 945 2749 etsi
967 2687 997 2747 in

10 2768 70 2831 ¹hia
84 2773 172 2845 loeiS,
190 2772 275 2846 quod
292 2773 390 2833 omnis
407 2774 503 2833 Gallia
518 2775 556 2833 ud
573 2775 797 2850 septentriones
812 2775 918 2847 vergit,
935 2789 996 2831 ma-

10 2852 107 2919 iturae
123 2864 196 2915 sunt
212 2855 344 2930 hiemes,
372 2865 469 2917 tamen
493 2859 522 2916 in
544 2859 730 2919 Britanniam
753 2859 909 2933 proficisci
925 2874 996 2917 con-

35 2940 125 3014 tendit,
143 2941 228 3014 quod
246 2941 386 3001 omnibus
404 2943 468 3001 lere
485 2943 608 3003 Gallicis
624 2944 711 3003 bellis
726 2944 866 3003 hostibus
882 2941 996 3001 nostris

36 3018 95 3083 lule
108 3024 349 3084 sumministrata
364 3027 475 3085 auxilia
491 3027 683 3102 intellegebat
698 3035 735 3099 et,
752 3028 778 3087 si
792 3034 912 3099 tempus
925 3025 996 3084 anni

40 3105 184 3168 edbellum
196 3110 364 3182 gerendum
379 3110 531 3183 deiiceret,
541 3118 640 3171 tamen
654 3128 765 3185 magno
780 3110 838 3169 sibi
852 3108 921 3168 usui
931 3109 997 3169 iore

28 3188 248 3267 arbitrabatur,
258 3193 285 3252 si
301 3194 392 3255 modo
408 3194 538 3255 insulam
553 3197 670 3256 adisset
685 3203 715 3255 et
728 3211 825 3269 genus
840 3192 996 3255 hominum
1011 3224 1015 3275 j

34 3277 251 3353 ,perspexisset
279 3279 362 3351 loca,
386 3286 509 3353 portus,
544 3281 645 3341 aditus
670 3278 883 3354 cognovissem
917 3290 1004 3354 quae-

49 3360 126 3421 unia
147 3362 213 3421 lere
235 3361 330 3421 Gallis
353 3370 440 3424 erant
460 3364 623 3439 incognita.
652 3365 759 3444 Neque
781 3363 861 3423 enim
880 3370 998 3423 temere

51 3452 145 3517 praeut
164 3453 356 3523 mercatqres
376 3447 427 3508 illo
449 3449 512 3510 adit
532 3445 712 3530 quisquam,
738 3465 843 3575 neque
860 3449 902 3511 iis
918 3446 1003 3526 ipsis

753 3550 771 3604 b
