2272 4176
122 476 185 543 aar
520 481 697 544 causans
805 570 809 575 ἡ
919 459 923 465 ’

485 654 523 695 nn
537 656 566 695 n.
578 654 719 696 susurru.
768 712 771 717 Ι

201 724 241 791 (α.
252 716 309 791 48)
323 720 397 779 ntra
409 724 434 779 b.
445 721 526 780 Aba.
540 719 594 795 42,
609 721 643 784 5:
666 722 735 780 Cum
752 724 950 783 diversissima
958 730 1038 801 perte
1050 738 1089 780 or·

119 807 162 863 bis
172 811 309 864 terrarum
324 805 372 864 Cn.
383 808 547 881 Pompeium
559 806 663 866 Caesar
680 809 770 868 victor
789 814 959 882 sequeretur
973 809 1090 883 complu·

119 907 221 964 resque
244 892 423 952 adversarios
446 894 475 949 in
493 893 634 965 illyricum
652 901 768 968 propter
781 893 972 952 Macedoniae
984 894 1090 969 propin·

120 977 250 1047 quitatem
265 994 295 1034 se
310 977 433 1049 reliquiis
448 994 484 1035 ex
498 979 564 1051 iuga
579 979 701 1035 collectis
717 980 871 1036 contulisse
882 978 1007 1049 adduct,
1027 980 1089 1035 litte

119 1078 165 1118 raa
180 1062 218 1118 ad
228 1061 372 1119 Gabinium
387 1063 477 1135 mittit,
498 1063 537 1119 uti
552 1079 615 1119 cum
628 1064 786 1137 legionibus
799 1064 941 1135 tironum,
962 1079 1033 1138 quae
1045 1079 1089 1119 nu·

118 1163 170 1220 per
185 1154 263 1203 erant
279 1149 469 1220 conscriptae,
491 1146 717 1222 proficisceretur
729 1150 759 1205 in
771 1149 918 1221 illyricum
933 1149 1088 1205 coniunctis·

119 1248 173 1304 que
196 1233 283 1306 copiis
306 1250 368 1290 curn
391 1232 423 1302 Q.
436 1230 599 1303 Cornificio,
626 1234 651 1288 si
672 1232 749 1306 quod
762 1234 923 1306 periculum
936 1232 1090 1306 provinciae

52 1365 55 1369 .
119 1318 278 1390 inferretur,
301 1318 469 1391 depelleret3
492 1318 534 1373 sin
547 1333 582 1373 ea
593 1334 649 1373 non
659 1318 769 1391 magnis
781 1317 872 1391 copiis
885 1324 946 1375 tnta
960 1334 1022 1376 aare
1031 1334 1087 1392 pos-

120 1409 174 1474 set,
197 1404 225 1458 in
239 1403 434 1459 Macedoniam
448 1403 575 1475 legiones
591 1402 752 1459 adduceret.

351 1522 388 1560 ao
404 1521 429 1570 p.
442 1518 558 1561 cassrvu
570 1520 716 1561 roucnvu.
739 1508 780 1575 (a.
792 1498 860 1576 48.)

113 1584 115 1591 '
198 1588 272 1644 Hirr.
285 1589 308 1645 b.
320 1589 399 1646 Alco.
411 1587 467 1659 51,
490 1587 523 1648 12
551 1589 663 1644 Interim
682 1590 787 1646 litteras
807 1589 920 1662 accepit
935 1605 954 1646 a
968 1585 1084 1657 Caesare,

119 1680 148 1728 ut
163 1675 192 1728 in
202 1673 323 1730 Africam
340 1675 491 1730 exercitum
507 1674 635 1729 traiceret
648 1690 755 1746 perque
766 1673 968 1730 Mauritaniam
979 1672 1014 1729 ad
1025 1672 1084 1729 fines

118 1759 264 1815 Numidiae
284 1759 458 1832 perveniret,
477 1757 554 1831 quod
573 1774 676 1831 magna
690 1756 739 1815 Cn.
750 1759 886 1832 Pompeio
900 1758 972 1815 lnba
986 1759 1083 1814 miserat
1110 1826 1116 1837 Ι

121 1845 222 1900 auxilia
237 1845 399 1915 maioraque
414 1844 550 1898 missurus
566 1842 782 1899 existimabatur.

197 1928 275 1986 Idem
288 1929 350 1985 ibid.
362 1926 417 1996 56,
438 1926 472 1986 1:
494 1928 610 1982 litteras
626 1925 775 1984 adaesare
787 1928 891 1983 missas
906 1928 1019 2001 accipit,
1034 1927 1081 1998 qui·
1113 1910 1120 2006 ξ

120 2016 169 2069 bus
187 2016 331 2086 cognoscit
340 2012 502 2084 Pompeium
519 2012 547 2066 in
561 2012 622 2067 acie
632 2012 736 2069 victum
748 2013 860 2068 arnissis
876 2013 966 2085 copiis
982 2012 1080 2083 fugisse.
1117 2022 1120 2047 ¹

497 2129 534 2166 ao
549 2128 703 2169 nunurrvrc.

200 2199 240 2264 (α.
252 2195 306 2266 47)
328 2196 399 2251 Prot
420 2196 495 2253 Caes.
516 2193 570 2256 50:
602 2196 659 2293 Τῆς
673 2187 767 2271 μάχης
781 2186 890 2290 ταύτης
905 2215 962 2272 την
974 2186 1080 2273 eivenit

119 2275 169 2335 καὶ
188 2299 219 2335 ro
241 2299 326 2355 ταχος
345 2266 532 2356 ἀναγγέλλων
552 2275 592 2348 εἷς
608 2268 721 2377 Ρωμην
742 2270 816 2357 πρός
836 2298 904 2337 τινα
924 2283 984 2338 τῶν
1002 2279 1080 2356 φίλων

117 2351 271 2438 Ἀμάντιον
289 2361 399 2441 ἔγραψε
413 2381 489 2440 τρεις
503 2363 519 2418 λ
522 2358 612 2434 έ·ξεις
629 2348 755 2438 Hicine,
778 2354 926 2439 sidonio
907 2363 1022 2442 νίκησα.

431 2474 773 2521 noc.urcnt1vrrdnrvvu.

201 2546 309 2604 Sueten.
326 2549 401 2605 Caes.
414 2547 469 2609 73:
499 2547 527 2604 C.
541 2547 626 2606 Calvo
641 2551 731 2621 posti
730 2566 827 2606 amosa
842 2551 1043 2623 epigrammata
1055 2551 1080 2605 de

121 2634 342 2690 reconciliatione
357 2650 408 2704 per
423 2635 527 2689 amicos
542 2635 635 2706 agenti
651 2636 721 2689 ultro
737 2651 770 2690 ac
786 2636 864 2706 prior
878 2637 1000 2708 scripsit

511 2751 548 2789 AD
563 2751 694 2790 ALIENVM.

202 2821 242 2887 (α.
252 2814 306 2887 46)
320 2819 355 2873 Β.
363 2818 427 2890 Asr.
436 2816 484 2889 20,
498 2817 532 2878 3:
553 2820 669 2874 Litteras
681 2820 709 2873 in
721 2815 844 2874 Siciliam
856 2822 1024 2893 nuntiosque
1035 2823 1082 2876 mit·
1116 2828 1119 2834 '

120 2913 193 2974 tere,
214 2909 243 2959 ut
257 2904 309 2959 sibi
325 2909 414 2958 crates
426 2904 625 2974 materiemque
637 2909 823 2975 congererent
834 2904 872 2959 ad
884 2906 1003 2975 arletes,
1018 2907 1083 2962 cuius

121 2990 215 3062 inopia
229 2990 256 3044 in
267 2989 361 3045 Alriea
373 2993 461 3056 esset,
481 2993 628 3059 praeterea
640 2989 758 3056 serrum,
779 2989 927 3059 plumbum
938 2991 1083 3046 mitteretur.

337 3105 374 3142 no
388 3104 507 3143 nuranvn
520 3105 554 3143 ar
568 3105 702 3144 nnsrnrvu
715 3104 875 3144 rosrvuvu.

201 3177 242 3245 (a.
251 3168 306 3242 46)
319 3173 355 3228 Β.
363 3171 427 3243 Asr.
436 3172 485 3243 26,
498 3171 535 3233 3:
557 3174 664 3230 Litteris
676 3173 802 3228 celeriter
813 3171 976 3230 inSiciliam
982 3172 1084 3250 [missis]

122 3265 158 3321 ad
169 3262 299 3318 Alienum
311 3260 337 3312 et
346 3255 488 3312 RabIrium
499 3258 659 3314 Postumum
670 3257 833 3328 conscriptis
846 3255 897 3334 [et]
908 3276 962 3331 per
974 3266 1074 3316 catasco

121 3366 188 3423 pum
204 3344 296 3412 mittit,
318 3348 348 3396 ut
367 3342 426 3398 sine
445 3358 525 3398 mora
545 3359 578 3398 ac
597 3344 672 3397 nulla
686 3341 865 3399 excusatione
881 3342 983 3400 hiemis
999 3351 1083 3402 vento·

123 3448 239 3504 rumque
248 3444 331 3502 quarn
342 3427 486 3483 celerrime
499 3428 634 3484 exercitus
647 3426 698 3482 sibi
708 3431 960 3497 transportaretur:
975 3429 1085 3485 African

123 3517 296 3592 provinciam
316 3512 409 3585 perire
429 3511 607 3584 funditusque
627 3510 715 3568 everti
736 3510 770 3566 ab
785 3511 844 3565 suis
862 3511 999 3581 inimicis;
1021 3510 1085 3585 quod

125 3605 178 3663 nisi
198 3601 324 3659 celeriter
346 3597 429 3654 sociis
450 3598 521 3653 foret
539 3599 719 3666 subventum,
740 3600 854 3666 praeter
871 3596 962 3668 ipsam
975 3598 1084 3653 African
1124 3632 1128 3681 ἲ

125 3703 227 3748 terram
238 3685 319 3753 nihil,
340 3698 376 3738 ne
386 3686 489 3738 tectum
500 3682 626 3752 quidem,
642 3695 696 3751 quo
709 3697 739 3736 se
751 3679 925 3752 reciperent,
943 3684 979 3740 ab
988 3681 1083 3737 illorun
1125 3684 1128 3703 ⁵

128 3775 233 3831 scelere
248 3768 410 3838 insidiisque
426 3766 561 3839 reliquum
576 3767 703 3822 futurum.
