2272 4176
342 39 1132 410 ιη

120 446 181 508 152
411 448 463 509 DE
482 446 606 508 BELLO
629 447 793 509 GALLICO

119 621 173 664 sus
187 602 291 677 missa,
304 617 383 677 quae
393 609 509 663 tantmn
520 602 741 676 progrediatur,
755 609 902 677 quantum
912 620 1011 665 neves
1022 620 1087 679 prc-

119 688 296 761 cessissent,
310 687 446 763 reliquas
461 687 569 762 copias
584 694 691 747 contra
704 686 871 747 Labienum
886 688 1049 749 druierunt

201 772 287 831 LXII.
308 772 408 831 Prima
427 776 496 832 luce
511 779 541 830 et
555 772 651 831 nostri
667 788 773 832 omnes
790 780 878 832 erant
891 772 1086 850 transportati

117 863 147 917 et
166 858 301 917 hostium
322 857 404 916 acies
426 856 614 917 cernebatur.
642 856 796 916 Labienus
818 856 929 918 milites
951 858 1085 920 cohorta-

119 949 182 1016 tuS,
208 950 241 1002 ut
256 956 331 1002 suae
345 942 493 1015 pristinae
508 942 627 1000 virtutis
643 948 673 1000 et
687 941 987 1003 secundissimorum
1000 959 1085 1019 prce

117 1028 225 1088 tiorum
240 1028 415 1086 memoriam
424 1026 591 1085 retinerent
601 1033 694 1099 atque
706 1026 807 1101 ipsum
816 1027 989 1102 Caesarem,
1005 1028 1085 1091 cuius

117 1112 210 1172 ductu
226 1126 449 1185 saepenumero
464 1110 571 1170 hostes
587 1119 802 1185 superassent,
825 1119 1023 1186 praesentem
1037 1112 1084 1171 ad·

117 1212 188 1257 esse
202 1196 425 1268 existimarent,
456 1196 507 1255 dat
527 1195 647 1269 signmn
667 1196 785 1270 proelii.
813 1195 915 1257 Primo
937 1213 1086 1258 concursu

116 1282 154 1341 ab
177 1281 285 1340 dextro
307 1295 417 1354 cornu,
444 1280 497 1339 ubi
518 1280 648 1355 septima
669 1281 748 1355 legio
765 1282 959 1357 constiterat,
985 1283 1085 1343 hostes

115 1367 270 1441 pelluntur
284 1372 376 1439 atque
387 1364 417 1422 in
433 1365 536 1439 lugam
551 1364 759 1433 coniciuntur;
786 1365 824 1424 ab
839 1366 984 1442 sinistro,
1001 1382 1085 1444 quem

115 1452 217 1510 locum
233 1448 416 1509 duodecima
430 1450 509 1523 legio
526 1449 664 1523 tenebat,
693 1465 763 1510 cum
784 1449 873 1523 primi
896 1450 1022 1513 ordines
1036 1452 1082 1512 hc·

116 1535 207 1594 stium
220 1533 360 1593 transfixi
375 1534 442 1592 telis
458 1534 679 1607 concidissent,
702 1540 801 1592 tantan
817 1536 968 1594 acerrime
982 1536 1085 1611 reliqui

115 1619 307 1691 resistebant,
323 1633 380 1676 nec
395 1618 487 1676 dabat
502 1619 711 1694 suspicionem
726 1618 816 1693 fugae
829 1620 1006 1694 quisquam.
1021 1621 1085 1695 lpse

116 1704 179 1763 drrx
199 1703 332 1763 hostium
349 1702 570 1777 Camulogenus
593 1702 657 1764 suis
679 1702 786 1762 aderat
799 1709 892 1778 atque
908 1720 965 1764 ecs
982 1704 1084 1764 cohor·

115 1789 243 1848 labatur.
260 1789 378 1847 Incerto
394 1804 475 1846 nunc
490 1789 580 1847 etiam
595 1787 679 1846 exitu
693 1787 838 1847 victoriae
855 1803 925 1847 curn
941 1790 1085 1865 septimae

116 1873 244 1947 legionis
260 1872 387 1931 tribunis
403 1881 488 1932 esset
501 1873 684 1945 nuntiatum,
708 1872 832 1946 quaein
849 1872 976 1934 sinistro
994 1890 1085 1935 cornu

114 1965 306 2033 gererentur,
332 1963 404 2032 post
426 1964 542 2031 tergum
562 1957 695 2016 hostium
717 1957 867 2030 legionem
889 1959 1085 2018 ostenderunt

115 2043 265 2118 signaque
290 2042 462 2102 intulerunt.
490 2043 534 2100 Ne
561 2057 597 2100 eo
624 2040 745 2116 quidem
766 2049 905 2115 tempore
928 2043 1083 2118 quisquam

115 2130 182 2188 loco
209 2127 317 2199 cessit,
351 2127 408 2184 sed
429 2126 624 2186 circumventi
646 2140 752 2186 ornnes
773 2125 989 2201 interfectique
1012 2132 1082 2188 sunt

113 2213 248 2272 Eandem
270 2212 422 2271 fortunam
437 2210 502 2270 tulit
523 2209 757 2283 Camulogenus.
787 2210 878 2283 Atii,
903 2211 957 2286 qui
972 2210 1083 2288 praesi-

115 2299 164 2357 dio
181 2295 459 2356 contraLabienurn
475 2302 561 2353 erant
574 2294 679 2367 relicti,
697 2310 764 2354 curn
780 2294 931 2368 proellum
948 2297 1085 2356 commis-

113 2399 181 2442 sum
196 2380 371 2453 audissent,
394 2379 532 2439 subsidio
548 2379 612 2438 suIs
628 2378 727 2437 ierunt
742 2380 914 2453 collemque
931 2388 1084 2456 copemnl,

113 2480 214 2539 neque
240 2471 413 2523 nostrorum
438 2463 563 2523 militum
590 2463 739 2523 victorum
764 2464 909 2537 impetum
936 2466 1086 2526 sustinere

114 2557 284 2625 potuerunt.
316 2547 367 2608 Sic
382 2564 449 2609 cum
464 2549 529 2608 suis
544 2548 730 2622 fugientibus
746 2548 902 2622 permixti,
932 2566 1014 2623 quos
1029 2566 1086 2609 non

114 2634 210 2694 silvae
231 2640 413 2708 montesque
434 2641 589 2707 texerunt,
615 2632 653 2691 ab
675 2632 813 2708 equitatu
839 2639 911 2692 sunt
925 2634 1086 2695 interiecti.

112 2720 179 2779 Hoc
194 2718 317 2794 negotio
333 2719 473 2778 conlecto
492 2718 644 2777 Labienus
659 2715 820 2776 revertitur
836 2718 1022 2797 Agedicurn,
1037 2718 1087 2779 ubi

111 2804 329 2880 impedimenta
352 2805 444 2863 totius
471 2804 624 2862 exercitus
650 2803 755 2862 relicta
779 2809 880 2860 erant:
918 2803 993 2864 Inde
1021 2820 1085 2864 cum

112 2890 252 2950 omnibus
269 2888 366 2964 copiis
382 2889 422 2947 ad
437 2888 598 2947 Caesarem
613 2889 760 2962 pervenit.

193 2975 294 3033 LXIII.
318 2973 495 3033 Delecti0ne
509 2972 704 3032 Haeduorum
727 2971 849 3045 cognita
864 2970 979 3032 bellum
994 2988 1086 3048 auge·

112 3067 167 3120 tur.
197 3059 380 3132 Legationes
396 3058 426 3115 in
441 3072 548 3117 omnes
565 3063 667 3130 partes
683 3056 972 3126 circummittuntur3
990 3075 1085 3132 quan·

112 3153 173 3204 turn
188 3144 298 3217 gratia,
315 3142 509 3215 auctoritate,
531 3141 662 3215 pecunia
676 3142 793 3213 valent,
819 3140 858 3198 ad
873 3141 1085 3201 sollicitandas

112 3228 248 3288 civitates
265 3227 414 3295 nituntur,
441 3226 520 3284 nacti
536 3225 677 3298 obsides,
706 3239 783 3298 quos
801 3223 912 3283 Caesar
928 3227 1016 3301 apud
1030 3241 1085 3286 eos

112 3313 306 3387 deposuerat,
323 3310 432 3369 horum
448 3310 599 3383 supplicio
616 3309 789 3368 dubitantes
805 3307 949 3367 territant.
976 3310 1088 3370 Petunt

111 3394 386 3470 aVorcingetorige
394 3394 519 3466 Haedui,
537 3402 569 3453 ut
580 3393 620 3452 ad
634 3409 669 3452 se
683 3394 785 3452 veniat
798 3391 1001 3469 ratlanesque
1016 3394 1087 3455 belli

112 3482 236 3555 gerendi
253 3480 462 3539 communicet.
494 3480 539 3538 Re
553 3479 714 3553 impetrata
734 3476 937 3552 contendunt,
960 3486 994 3539 ut
1008 3479 1086 3555 ipsis
1113 3492 1116 3497 ·

112 3581 228 3624 summa
242 3565 360 3638 imperii
376 3565 525 3638 tradatur,
552 3571 581 3623 et
602 3581 635 3622 re
650 3564 679 3621 in
696 3562 937 3623 controversiam
953 3561 1089 3625 deducta

113 3649 202 3709 totius
226 3650 339 3708 Galliac
361 3649 522 3708 correiliurn
536 3649 677 3708 Bibracte
698 3647 850 3707 indicitur.
878 3645 999 3707 Eodem
1014 3664 1087 3709 con-

112 3734 234 3794 veniunt
255 3734 391 3807 undique
412 3735 598 3808 trequentes.
631 3732 832 3794 Multitudinis
855 3728 1013 3807 suffragiis
1034 3748 1086 3793 res
