2272 4176
106 452 167 520 lto
400 457 450 517 DE
471 454 595 517 BELLO
619 456 782 519 cantico

104 610 222 675 tissimo
243 609 369 672 iluunne
388 614 551 687 munitum,
579 612 663 672 velut
682 610 826 687 indagine
845 608 930 673 hunc
957 610 1071 675 insidiis

104 696 379 758 circumdederunt.
407 696 577 773 Explorato
602 694 736 756 hostium
760 694 890 757 consilio
918 699 1015 759 nostri
1037 699 1071 760 ad

105 781 315 859 proeliandum
329 782 430 843 animo
446 790 538 857 atque
552 780 645 840 armis
661 781 759 855 parati
774 796 844 841 cum
857 781 1071 858 subsequenti-

104 868 161 929 bus
176 865 348 942 legionibus
363 868 476 926 nullam
487 864 712 925 dimicationem
722 873 912 943 recusarent,
926 869 1071 929 turmatim

103 953 133 1012 in
149 967 217 1012 eum
231 953 333 1011 locum
348 951 546 1010 devenerunt.
563 948 697 1022 Quorum
712 951 847 1011 adventu
859 966 930 1011 cum
940 952 1001 1012 sibi
1008 953 1071 1013 car-

103 1053 174 1097 reus
190 1036 322 1096 oblatam
337 1034 532 1096 occasionem
551 1034 596 1092 rei
617 1036 771 1110 gerendae
785 1035 993 1111 existimaret,
1018 1037 1071 1113 pri·

104 1139 184 1183 mum
200 1137 269 1181 cum
290 1120 398 1195 paucis
420 1134 455 1179 se
475 1118 609 1180 ostendit
623 1126 715 1195 atque
729 1120 760 1178 in
774 1135 945 1195 proxumas
960 1128 1070 1183 turmas

102 1207 248 1282 impetum
268 1204 349 1264 iecit.
378 1203 481 1266 Nostri
502 1210 679 1263 constanter
692 1205 851 1265 incursum
865 1204 1020 1266 sustinent
1032 1208 1071 1265 in-

103 1291 296 1362 sidiatorum,
321 1304 424 1363 neque
445 1290 550 1364 plures
576 1289 607 1347 in
626 1304 721 1348 unum
746 1291 849 1349 locum
874 1292 1071 1360 conveniunt;

104 1374 187 1451 quod
208 1375 387 1449 plerumque
414 1372 611 1448 equestribus
638 1373 764 1447 proeliis
786 1389 856 1433 cum
874 1382 1005 1450 propter
1024 1375 1071 1434 ali-

104 1473 194 1535 quem
205 1457 343 1517 timorem
355 1458 474 1533 accidit,
488 1464 553 1517 tum
562 1457 753 1518 multitudine
763 1458 904 1533 ipsorum
915 1460 1071 1521 detrimen-

102 1551 166 1604 tum
181 1542 338 1617 accipitur.
878 1554 882 1567 ⁴

184 1626 261 1686 XIX.
284 1627 357 1687 cum
372 1626 532 1701 dispositis
546 1624 653 1687 turmis
664 1626 695 1685 in
705 1626 804 1686 vicem
814 1627 877 1687 rari
890 1629 1070 1704 proeliaren-

103 1719 151 1772 tur
180 1726 282 1787 neque
313 1712 351 1771 ab
382 1711 528 1772 lateribus
554 1710 763 1770 circumveniri
789 1728 864 1773 suos
890 1721 1071 1793 paterentur,

103 1804 265 1872 erumpunt
284 1794 375 1856 ceteri
397 1795 508 1856 Correo
531 1795 700 1871 proeliante
721 1810 760 1855 ex
781 1798 877 1857 silvis.
906 1798 955 1860 Fit
969 1816 1071 1876 magna

104 1881 298 1942 contentione
320 1881 476 1940 diversum
497 1880 656 1955 proelium.
685 1880 774 1954 Quod
795 1897 865 1942 cum
879 1882 996 1945 diutius
1011 1884 1070 1961 pari

103 1966 198 2025 Marte
212 1964 345 2040 iniretur,
360 1965 504 2040 paulatim
520 1980 558 2024 ex
574 1964 659 2024 silvis
674 1964 822 2026 instructa
830 1968 992 2030 multitudo
1007 1987 1069 2045 pro·

104 2052 184 2111 cedit
198 2049 347 2125 peditum,
370 2066 449 2125 quae
464 2056 587 2110 nostros
603 2048 703 2123 coegit
717 2050 827 2109 cedere
845 2054 978 2128 equites.
1008 2054 1068 2128 oui·

102 2135 161 2195 bus
183 2135 320 2194 celeriter
340 2134 525 2194 subveniunt
544 2134 621 2192 levis
642 2141 812 2193 armaturae
832 2137 971 2214 pedites,
997 2154 1067 2214 quos

103 2226 173 2279 ante
187 2219 323 2292 legiones
338 2219 450 2278 missos
467 2218 573 2293 docui,
599 2217 768 2293 turansque
788 2228 966 2282 nostrorum
987 2224 1066 2282 inter·

104 2303 195 2378 positi
217 2310 393 2361 constanter
413 2304 608 2378 proeliantur.
638 2301 792 2376 Pugnatur
807 2305 996 2381 aliquamdiu
1009 2306 1067 2383 pari

104 2385 315 2455 contentione;
331 2387 450 2461 deinde,
465 2395 498 2447 ut
511 2389 587 2447 rutio
601 2388 775 2462 postulabat
786 2390 904 2465 proelii,
921 2393 974 2466 qui
986 2393 1068 2452 susti·

1 2516 3 2535 ‚
103 2478 231 2531 nuerant
245 2470 359 2544 primos
375 2472 506 2546 impetus
522 2473 713 2546 insidiarum,
734 2472 793 2533 hoc
808 2474 877 2548 ipso
893 2475 972 2537 fiunt
984 2492 1067 2552 supe

104 2556 209 2629 riores,
226 2555 310 2630 quod
324 2558 439 2615 nullum
453 2556 492 2616 ab
507 2556 719 2616 insidiantibus
734 2557 935 2633 inprudentes
946 2574 1065 2637 accepe

103 2646 171 2700 rant
196 2640 416 2700 detrimentum.
445 2642 606 2701 Accedunt
629 2643 757 2716 propius
783 2643 901 2702 interim
925 2645 1067 2721 legiones

104 2724 263 2798 crebrique
278 2725 386 2784 eodem
400 2732 536 2800 tempore
552 2732 581 2785 et
595 2726 707 2786 nostris
722 2732 752 2786 et
762 2726 901 2788 hostibus
914 2731 1011 2789 nuntii
1021 2730 1067 2790 ad-

105 2812 255 2884 feruntur,
277 2809 489 2884 imperatorem
510 2811 665 2870 instructis
687 2811 785 2886 copiis
807 2813 929 2873 adesse.
962 2814 1068 2888 Quare

104 2895 225 2970 cognita
239 2894 394 2969 praesidio
410 2894 579 2955 cohortium
595 2895 703 2955 confisi
717 2896 813 2958 nostri
825 2899 973 2958 acerrime
986 2913 1068 2974 proe

103 2980 227 3053 lienum,
249 2994 302 3053 ne,
325 2978 351 3038 si
367 2980 482 3039 tardius
497 2996 561 3039 rem
576 2981 762 3056 gessissent,
786 2982 933 3043 victoriae
948 2984 1069 3059 gloriam

105 3063 348 3124 communicasse
364 3078 431 3123 cum
446 3064 617 3139 legionibus
631 3065 823 3135 viderentur3
849 3066 958 3128 hostes
974 3068 1069 3130 conci·

103 3149 178 3208 dunt
202 3148 309 3206 animis
334 3154 425 3223 atque
449 3147 606 3209 itineribus
631 3149 761 3210 diversis
787 3152 889 3225 lugam
915 3157 1069 3227 quaerunt.

102 3233 308 3309 Nequiquam:
335 3247 406 3291 nam
427 3233 537 3307 quibus
560 3234 788 3295 difficultatibus
809 3237 947 3296 locorum
962 3239 1068 3298 Roma-

102 3335 159 3380 nos
186 3316 328 3378 claudere
352 3320 525 3392 voluerant,
554 3317 590 3378 iis
612 3320 672 3394 ipsi
696 3322 884 3382 tenebantur.
925 3321 1006 3382 Victi
1030 3328 1068 3381 a·

102 3420 170 3463 men
192 3401 386 3477 perculsique
407 3402 520 3464 maiore
543 3409 628 3477 parte
653 3405 767 3465 amissa
793 3406 979 3466 consternati
1004 3420 1069 3482 pro·

104 3488 219 3563 lugiunt
244 3487 351 3562 partim
380 3487 464 3547 silvis
492 3488 609 3564 petitis,
645 3490 754 3564 partim
780 3489 904 3551 ilumine
934 3492 1006 3567 (qui
1029 3496 1071 3551 ta·

102 3588 171 3631 men
192 3572 222 3630 in
245 3572 316 3646 iuga
336 3588 354 3631 a
376 3572 488 3632 nostris
516 3573 625 3632 acriter
651 3574 881 3650 insequentibus
908 3576 1058 3637 conficiar

102 3662 178 3730 tur),
200 3671 268 3715 cum
288 3656 405 3717 interim
424 3659 508 3717 nulla
528 3659 698 3719 calamitate
718 3661 816 3721 victus
832 3661 963 3722 correus
985 3675 1070 3721 exce

103 3739 175 3800 dere
202 3741 318 3814 proelio
345 3742 502 3818 silvasque
527 3749 634 3816 petere
661 3748 713 3804 aut
739 3746 935 3807 invitantibus
959 3743 1069 3807 posuit
