2272 4176
10 39 210 83 mmmm*-

449 152 565 213 LIBER
581 152 643 211 VII.
969 154 1030 216 15³

56 301 254 377 permittitur=
271 303 311 362 ad
319 320 413 364 unum
421 321 527 365 omnes
535 306 818 381 Vercingetorigem
833 307 965 381 probant
977 308 1030 367 im·
1081 294 1088 305 “

56 396 241 462 peratorem.
256 388 307 446 Ab
320 388 379 449 hoc
391 390 518 450 concilio
527 391 623 464 Remi,
637 390 801 466 Lingones,
813 391 936 450 Treveri
947 392 1029 452 afue-

55 480 137 533 runt:
152 472 207 545 illi,
224 473 311 547 quod
325 474 485 533 amicitiam
497 476 705 535 Romanorum
723 474 948 550 sequebantur;
961 478 1031 536 Tre-

56 556 135 631 veri,
155 557 244 631 quod
262 557 389 617 aberant
404 560 526 633 longius
539 568 570 619 et
581 561 619 619 ab
633 561 791 619 Germanis
808 560 1031 637 premebantur,

58 657 135 718 quac
146 642 206 701 fuit
217 657 323 717 causa,
336 659 431 719 quare
440 652 502 705 toto
511 644 743 704 abessentbcllo
753 645 906 704 etneutris
920 644 1032 705 auxilia

58 728 218 786 mitterent.
247 725 360 801 Magno
376 729 483 789 dolore
496 728 614 788 Haedui
630 730 731 788 ferunt
746 745 781 788 se
796 729 934 788 deiectos
949 730 1030 805 prin-

10 838 12 845 ·
56 812 174 886 cipatu,
202 818 373 885 queruntur
393 813 533 873 fortunae
554 814 820 874 commutationem
841 821 872 872 et
892 813 1032 874 Caesaris

10 925 12 931 ·
56 894 278 969 indulgentiam
292 895 321 954 in
338 912 372 955 se
386 898 552 972 requirunt,
567 914 669 973 neque
680 906 780 957 tamen
793 905 939 973 suscepto
951 898 1031 957 bello

57 995 143 1039 suum
159 979 324 1040 consilium
338 981 376 1040 ab
391 981 517 1056 reliquis
533 997 679 1056 separare
694 982 817 1042 audent.
847 980 935 1042 inviti
949 999 1029 1042 sum-

57 1080 121 1123 mae
135 1064 208 1139 spei
225 1063 449 1141 adulescentes,
465 1066 658 1141 Eporedorix
673 1074 703 1126 et
715 1067 939 1142 Viridomarus,
954 1066 1031 1126 Ver-

57 1148 238 1223 cingetorigi
254 1157 371 1222 parent

132 1233 242 1293 LXIV.
254 1233 326 1307 lpse
337 1234 465 1310 imperat
474 1234 602 1310 reliquis
615 1227 786 1296 civitatibus
799 1236 925 1296 obsides
938 1235 1030 1295 diem·

10 1345 12 1383 :
57 1334 114 1394 que
129 1317 159 1377 ei
175 1318 223 1376 rei
239 1319 409 1388 constituit;
425 1328 488 1379 tum
504 1335 611 1379 omnes
626 1320 746 1395 equites
761 1338 803 1379 xv
815 1320 1032 1381 milianumero

10 1400 13 1421 ¹
56 1402 196 1463 celeriter
211 1404 377 1462 convenire
392 1404 489 1464 iubet:
515 1405 666 1479 peditatu,
685 1421 774 1480 quem
790 1413 860 1465 ante
874 1404 1031 1481 habuerat,

10 1496 12 1541 :
56 1505 88 1549 se
108 1490 180 1549 fore
203 1495 380 1547 contentum
401 1489 487 1562 dicit,
517 1505 618 1564 neque
645 1490 797 1550 fortunam
818 1496 1031 1566 temptaturum

10 1616 14 1629 .
56 1573 149 1633 autin
166 1571 235 1632 acie
250 1572 477 1647 dintioaturum,
494 1575 560 1647 sed,
578 1575 721 1648 quoniam
736 1575 871 1634 abundet
886 1574 1031 1649 equitatu,

58 1658 203 1733 perfacile
225 1672 297 1716 esse
318 1657 400 1717 factu
420 1658 704 1719 frumentationibus
720 1659 1032 1735 pabulationibusque

14 1782 18 1804 ἢ
58 1744 214 1803 Romanos
229 1740 403 1817 prohibere,
418 1744 618 1818 ecquomodo
628 1745 728 1804 animo
743 1760 799 1802 sua
810 1743 869 1816 ipsi
883 1744 1031 1806 frumenta

13 1862 17 1871 ·
60 1834 259 1902 corrumpant
275 1825 478 1900 aedificiaque
494 1828 667 1902 incendant,
684 1845 745 1903 qua
762 1828 805 1885 rei
817 1827 973 1886 familiaris
989 1828 1031 1887 ia-

61 1921 140 1972 ctura
161 1918 347 1987 perpetuum
371 1910 530 1986 imperium
556 1912 787 1987 libertatemque
814 1911 964 1987 consequi
988 1912 1032 1971 vi-

63 1998 155 2057 deant.
185 1995 243 2055 His
259 1995 432 2056 constitutis
447 1997 541 2056 rebus
557 1997 693 2056 Haeduis
709 1994 962 2071 Segusiauisque,
981 1996 1032 2071 qui

63 2090 125 2141 suut
135 2081 257 2141 finitimi
275 2080 460 2157 prouinciae,
472 2098 493 2139 x
506 2081 588 2140 milia
598 2082 733 2156 peditum
745 2083 888 2157 imperat;
903 2080 965 2141 huc
979 2081 1032 2140 ad-

65 2165 98 2225 dit
111 2161 238 2242 equi'tes'
250 2182 331 2225 nocc.
360 2165 414 2224 His
436 2166 576 2240 praeficit
596 2168 718 2226 fratrem
731 2165 953 2240 Eporedorigis
968 2166 1032 2225 bel·

25 2270 28 2303 :
65 2252 180 2326 iamque
200 2250 307 2310 inferri
327 2250 546 2325 Allobrogibus
569 2251 661 2310 iubet.
690 2252 796 2311 Altera
816 2258 958 2326 exparte
974 2251 1025 2312 Ga-

65 2334 142 2396 balos
158 2335 384 2412 proximosque
404 2351 502 2409 pagos
517 2340 727 2396 Arvernorum
748 2337 778 2395 in
792 2336 936 2412 HelvioS,
961 2338 1033 2396 item

22 2419 28 2485 i
68 2421 193 2482 Rutenos
211 2420 431 2494 Cadurcosque
452 2421 492 2479 ad
506 2419 585 2479 fines
600 2421 766 2480 Volcarum
780 2421 1032 2482 Arecomicorum

17 2526 28 2572 ,ς
67 2505 293 2582 depopulandos
309 2504 405 2564 mittit.
420 2504 518 2564 Nihilo
535 2506 635 2565 minus
652 2505 848 2565 clandestinis
864 2506 976 2565 nuntiis
989 2507 1028 2564 le-

67 2592 294 2665 gationibusque
308 2589 492 2663 Allobrogas
509 2590 658 2665 sollicitat,
676 2607 806 2666 quorum
820 2598 939 2652 mentes
956 2606 1030 2649 non-

26 2746 30 2753 ·
68 2675 125 2735 dum
140 2677 179 2735 ab
195 2675 359 2749 superiore
373 2674 453 2733 bello
469 2674 626 2733 resedisse
641 2676 794 2750 sperabat.
816 2674 933 2734 Horum
948 2675 1030 2750 prin·
1125 2670 1128 2675 ’

19 2762 31 2837 j
68 2760 172 2834 cipibus
190 2759 356 2835 pecunias,
384 2758 494 2818 civitati
510 2767 610 2821 autem
624 2760 783 2835 imperium
797 2759 890 2824 totius
907 2759 1030 2834 provin-

17 2860 31 2912 1-
68 2844 118 2905 ciac
131 2846 307 2920 pollicetur.

17 2920 23 2937 ¹
135 2930 229 2989 LXV.
253 2929 304 2988 Ad
324 2929 382 2989 hos
404 2945 511 2988 omnes
528 2944 619 2988 casus
634 2929 762 3004 provisa
777 2935 864 2988 erant
877 2927 1032 3003 praesidia

68 3013 226 3074 cohortium
243 3014 373 3073 duarum
388 3022 418 3073 et
432 3014 553 3087 viginti,
577 3030 657 3088 quac
679 3030 718 3072 ex
732 3015 801 3088 ipsa
819 3012 978 3088 provincia
992 3012 1031 3073 ab

67 3097 90 3157 L.
104 3099 237 3160 Caesare
252 3101 352 3172 legato
369 3099 408 3156 ad
424 3114 529 3157 omncs
547 3105 649 3172 partes
666 3099 909 3174 opponebantur.
932 3096 1030 3157 Helvii

67 3198 113 3243 sua
132 3192 246 3260 sponte
269 3200 337 3244 cum
357 3183 492 3242 finitimis
513 3182 631 3256 proelio
653 3183 812 3258 congressi
833 3184 988 3257 pelluntur
1002 3190 1032 3244 et

68 3267 131 3330 Gaio
144 3268 273 3330 Valerio
289 3269 498 3340 Donnotauro,
515 3266 626 3326 Caburi
641 3268 719 3343 filio,
734 3267 874 3342 principe
890 3267 1031 3344 civitatis,

66 3355 321 3430 conpluribusque
346 3354 413 3414 aliis
440 3351 606 3411 interfectis
632 3352 711 3412 intra
731 3352 847 3428 oppida
866 3369 903 3413 ac
924 3370 1030 3417 muros

66 3444 280 3517 conpelluntur.
309 3440 493 3513 Allobroges
509 3437 625 3498 crebris
647 3438 687 3499 ad
699 3437 882 3501 Rhodanum
896 3438 956 3503 ditn
1007 3438 1014 3454 ‘
