2272 4176
437 170 552 231 ιιιιιιιι
576 170 629 253 vr.
957 171 1018 237 ιιι

10 326 197 389 relictum=
210 341 330 403 primos
338 323 514 385 Eburonum
528 324 606 386 fines
622 326 750 395 adeunt;
765 327 877 388 multos
893 343 932 388 ex
946 330 1018 405 luga

10 420 15 483 l
50 413 205 488 dispersos
220 410 394 486 excipiunt,
410 426 520 486 magno
537 412 659 487 pecoris
675 426 818 485 numero,
845 413 931 473 cuius
947 422 1018 476 sunt

10 486 235 575 {cupidissimi
254 495 392 571 barbari,
417 496 584 571 potiuntur.
620 495 739 557 Invitati
759 497 875 571 pracda
894 500 1017 574 longius
1068 548 1072 555 .

15 583 224 665 ,procedunt
253 580 321 642 Non
342 579 399 641 lros
422 582 541 657 palus
533 599 564 641 tn
579 582 659 642 bello
675 580 903 657 latrociniisque
918 592 1017 661 natos,

51 684 104 728 non
116 667 215 726 silvae
228 671 393 726 morantur.
420 666 558 740 Quibus
551 683 581 725 tn
595 667 672 727 locis
689 666 728 725 sit
743 665 854 725 Caesar
869 683 908 726 ex
923 670 1016 745 capti-

53 752 272 827 vis'quaerunt;
287 751 458 827 proiectum
473 752 594 826 longius
605 752 763 826 reperiunt
775 765 956 828 omnemque
963 770 1016 814 ex·

54 838 168 897 ercitum
183 836 370 895 discessisse
386 843 586 910 cognoscunt
607 838 710 912 Atque
725 851 805 896 unus
821 852 860 895 ex
876 839 1006 912 captivis

11 918 20 979 i
56 923 119 994 (laid
131 938 191 995 vos,
206 921 319 997 inquit,
333 922 412 981 boae
424 924 563 981 miserum
577 937 614 981 oe
629 930 742 981 tenuem
755 924 910 982 sectamini
919 940 1016 999 prac-

13 1008 125 1081 'ium
147 1006 252 1082 quiue
272 1007 373 1067 licet
360 1022 420 1065 tam
440 1022 502 1066 esse
520 1006 586 1079 fort
585 1012 658 1066 unat
647 1001 786 1066 tissimis?
817 1006 923 1068 Tribus
936 1009 1016 1071 ltort‘s

13 1086 21 1117 ‘
58 1092 229 1153 Αιίιιιτιιιαιιι
242 1093 342 1151 venire
352 1093 489 1166 potestis:
503 1091 562 1152 ituc
575 1107 673 1152 omnes
685 1107 756 1151 ιιιαι
767 1090 909 1163 fortanus
922 1110 1016 1154 exer

10 1198 20 1247 ι
59 1179 114 1238 citus
126 1177 330 1236 Romanorum
343 1178 479 1236 contulit:
497 1178 671 1276 praesidiit
671 1193 710 1235 aa
712 1183 772 1235 tum
785 1187 835 1248 est,
851 1182 884 1236 ut
896 1193 933 1238 ne
946 1195 1015 1239 mu-

14 1278 99 1322 .·rut
108 1262 224 1336 quidem
237 1263 322 1335 cinci
328 1264 436 1336 possit,
451 1277 545 1335 neque
559 1264 713 1336 quisquam
726 1261 832 1335 ceredi
843 1279 883 1320 cx
884 1268 932 1321 tro
945 1280 1015 1324 ιιιιι-

13 1322 20 1397 ἶ
59 1348 162 1406 uittam
183 1347 304 1406 audeat.
344 1343 451 1404 Oblata
471 1361 529 1419 spe
551 1346 692 1405 Germani
718 1361 809 1422 quarn
830 1346 910 1406 nacti
929 1355 1015 1409 erant

17 1455 20 1461 ·
61 1431 188 1505 praedam
202 1430 233 1489 in
248 1431 368 1490 occulto
384 1429 575 1525 relinquunt;
603 1429 663 1504 ipsr
656 1429 870 1490 Aduatucam
891 1438 1011 1493 conten

59 1515 179 1575 duntusi
193 1515 303 1576 eodem
319 1514 406 1588 duce,
422 1515 509 1574 cuius
524 1514 601 1574 haec
615 1514 728 1575 indicio
745 1523 961 1590 cognoverant.

127 1598 256 1660 XXXVI.
273 1599 389 1675 Cicero,
405 1598 457 1675 qui
468 1614 525 1674 per
537 1614 643 1659 omnes
658 1600 834 1676 superiores
847 1600 913 1660 dies
925 1618 1000 1677 prae

19 1721 23 1731 ·
60 1682 142 1758 ceptis
161 1683 302 1744 Caesaris
324 1700 393 1743 curn
414 1699 531 1743 summa
552 1684 707 1758 diligentia
727 1685 836 1745 milites
857 1685 1012 1747 incastris

59 1767 245 1829 continuisset
258 1784 295 1828 ac
309 1784 349 1828 ne
365 1769 502 1829 calonem
515 1768 637 1844 quidem
652 1782 835 1843 quemquam
848 1776 935 1830 extra
948 1788 1012 1833 mu-

12 1862 17 1931 ?
58 1852 187 1913 uitiontm
213 1853 318 1930 egredi
338 1869 452 1928 passus
475 1861 574 1927 esset,
600 1854 728 1928 septimo
748 1852 799 1912 die
815 1854 958 1916 diflidens
975 1857 1013 1916 de

10 1964 15 2011 .·
58 1954 167 2001 numer)
184 1938 301 1999 dierum
317 1937 478 1999 Caesarem
499 1938 591 1998 fidem
612 1946 817 2014 servaturum,
842 1940 926 2015 quod
947 1942 1012 2002 lon·

58 2024 121 2098 gius
136 2039 325 2098 progressum
340 2022 484 2083 audiebat
497 2039 598 2099 neque
613 2024 675 2082 ulla
690 2024 727 2082 de
741 2024 840 2084 reditu
855 2024 921 2084 eius
934 2026 1012 2086 tama

59 2109 250 2183 colerentur,
277 2108 367 2168 simul
389 2124 494 2168 eorum
515 2115 672 2183 permotus
694 2109 838 2182 vocibus,
866 2110 916 2185 qui
932 2110 1011 2171 illius

59 2192 216 2269 patientum
232 2209 330 2268 paene
346 2193 560 2253 obsessionem
575 2193 784 2268 appellabant,
807 2193 959 2268 siquidem
973 2211 1011 2254 ex

59 2277 161 2338 castris
175 2278 271 2353 egredi
286 2295 347 2338 non
362 2278 479 2352 liceret,
505 2280 619 2337 nullum
635 2278 783 2338 eiusmodi
799 2294 904 2338 casum
919 2296 1010 2354 cxpe-

59 2370 154 2436 ctans,
170 2380 221 2436 qro
238 2378 347 2421 novem
362 2363 514 2437 oppositis
530 2363 701 2437 legionibus
718 2363 911 2439 maximoque
927 2365 1010 2439 equi--

59 2455 116 2507 tatu
137 2447 276 2520 dispersis
298 2462 334 2506 ac
356 2464 453 2521 paene
475 2448 582 2507 deletis
604 2448 744 2508 hostibus
760 2448 788 2506 in
805 2449 925 2508 milibus
940 2465 1008 2523 pas-

59 2548 143 2592 suum
157 2530 241 2591 uitus
258 2531 372 2591 ollendi
388 2540 510 2606 posset,
538 2534 673 2607 quinque
690 2533 832 2593 cohortes
848 2533 1011 2592 frumente-

58 2617 159 2677 lumin
176 2618 319 2689 parimas
335 2624 455 2690 segetes
472 2617 571 2690 mittit,
589 2634 665 2693 quas
682 2619 758 2678 inter
772 2626 802 2678 et
817 2625 917 2677 castra
930 2635 1010 2678 unus

59 2701 177 2762 omnino
193 2701 269 2760 cutis
285 2701 436 2760 intererat.
473 2701 642 2776 conplures
668 2711 754 2762 erant
776 2719 814 2761 cx
840 2702 1010 2777 legionibus

59 2786 135 2861 aegri
150 2783 249 2855 relici;
277 2800 316 2845 ex
332 2785 443 2860 quibus
458 2787 509 2861 qui
526 2787 584 2846 lroc
600 2787 699 2861 spatio
716 2788 832 2847 dierum
848 2791 1010 2847 convalue-

57 2879 120 2930 rant
134 2868 239 2930 circite
255 2887 306 2930 ccc
323 2871 380 2930 sub
395 2872 507 2931 vexillo
523 2888 583 2930 una
598 2872 769 2941 mittuntur3
799 2888 908 2946 magna
923 2887 1009 2947 proe-

58 2965 136 3017 terea
150 2952 295 3017 nrultiudo
313 2958 462 3030 calonum,
478 2972 587 3030 magna
601 2958 646 3014 vis
660 2957 868 3031 iumentorum,
885 2972 964 3031 quae
979 2955 1009 3014 in

58 3041 161 3102 castris
178 3038 375 3114 subsederant,
393 3043 471 3100 lacta
488 3047 638 3115 potestate
653 3042 799 3115 sequitur.

135 3123 268 3184 XXXVl.
292 3127 359 3186 Hoc
381 3126 449 3199 ipso
471 3133 609 3201 tempore
632 3136 661 3184 et
677 3142 751 3185 casu
768 3125 907 3184 Germani
923 3126 1009 3200 equi-

57 3218 99 3271 tes
120 3210 309 3270 intervenunt
331 3212 530 3286 protinusque
552 3211 658 3270 eodem
681 3211 746 3283 illo,
773 3226 833 3284 quo
857 3218 1008 3286 venerant,

57 3312 146 3357 cursu
167 3293 206 3354 ab
229 3291 382 3355 deumana
398 3304 486 3370 porta
499 3296 528 3354 in
551 3303 650 3355 castra
665 3295 837 3369 inrumpere
852 3303 1009 3372 conantur,

56 3396 111 3443 nec
124 3378 212 3456 prius
228 3390 283 3435 sur.
295 3381 354 3440 visi
370 3380 497 3440 obiectis
513 3381 551 3440 ab
566 3396 603 3440 ea
624 3387 709 3454 parte
724 3381 824 3455 silvis,
853 3395 943 3455 quarn
959 3396 1009 3441 ca·

56 3466 126 3528 stris
140 3459 423 3542 adpropiquarcnt,
446 3481 545 3546 usque
560 3482 597 3531 eo
613 3471 648 3529 ut
668 3464 725 3547 qui
738 3465 799 3530 sub
811 3466 898 3531 uallo
909 3464 1022 3529 tenue·
