2272 4176
65 468 128 537 aba
373 464 533 533 BELLUM
549 464 729 533 marcae.

67 626 203 701 debatur,
218 630 302 687 tanto
317 624 469 687 tardiores
488 622 528 683 ad
541 622 769 700 insequendum
783 630 872 689 erant
883 624 1034 691 nomime.

66 712 188 772 Interim
201 711 230 770 in
245 712 352 771 itinere
367 707 538 785 exoppidis
559 714 590 769 et
604 709 738 770 castellis
753 710 922 786 legationes
935 713 1036 774 renim

68 805 97 857 et
110 796 248 871 polliceri
269 797 451 856 trumentum
473 799 662 871 paratosque
676 809 749 855 esse
764 812 847 871 quae
861 798 1036 874 imperasset

67 883 178 943 facere.
194 881 299 956 ltaque
311 896 348 941 eo
361 881 410 940 die
422 884 524 939 castra
534 880 638 954 posuit
648 878 689 939 ad
701 880 855 956 oppidum
864 883 1035 958 Ruspinam,

66 964 213 1027 Kalendis
228 965 385 1025 Ianuariis.

149 1051 215 1109 Vll.
238 1050 312 1109 Inde
326 1049 422 1111 movit
435 1056 466 1109 et
480 1048 620 1124 pervenit
633 1049 673 1108 ad
694 1050 845 1125 oppidum
858 1051 983 1128 Leptin,
1006 1054 1034 1112 ii·

67 1137 171 1195 beram
192 1134 342 1194 civitatem
363 1140 393 1194 et
412 1135 576 1194 inmunem.
603 1131 708 1208 Legati
731 1149 771 1193 ex
787 1137 906 1211 oppido
922 1137 1033 1198 obuiam

66 1220 206 1295 veniunt,
231 1219 360 1278 libenter
380 1234 415 1278 se
431 1219 532 1280 onmia
546 1216 697 1292 facturos,
724 1222 927 1295 quaerebat,
955 1222 1033 1296 polii·

68 1311 181 1364 eentur.
213 1300 319 1378 ltaque
340 1302 569 1363 centurionibus
591 1301 630 1360 ad
650 1308 755 1377 portas
771 1304 881 1379 oppidi
896 1312 927 1365 et
941 1314 1032 1367 custo

68 1389 125 1448 diis
142 1387 307 1463 impositiS,
323 1402 362 1446 ne
378 1389 446 1463 quis
462 1387 548 1446 miles
569 1387 600 1445 in
615 1386 762 1461 oppidum
776 1389 919 1450 introiret
932 1399 983 1451 aut
997 1390 1033 1449 in·

68 1473 174 1532 iuriam
189 1473 304 1531 laceret
318 1472 449 1546 cuipiam
465 1472 600 1545 incolae,
622 1487 683 1531 non
698 1473 790 1548 lenge
805 1474 844 1533 ab
861 1476 977 1549 oppido
992 1490 1033 1534 se·

70 1557 198 1616 eundum
223 1556 294 1615 litus
319 1557 391 1616 lacit
416 1562 525 1616 castra.
563 1554 742 1631 Eodemque
763 1573 861 1618 naves
884 1560 1034 1619 onerariae

68 1648 97 1699 et
111 1642 221 1714 longae
235 1641 401 1701 nonnullae
417 1657 492 1701 casu
506 1640 712 1710 advenerunt3
726 1642 883 1718 reliquae,
907 1651 941 1703 ut
954 1652 999 1704 est
1010 1659 1033 1702 e.

29 1748 33 1753 ·
68 1726 250 1798 nuntiatum,
274 1724 408 1784 incertae
425 1726 562 1785 locorum
576 1725 694 1784 Uticam
708 1741 818 1788 versus
835 1734 943 1802 petere
958 1729 1033 1789 visae

68 1817 147 1869 sunt.
177 1809 299 1869 Interim
314 1809 427 1870 Caesar
448 1810 556 1869 amari
570 1825 632 1868 non
649 1809 767 1884 digredi
782 1827 888 1886 neque
901 1814 1031 1873 mediter·

67 1910 161 1954 ramea
181 1900 286 1969 petere
306 1902 432 1969 propter
452 1895 575 1954 navium
597 1909 732 1954 errorem
756 1897 988 1972 equitatumque
1009 1897 1031 1955 in

68 1979 195 2039 navibus
212 1995 332 2039 omnem
349 1979 517 2053 continere,
532 1985 566 2039 ut
580 1979 723 2053 arbitror,
749 1996 788 2039 ne
803 1981 870 2055 agri
885 1989 1031 2041 vastaren-

68 2071 131 2134 tur,
147 2080 257 2139 aquam
273 2065 303 2123 in
319 2080 414 2123 naves
430 2063 513 2123 iubet
528 2064 720 2138 comportari.
750 2064 897 2139 Remiges
913 2066 1030 2137 interim,

68 2149 119 2223 qui
135 2156 280 2223 aquatum
295 2164 312 2207 e
327 2149 458 2209 navibus
470 2149 616 2221 exierant,
634 2149 733 2208 subito
747 2149 868 2224 equites
876 2150 974 2210 Mauri
988 2166 1029 2209 ne·

68 2248 128 2307 que
143 2232 337 2306 opinantibus
347 2233 538 2292 Caesarianis
553 2232 651 2292 adorti
665 2234 775 2291 multos
792 2234 901 2293 iaculis
918 2236 1029 2295 conuul-

67 2324 217 2389 namnum,
233 2319 395 2377 nonnullos
411 2317 633 2377 interfecerunt.
660 2317 767 2376 Latent
781 2318 862 2376 enim
877 2319 907 2378 in
924 2318 1029 2379 insidiis

67 2417 135 2460 cum
158 2401 244 2475 equis
266 2401 344 2460 inter
365 2404 521 2461 convalles
542 2409 573 2462 et
593 2402 693 2462 subito
710 2401 859 2477 existunt,
887 2419 951 2465 non
965 2411 996 2464 ut
1006 2404 1029 2462 iu

67 2501 174 2559 campo
191 2485 358 2544 comminus
374 2485 560 2561 depugnent.

149 2569 227 2627 VIII.
249 2569 360 2629 Caesar
375 2570 492 2630 interim
508 2570 537 2629 in
555 2570 724 2631 Sardiniam
740 2571 864 2632 nuntios
881 2589 951 2633 cum
965 2575 1028 2639 litte·

65 2654 107 2713 ris
123 2661 153 2714 et
166 2655 195 2712 in
211 2655 344 2729 reliquas
360 2656 535 2729 provincias
557 2655 699 2715 finitimas
713 2656 839 2729 dimisit,
866 2664 901 2716 ut
915 2658 972 2717 sibi
987 2674 1028 2717 au·

65 2738 150 2813 xilia,
174 2745 375 2811 commeatus,
398 2741 594 2815 trumentum,
621 2740 802 2814 simulatque
818 2741 935 2800 litteras
951 2743 1018 2817 legis

66 2830 148 2896 sent,
174 2824 320 2882 mittenda
335 2832 490 2895 curarent,
518 2825 755 2898 exoneratisque
777 2826 888 2898 partim
912 2827 1028 2885 navibus

67 2909 165 2981 longis
178 2908 331 2968 Rabirium
344 2908 518 2967 Postumum
531 2910 558 2968 in
574 2908 704 2968 Siciliam
722 2908 759 2967 ad
775 2911 947 2970 seeundum
960 2927 1028 2971 com·

67 3000 195 3052 meatum
212 2992 429 3051 arcessendum
446 2993 540 3053 inittit.
571 2993 690 3052 Interim
707 3008 774 3051 cum
787 2994 894 3052 decem
912 2996 1029 3055 navibus

67 3077 164 3149 longis
187 3076 225 3134 ad
249 3077 382 3151 reliquas
405 3092 498 3136 nares
515 3078 670 3137 onerarias
688 3078 934 3151 conquirendas,
962 3092 1030 3154 quaa

67 3160 274 3229 detumescat,
305 3168 334 3219 ct
355 3161 441 3220 simui
465 3177 547 3221 intare
569 3162 712 3222 urendum
734 3162 772 3220 ab
794 3162 936 3224 hostibus
959 3165 1031 3223 iubet

67 3244 220 3318 proficisci
260 3245 331 3303 ltem
348 3245 369 3304 C
388 3244 562 3305 Sallustium
579 3246 716 3320 Crispum
733 3254 907 3319 praetorem
923 3249 1019 3308 adCer

66 3329 161 3387 cinam
178 3328 305 3388 insulam
327 3345 450 3402 versam,
478 3348 566 3404 quam
592 3330 757 3390 adversarii
786 3332 945 3407 tenebant,
972 3347 1029 3392 cnm

67 3422 152 3485 parte
168 3414 288 3472 navium
306 3414 348 3473 ire
366 3414 462 3485 iubet,
490 3416 571 3487 ‹piiod
590 3416 628 3474 ibi
644 3432 784 3489 magnum
803 3433 961 3476 numerum
978 3419 1028 3475 iru-

64 3493 1027 3581 mentiesseaudiebat.Haecitaimperabutunicuique,itaprae

66 3575 214 3653 cipiebiit,
233 3581 273 3640 uti
287 3580 351 3640 lieri
364 3598 422 3641 non
438 3599 531 3656 posse
546 3599 646 3656 necque
658 3583 757 3642 locum
770 3589 929 3648 excusatio
944 3594 1027 3651 ultum

66 3660 185 3719 halieret
205 3680 391 3724 naeniarum
412 3668 632 3739 tergiversatio.
657 3668 726 3743 lpse
749 3668 863 3729 interea
881 3690 917 3732 ex
934 3678 1026 3750 pertu-

67 3742 112 3819 gis
129 3755 156 3804 et
171 3745 277 3806 inutilis
291 3749 419 3820 ciigoiiis
432 3751 663 3811 eiriidiciouibus
684 3749 837 3827 Scipionis
853 3762 946 3833 etqui
965 3778 1024 3824 eum
