2272 4176
80 1399 158 1482 Cum
185 1415 327 1492 proximo
352 1432 431 1477 anno
457 1415 528 1475 mihi
551 1430 661 1475 munus
689 1414 895 1488 iniungeretur
915 1431 935 1475 a
959 1417 993 1478 Β.
1020 1420 1055 1482 (t.

80 1502 259 1574 Teubnero,
284 1499 350 1562 viro
365 1500 597 1566 honestissimo,
622 1507 656 1559 ut
676 1515 715 1558 ex
737 1497 819 1568 aliie,
846 1501 898 1575 qui
919 1503 1007 1563 novis
1026 1511 1056 1567 ot

82 1587 164 1647 cutis
180 1595 211 1646 et
225 1585 330 1646 habitu
344 1600 384 1646 ex
398 1586 464 1645 eius
479 1585 602 1645 officina
617 1584 764 1659 prodituri
780 1591 898 1660 essent,
924 1587 1055 1664 antiquis

82 1670 285 1746 scriptoribus
301 1669 441 1731 Caesaris
463 1685 521 1743 ego
538 1669 771 1728 commentarios
786 1673 1055 1743 recognoscendos

83 1770 252 1828 sumerem,
278 1754 390 1815 dubius
408 1753 599 1829 'aliquamdiu
613 1751 791 1824 haerebam,
818 1756 977 1826 quomodo
988 1772 1053 1819 meo

85 1838 185 1900 officio
201 1837 419 1898 satisfacerem.
444 1837 623 1898 Scholarum
641 1835 720 1893 enirn
736 1837 886 1895 commodi
898 1839 995 1912 prima
1008 1858 1055 1902 ra-

85 1924 125 1982 tio
141 1930 205 1982 erat
218 1921 368 1996 habenda,
385 1923 441 1982 sed
458 1923 546 1982 simul
562 1927 592 1979 et
606 1920 665 1994 ipsi
677 1919 799 1978 Caesari
815 1920 927 1996 aliquid
942 1939 1054 1998 operae

86 2013 212 2065 navatae
232 2007 453 2079 postulabatur.
482 2005 588 2064 Libeiii
609 2004 685 2063 ratio
707 2020 766 2063 non
784 2006 974 2077 permittebat
989 2024 1055 2070 eor-

83 2091 236 2150 rectiones
251 2106 335 2149 meas
352 2092 472 2150 firmare
485 2090 632 2164 pluribus.
662 2089 769 2148 Restat
784 2088 872 2161 igitur
887 2091 944 2150 iam
961 2109 1054 2167 opere

83 2175 240 2247 absoluto,
264 2181 298 2233 ut
318 2175 484 2234 indiculum
505 2182 587 2233 certe
609 2172 773 2246 praefigam
789 2186 892 2232 eorum
910 2178 1054 2253 iocorum,

83 2259 111 2317 in
127 2259 238 2333 quibus
254 2274 272 2316 a
288 2258 384 2319 Caroli
400 2257 574 2332 Nipperdeii
596 2258 634 2316 V.
651 2257 709 2330 et,
736 2258 823 2316 cuius
845 2257 953 2319 horum
974 2277 1053 2321 corn

82 2343 296 2402 mentariorum
318 2345 499 2402 recensione
522 2342 609 2417 quasi
628 2358 682 2416 pro
700 2341 894 2402 fundamento
912 2347 1054 2406 utendum

82 2435 159 2499 erat,
187 2427 366 2486 auctoritate
381 2429 420 2487 ad
436 2426 592 2502 proprium
609 2426 752 2484 iudicium
768 2429 958 2487 recesserim.

139 2511 191 2570 DE
203 2511 326 2570 BELLO
342 2512 452 2571 GALL.
468 2513 489 2585 1,
500 2505 547 2571 tt.
557 2511 664 2568 retinui
674 2511 806 2569 debeortt.
821 2510 855 2580 ΙΙ,
866 2509 1054 2586 12.corrsecto

84 2611 141 2654 non
158 2595 296 2669 spurium
313 2596 452 2655 iudicavi.
483 2597 517 2666 ΙΙ,
536 2591 585 2653 at.
604 2594 713 2667 scripsi
726 2603 904 2668 propriorem,
917 2614 982 2670 poo.
1004 2598 1053 2672 ΙΙΙ,

84 2678 129 2739 12.
139 2681 183 2738 br'r
195 2695 255 2737 non
269 2680 431 2739 delendum
444 2680 559 2739 censui.
576 2680 624 2751 ΙΙΙ,
638 2675 685 2737 lt).
696 2678 806 2752 scripsi
819 2683 926 2739 certior
933 2682 1053 2754 foetos,-

28 2806 31 2813 ·
82 2767 275 2837 ciuitatesque.
304 2764 353 2837 tv,
371 2763 398 2837 l,
417 2765 525 2824 retinui
541 2764 620 2837 qood
634 2779 689 2836 pro
704 2779 798 2836 quom.
832 2763 869 2834 V,
886 2763 914 2823 9.
931 2767 1011 2825 edidi
1025 2774 1054 2828 et

29 2844 33 2853 '
80 2849 231 2923 praesidio
248 2849 371 2907 ooor‘bos
391 2848 421 2919 O.
440 2851 555 2908 Atrium
572 2848 728 2920 praefecit.
764 2847 801 2919 V,
817 2845 867 2907 29.
885 2863 952 2906 euni
969 2848 1051 2912 tibris

84 2933 203 3006 scriptis
221 2931 327 2990 retinui
342 2934 470 2992 baberet.
503 2932 540 3001 V,
557 2928 608 2990 36.
624 2931 735 3004 scripsi
750 2935 918 3006 impetrare.
946 2933 984 3007 V,
1000 2932 1050 2994 43.

28 3026 35 3089 ζ-
83 3017 186 3075 retinui
203 3032 344 3075 succenso
366 3032 434 3076 cum
455 3017 538 3076 libris
560 3031 651 3073 manu
673 3016 804 3073 exaratis
826 3014 975 3075 omnibus.
1012 3021 1051 3094 V,

83 3096 129 3160 44.
155 3100 413 3174 reincipiatur,
440 3108 470 3160 et
491 3100 520 3158 in
542 3099 741 3173 sequentibus
766 3099 883 3158 correxi
902 3109 1051 3164 conaverat.

28 3186 36 3249 't
82 3183 168 3244 Illinc
183 3192 321 3244 occurrat
336 3187 430 3257 ocios,
446 3185 549 3258 plodio
566 3187 725 3244 comminor
741 3199 802 3241 rem
816 3185 896 3255 perit
912 3185 1051 3248 Voreoos.

28 3342 30 3347 Ι
82 3266 118 3341 V,
133 3265 184 3327 tt.
200 3284 268 3328 cuni
284 3267 502 3343 Oudendorpio
518 3268 628 3344 scripsi
647 3285 698 3337 oe,
720 3284 760 3326 ex
776 3267 906 3329 bibernis
920 3270 1050 3344 soporat

28 3358 37 3411 i
83 3354 201 3415 umbem
219 3353 434 3430 prosectionem
453 3354 574 3426 fecisset
579 3398 586 3426 ,
609 3353 732 3414 bostium
753 3353 889 3434 impetum
909 3358 1051 3420 oratioere
