2272 4176
118 278 179 341 162
404 280 455 338 DE
477 277 600 339 BELLO
625 277 788 338 Gannico

114 436 188 499 cum
203 449 277 494 suos
293 448 399 508 pugna
412 435 589 509 superiores
606 447 676 492 esse
692 432 768 491 Galli
783 433 978 498 confiderent
991 443 1023 500 et
1035 456 1083 503 no

114 528 195 582 stros
210 519 402 580 multitudine
417 520 513 594 premi
527 519 676 591 viderent,
692 533 731 576 ex
747 518 889 580 omribus
904 522 1046 596 partibus
1059 532 1086 587 ct

113 606 143 682 ii,
158 606 209 682 qui
225 604 442 665 munitionibus
459 604 706 677 continebantur,
720 610 750 662 et
763 603 803 678 bi,
820 603 873 680 qui
888 605 929 665 ad
945 608 1085 670 auxilium

113 697 333 765 convenerant,
362 692 494 750 clamore
515 697 545 749 et
565 689 680 749 ululatu
702 705 828 749 suorum
842 689 964 751 animos
981 694 1084 754 confir-

111 777 242 838 mabant.
260 776 347 849 Quod
362 775 393 834 in
411 781 581 850 conspectu
595 775 728 833 omnium
743 791 793 834 res
808 774 976 849 gerebatur
990 793 1086 854 neque

111 868 193 922 recte
208 877 244 921 ac
259 859 385 935 turpiter
401 860 512 920 sactum
528 860 619 919 celari
634 865 762 934 poterat,
778 867 930 936 utrosque
945 870 977 921 et
990 864 1084 923 laudis

113 946 263 1022 cupiditas
292 952 322 1005 et
347 945 436 1005 timor
459 944 644 1021 ignominiae
669 944 709 1004 ad
735 944 877 1005 virtutem
902 947 1084 1008 excitabant

112 1031 185 1093 Cum
207 1047 226 1090 a
245 1029 371 1089 meridie
392 1046 490 1105 prope
512 1032 552 1090 ad
574 1031 649 1090 solis
678 1045 823 1091 occasum
846 1030 942 1091 dubia
961 1033 1085 1094 victoria

112 1123 305 1193 pugnaretur,
323 1116 463 1174 Germani
478 1132 540 1175 una
553 1115 584 1174 in
599 1122 686 1190 parte
702 1115 848 1175 confertis
862 1117 973 1177 turmis
988 1117 1018 1178 in
1034 1117 1082 1179 ho

111 1207 175 1262 stes
190 1201 334 1275 impetum
350 1201 487 1261 lecerunt
501 1217 619 1276 eosque
634 1203 854 1276 propulerunt;
871 1201 986 1277 quibus
1000 1203 1031 1263 in
1042 1204 1081 1265 lu-

111 1301 181 1361 gam
203 1285 349 1346 coniectis
371 1287 517 1361 sagittarii
548 1285 747 1346 circumventi
769 1285 987 1362 interfectique
1007 1295 1081 1349 suut

111 1371 184 1431 ltem
200 1386 239 1430 ex
250 1371 376 1446 reliquis
389 1372 526 1446 partibus
542 1371 638 1432 nostri
653 1371 799 1432 cedentes
813 1387 916 1447 usque
930 1374 972 1433 ad
988 1380 1083 1434 castra

112 1455 242 1516 insecuti
267 1455 315 1515 sui
340 1457 504 1531 colligendi
527 1459 701 1517 facultatem
726 1473 788 1517 non
810 1457 975 1519 dederunt.
1003 1460 1044 1519 At
1055 1458 1083 1533 ii,

112 1540 165 1617 qui
179 1540 217 1601 ab
232 1541 338 1600 Alesia
352 1548 578 1617 processerant,
594 1541 703 1602 maesti
716 1558 816 1619 prope
829 1541 962 1605 victoria
977 1543 1085 1620 despo-

110 1632 177 1687 rata
191 1641 226 1687 se
241 1626 271 1684 in
288 1627 434 1701 oppidum
448 1633 639 1702 receperunt.
1098 1624 1104 1641 '

194 1710 322 1771 LXXXI.
345 1713 413 1773 Uno
436 1712 485 1772 dio
505 1713 679 1773 intermisso
705 1712 780 1771 Galli
802 1718 896 1787 atque
910 1712 973 1775 lroc
987 1714 1081 1791 spatio

112 1811 221 1872 magno
238 1797 378 1874 cratium,
406 1799 572 1874 scalarum,
599 1798 810 1873 harpagonum
831 1813 963 1859 numero
978 1798 1081 1860 effecto

112 1882 212 1942 media
226 1890 316 1943 nocte
331 1883 453 1944 silentio
464 1898 504 1942 ex
516 1882 625 1943 castris
637 1881 756 1958 egressi
768 1883 809 1942 ad
819 1888 1012 1958 campestres
1022 1900 1078 1945 mu·

114 1967 243 2030 nitiones
259 1969 418 2029 accedunt.
436 1967 542 2030 Subito
560 1970 691 2029 clamore
707 1967 838 2043 sublato,
855 1984 918 2044 qua
931 1970 1079 2045 significa·

112 2053 194 2113 tione
209 2054 261 2129 qui
275 2054 305 2112 in
321 2055 437 2130 oppido
453 2053 674 2114 obsidebantur
694 2053 734 2112 de
748 2068 805 2114 suo
821 2053 957 2114 adventu
973 2070 1080 2131 cogno

112 2153 199 2199 scere
215 2145 358 2213 possent,
374 2145 473 2198 crates
490 2138 644 2214 proicere,
662 2138 780 2213 lundis,
796 2138 916 2213 sagittis
930 2140 1082 2215 lapidibus

111 2229 234 2283 nostros
257 2224 296 2283 de
315 2225 396 2285 vallo
417 2224 600 2300 proturbare
614 2224 810 2299 reliquaque,
837 2239 917 2299 quaa
931 2225 974 2284 ad
990 2241 1082 2302 oppu-

111 2307 286 2384 gnationem
300 2310 468 2384 pertinent,
493 2314 603 2384 parant
623 2308 853 2368 administrare·
872 2308 994 2369 Eodem
1013 2317 1083 2371 tenr

110 2408 188 2469 pore
203 2394 336 2454 elamore
351 2394 495 2457 exaudito
512 2395 564 2454 dat
578 2394 652 2454 tuba
666 2394 788 2471 signum
803 2393 869 2454 suis
883 2394 1082 2471 Vercingeto-

111 2478 159 2538 rix
173 2484 266 2553 atque
281 2495 320 2538 ex
336 2482 450 2555 oppido
467 2479 577 2540 educit.
608 2478 724 2554 Nostri,
746 2486 781 2539 ut
793 2478 1010 2554 superioribus
1024 2480 1100 2541 dia.

111 2564 178 2640 bus,
194 2570 228 2624 ut
242 2565 353 2640 cuique
367 2573 432 2625 erat
446 2568 533 2626 locus
549 2565 729 2642 adtributus,
745 2565 784 2624 ad
799 2564 985 2626 munitiones
1000 2581 1083 2626 accc·

112 2649 201 2720 dunt;
218 2650 319 2709 lundis
334 2650 484 2711 librilibus
500 2650 706 2727 sudibusque,
730 2665 806 2726 quas
821 2650 852 2709 in
869 2666 966 2726 opere
981 2651 1083 2727 dispo-

111 2740 244 2810 suerant,
260 2751 296 2794 ac
311 2735 474 2810 glandibus
490 2736 593 2795 Gallos
609 2740 788 2812 proterrent
817 2734 990 2811 Prospectu
1003 2743 1084 2805 tene-

110 2819 174 2880 bris
190 2821 332 2895 adempto
355 2822 450 2880 multa
464 2821 616 2896 utrimque
633 2823 761 2882 vulnera
775 2820 979 2895 accipiuntur.
1010 2821 1082 2882 Con·

111 2906 200 2981 plura
213 2906 372 2967 tormentis
387 2908 448 2967 tela
463 2905 662 2968 coniciuntur.
693 2905 734 2965 At
747 2903 871 2965 Marcus
886 2907 1042 2969 Antonius
1056 2910 1084 2966 et

112 2990 204 3050 Gaius
211 2990 381 3051 Trebonius
389 2991 490 3066 legati,
505 2990 616 3067 quibus
629 2993 687 3051 bae
695 2997 798 3065 partes
807 2990 847 3049 ad
858 2991 1084 3053 defendendum

111 3075 307 3151 obvenerant,
324 3093 385 3152 qua
399 3091 437 3134 ex
453 3083 540 3151 parte
554 3084 676 3137 nostros
692 3076 790 3151 premi
803 3075 1024 3154 intellexerant,
1038 3076 1085 3139 tris

111 3162 224 3222 auxilio
240 3177 279 3220 ex
294 3160 491 3222 ulterioribus
507 3163 639 3222 castellis
656 3163 807 3222 deductos
823 3162 1060 3223 summittebant

194 3247 335 3306 LXXXII.
363 3248 441 3306 Dum
463 3247 584 3323 longius
606 3249 643 3308 ab
663 3246 832 3307 munitione
852 3247 981 3308 aberant
1001 3245 1084 3323 Galli,

113 3331 182 3404 plus
204 3332 393 3392 multitudine
407 3333 537 3393 telorum
551 3333 770 3407 proficiebant;
796 3338 1001 3408 posteaquam
1014 3349 1084 3409 pro·

112 3413 183 3489 pius
199 3425 431 3492 successerunt,
447 3424 499 3478 aut
513 3434 548 3479 se
566 3418 694 3478 stimulis
710 3416 904 3492 inopinantes
919 3418 1086 3479 induebant

113 3506 165 3559 aut
177 3500 207 3559 in
223 3503 350 3562 scrobes
366 3503 457 3563 delati
471 3504 751 3563 transfodiebantur
765 3509 817 3564 aut
831 3518 870 3561 ex
884 3504 966 3564 vallo
982 3510 1084 3567 attur

111 3583 198 3647 ribus
213 3586 329 3647 traiecti
345 3588 414 3664 pilis
429 3589 596 3649 muralibus
617 3588 788 3649 interibant
831 3586 936 3650 Multis
950 3589 1086 3668 undiquc
