2272 4176
199 235 240 275 ou
261 233 365 274 sunno
386 233 587 275 rvovarmno
612 234 639 274 o.
661 226 703 279 32.
727 228 770 279 35.
791 225 834 280 34.
961 217 1002 276 59

110 379 187 439 Dum
209 379 281 438 haec
302 377 412 438 llomae
434 389 592 455 geruntur,
616 383 665 459 qui
685 382 715 439 in
730 380 862 440 Numidia
877 380 970 441 relicti
986 393 1028 442 aa

54 464 121 523 estia
138 462 278 522 exercitui
292 468 449 538 praeerant
461 464 553 522 secuti
567 480 680 522 morem
692 465 866 540 inperatoris
880 465 925 524 sui
938 464 1002 540 plu·

54 563 111 606 rma
127 552 155 605 et
168 544 398 621 flagitiosissuma
414 544 541 605 facinora
555 544 667 606 iecere:
683 545 766 605 lucre
780 547 830 622 qui
845 563 916 606 auro
931 558 1026 610 con-3

54 629 105 705 rpti
120 626 289 704 elephantos
303 625 458 703 Iugurthae
472 627 635 695 traderent,
651 627 698 688 alii
711 627 849 705 perfugas
866 629 1000 697 vendere,

54 729 95 771 irs
118 729 154 771 ex
167 710 275 787 pacatis
294 708 417 785 praedas
430 708 570 786 agebant:
593 712 727 771 tentaris
747 712 880 772 avaritiae
895 712 925 770 in
940 713 1027 778 ani-4

55 812 90 854 os
112 810 215 854 eorum
231 790 318 851 veluti
337 790 418 851 tabes
437 793 590 853 invaserat.

111 877 147 935 At
162 876 276 936 Cassius
289 874 400 952 perlata
418 877 567 951 rogatione
581 893 598 935 a
615 877 649 938 G.
667 875 801 936 Memmio
816 893 850 936 ac
866 875 1025 952 perculsae

54 961 107 1019 nni
120 958 269 1018 nobilitate
283 957 320 1016 ad
337 956 507 1033 Iugurtham
526 959 728 1035 proficiscitur,
751 960 835 1037 eique
851 959 951 1018 timido
973 965 1002 1019 et

54 1041 252 1103 rcouscientia
272 1038 413 1100 diffidenti
431 1039 521 1100 rebus
540 1042 600 1100 suis
620 1041 791 1118 persuadet,
812 1043 948 1119 quoniam
969 1060 1001 1103 se

54 1124 136 1203 ›pulo
146 1123 278 1184 Romano
294 1121 427 1190 dedisset,
446 1140 484 1183 ne
505 1125 562 1183 vim
582 1141 670 1201 quam
688 1124 917 1184 misericordiam
940 1127 1000 1184 cius

54 1208 154 1285 rperiri
170 1205 276 1266 mallet.
304 1205 440 1265 Privatim
458 1216 610 1283 praetcrea
624 1206 712 1268 iidem
733 1224 815 1267 suam
834 1209 999 1284 interponit,

54 1309 114 1352 ram
142 1290 189 1350 ille
218 1306 276 1348 non
307 1289 426 1347 minoris
453 1306 540 1366 quam
556 1288 703 1367 publicam
722 1289 861 1350 ducebat:
883 1290 948 1350 talis
967 1309 999 1350 ea
1011 1295 1051 1357 33

55 1380 197 1451 mpestate
215 1372 291 1431 lama
306 1371 343 1431 de
357 1371 453 1431 Cassio
468 1378 539 1432 erat.
562 1372 664 1448 -lgitur
678 1373 818 1447 Iugurtha
833 1382 935 1433 contra
951 1374 1000 1434 de·

53 1475 80 1516 rs
97 1457 210 1533 regium
231 1453 310 1514 cultu
326 1471 413 1531 quam
429 1471 564 1514 maxume
579 1454 735 1514 miserabili
750 1473 817 1515 oum
832 1455 928 1516 Cassio
942 1456 1000 1516 llo-
1053 1492 1056 1497 -

54 1557 105 1600 am
122 1540 207 1598 venit.
237 1537 294 1605 Ac,
313 1538 428 1597 tametsi
442 1539 548 1615 inipso
564 1539 723 1613 magnario
739 1539 827 1597 animi
844 1545 914 1606 erat,
932 1556 1023 1604 con-2

54 1629 158 1682 rmatus
179 1620 215 1680 ab
236 1618 385 1687 omnibus,
410 1638 536 1698 quorum
557 1622 685 1697 potentia
699 1627 749 1680 aut
769 1620 878 1681 scelere
896 1630 999 1680 cuncta

54 1726 61 1765 ι
79 1711 216 1781 gesserat,
229 1721 303 1780 quae
317 1719 409 1779 supra
421 1704 552 1771 diximus,
569 1705 602 1765 G.
618 1703 759 1764 Baebium
773 1703 925 1764 tribunum
939 1704 1000 1780 ple-

54 1791 75 1848 ei
97 1804 200 1885 magna
218 1786 354 1846 mercede
374 1792 472 1862 parat,
494 1788 575 1846 cuius
596 1786 764 1863 inpudentia
785 1794 885 1846 contra
907 1788 951 1846 ius
972 1793 1001 1846 et

54 1873 147 1931 durias
169 1871 261 1929 omnis
289 1870 418 1929 munitus
439 1868 524 1928 foret.
568 1869 604 1928 Aa
628 1869 662 1928 G
684 1868 836 1930 Memmius
863 1870 1027 1938 advocatas

54 1956 173 2021 mtione,
191 1969 366 2031 quamquam
379 1954 443 2028 regi
456 1951 559 2013 iuiesta
574 1951 675 2029 plebes
693 1959 756 2012 erat
770 1959 799 2014 et
813 1970 881 2029 pars
895 1955 924 2012 iu
940 1955 998 2012 vin-

54 2037 93 2097 xla
109 2037 175 2096 duci
190 2035 316 2103 iubebat,
332 2051 409 2110 para,
425 2037 456 2094 ui
469 2024 563 2094 soclos
578 2035 697 2095 sceleris
708 2037 753 2095 sui
763 2037 899 2113 aperiret,
917 2054 999 2095 more

54 2122 171 2180 talorum
184 2118 219 2179 de
232 2119 316 2177 hoste
329 2117 503 2195 subplicium
514 2120 598 2187 sumi,
615 2119 744 2194 dignitati
759 2136 847 2196 quam
860 2121 920 2179 irae
938 2137 998 2178 ma·

54 2221 71 2263 s
88 2202 241 2262 consulens
254 2201 357 2260 sedare
371 2207 467 2261 motus
484 2208 513 2260 ct
528 2204 639 2261 animos
655 2219 757 2261 eorum
772 2200 898 2270 mollire,
921 2208 999 2278 post·

54 2303 110 2346 cmo
131 2285 302 2345 confirmare
322 2284 409 2343 fidem
428 2282 574 2360 publicam
596 2302 649 2361 per
669 2302 733 2345 sese
748 2284 910 2345 inviolatam
926 2284 998 2343 lore.

54 2375 105 2436 ost,
128 2368 179 2428 ubi
200 2367 345 2426 silentium
367 2368 469 2442 coepit,
488 2369 631 2443 producto
652 2367 791 2443 iugurtha
811 2366 899 2427 verba
922 2367 1025 2434 facita

54 2470 138 2511 omae
153 2450 361 2527 Numidiaeque
378 2448 507 2509 facinora
527 2452 588 2510 eius
602 2455 759 2518 memorat,
780 2449 890 2510 scelera
905 2452 934 2508 iu
948 2467 998 2527 pa-

55 2553 104 2595 cm
123 2532 285 2609 fratresque
306 2531 443 2591 ostendit:
467 2532 571 2608 quibus
592 2533 754 2593 iuvantibus
769 2532 931 2611 quibusque
945 2534 998 2591 mi·
1032 2547 1034 2552 ’

57 2619 126 2677 stris
150 2634 182 2675 ea
204 2616 310 2690 egerit,
334 2632 510 2692 quamquam
529 2615 676 2690 intellegat
696 2615 821 2693 populus
840 2614 997 2682 Romanus,

55 2716 124 2760 mon
140 2698 210 2759 velle
225 2698 385 2758 manufesta
402 2699 494 2772 magis
509 2717 544 2758 ex
564 2697 614 2757 illo
630 2698 755 2758 habere:
776 2699 800 2757 si
813 2715 914 2757 verum
930 2715 997 2774 ape·

54 2791 97 2852 at,
120 2784 150 2841 in
169 2781 225 2841 fide
244 2787 272 2840 et
294 2781 445 2840 clementia
458 2780 557 2878 populi
571 2780 694 2841 llomani
707 2796 843 2856 magnam
861 2797 944 2859 spem
958 2779 998 2839 illi

54 2873 125 2933 tam,
149 2867 192 2924 sin
215 2866 347 2931 reticeat,
376 2880 436 2922 non
456 2865 541 2923 sociis
556 2862 639 2923 saluti
660 2864 738 2934 iore,
758 2869 802 2923 set
822 2880 853 2922 se
873 2880 999 2939 suasque

54 2967 93 3010 res
109 2953 330 3023 corrupturum.
357 2945 474 3014 Deinde,
489 2946 540 3006 ubi
554 2946 706 3007 Memmius
721 2909 837 3006 dicundi
851 2944 940 3004 finem
955 2945 996 3004 fe·
1008 2950 1048 3011 34

54 3040 65 3093 t
92 3037 121 3092 et
128 3030 276 3107 iugurtha
294 3029 495 3124 respondere
487 3035 647 3098 russusest,
669 3028 703 3087 G.
718 3027 843 3089 Baebius
863 3026 997 3087 tribunus

54 3115 137 3182 choi,
153 3131 240 3191 quem
255 3113 379 3190 pecunia
394 3118 568 3187 corruptum
589 3128 677 3188 supra
692 3111 824 3179 diximus,
840 3126 940 3186 regem
954 3116 996 3170 ta·

54 3216 95 3259 tre
115 3197 204 3265 iubet,
225 3214 259 3255 ac
271 3195 387 3254 tametsi
402 3193 563 3261 multitudo,
587 3212 661 3272 quae
682 3195 711 3253 in
732 3195 866 3253 contione
888 3194 996 3262 aderat,

54 3281 214 3341 rhemcntcr
229 3279 352 3339 adcensa
366 3275 496 3336 terrebat
511 3294 578 3336 eum
600 3276 727 3336 clamore
744 3275 830 3344 voltu,
854 3293 939 3352 saepe
953 3278 996 3336 in·

54 3370 97 3424 stu
118 3369 205 3439 atque
226 3361 287 3421 aliis
309 3360 442 3420 omnibus
465 3376 538 3437 quae
561 3360 604 3419 ira
624 3359 689 3419 lieri
710 3366 795 3429 amat,
816 3360 882 3420 vicit
901 3366 997 3418 tamen

54 3446 205 3526 pudentia.
241 3443 283 3505 lta
297 3443 422 3522 populus
435 3443 559 3504 ludibrio
576 3442 691 3504 habitus
706 3462 743 3504 ex
757 3444 890 3503 contione
905 3441 1024 3506 disee-2
