2272 4176
124 501 166 565 Ξῦ
418 499 470 560 ult
489 496 615 563 Rullo
637 500 801 563 amico

125 661 384 715 remuneraturum
399 663 430 717 et
443 670 654 732 quaecumque
668 653 748 713 belia
760 654 825 730 geri
840 656 934 716 vellet
946 656 1016 719 sina
1031 660 1088 723 uilo

124 741 190 799 eius
207 740 312 799 labore
326 748 357 799 et
371 742 508 815 periculo
523 741 742 800 coniecturum.

207 824 297 883 XLV.
313 824 409 884 Multa
419 826 457 884 ab
466 826 596 884 Caesare
607 824 638 881 in
649 837 716 881 eam
726 822 909 883 sententiam
920 824 1086 903 dictasunt,

127 924 220 985 quare
234 909 357 983 negotio
372 908 522 968 desistere
533 924 594 967 non
606 913 723 980 posset,
739 916 769 968 et
780 923 882 984 neque
892 924 982 969 suam
992 926 1087 988 neque
1106 928 1109 933 ·

124 994 230 1069 popuii
245 993 371 1053 Romani
388 991 641 1051 consuetudinem
656 992 735 1066 pati,
750 992 794 1051 uti
808 992 924 1066 optime
938 1003 1086 1057 merentes

123 1080 227 1138 socios
247 1079 417 1146 desereret,
443 1090 545 1151 neque
560 1091 595 1135 se
609 1075 745 1135 iudicare
760 1075 887 1135 Galliam
901 1078 1006 1151 potius
1021 1095 1087 1139 esse
1114 1116 1117 1121 -

122 1162 267 1222 Ariouisti
283 1175 372 1235 quam
388 1159 493 1234 populi
507 1160 646 1220 Romani.
670 1159 756 1219 Bello
772 1166 937 1233 superatos
952 1166 1086 1223 esseAr-

122 1262 234 1305 vernos
249 1252 280 1302 at
292 1246 429 1304 Rutenos
444 1244 483 1302 ab
499 1243 532 1317 Q.
547 1244 640 1304 Fabio
654 1242 802 1317 Μωιίιηο,
829 1243 942 1318 quibus
957 1248 1086 1321 populus
1124 1264 1129 1323 ξ

123 1332 277 1390 Romanus
292 1328 462 1400 ignovisset
476 1343 576 1403 neque
591 1328 621 1386 in
642 1326 831 1401 provinciam
850 1326 1027 1402 redegisset
1038 1346 1086 1389 ne·
1120 1320 1129 1387 ἰ

122 1430 182 1489 que
193 1412 378 1486 stipendium
390 1412 588 1486 inposuisset.
602 1410 689 1485 Quod
700 1410 727 1468 si
738 1409 983 1486 antiquissimum
995 1414 1088 1489 quod·
1125 1392 1129 1429 ¹

121 1512 182 1573 que
196 1504 316 1569 tempus
332 1497 465 1569 spectari
487 1503 656 1571 oporteret,
684 1495 791 1569 populi
806 1495 937 1554 Romani
958 1496 1086 1557 iustissi·
1127 1506 1130 1511 '

121 1597 202 1640 mum
216 1594 287 1638 esse
302 1579 332 1637 in
346 1580 440 1638 Gallia
456 1580 631 1655 imperium;
647 1578 673 1638 si
687 1577 832 1636 iudicium
845 1584 974 1639 senatus
986 1582 1087 1642 obser

121 1665 184 1723 vari
200 1671 364 1737 oporteret,
379 1663 503 1722 liberam
519 1663 633 1722 debere
646 1676 720 1733 esse
734 1662 875 1734 Galliam,
902 1679 996 1737 quarn
1010 1660 1088 1725 bello

119 1749 229 1808 nietam
244 1748 308 1807 suis
323 1747 443 1820 iegibus
459 1748 500 1806 uti
515 1747 675 1807 voluisset.

201 1830 304 1891 XLVI.
326 1832 403 1890 llum
428 1830 505 1890 haee
528 1832 558 1889 in
585 1828 749 1904 conloquio
774 1836 937 1903 geruntur,
963 1831 1087 1893 caesari

122 1916 288 1977 nuntiatum
309 1922 357 1974 est
377 1915 497 1989 equites
511 1915 657 1974 Ariovisti
680 1912 810 1988 propius
830 1915 980 1973 tumulum
1000 1931 1088 1975 acee-

120 2003 193 2060 dere
208 2007 238 2058 et
251 2000 291 2059 ad
305 2004 428 2059 nostros
443 1998 630 2074 adequitare,
646 1997 766 2072 lapides
780 1998 904 2072 telaque
917 1998 948 2057 iu
963 2006 1088 2060 nostros

120 2086 271 2146 conicere.
301 2085 414 2145 Caesar
428 2083 573 2159 loquendi
588 2083 679 2142 finem
694 2082 766 2140 lauit
779 2096 878 2155 seque
892 2080 933 2141 ad
948 2098 1026 2144 suos
1040 2098 1088 2143 re·

121 2171 193 2245 cipit
207 2169 334 2244 suisque
348 2168 517 2243 imperauit,
534 2183 572 2227 ne
587 2166 671 2241 quod
686 2166 809 2225 omniuo
825 2167 917 2225 telum
932 2166 964 2224 in
980 2166 1088 2229 hostes

120 2256 278 2314 reicerent
316 2251 390 2310 Nam
410 2252 468 2310 etsi
489 2251 557 2310 sine
576 2251 638 2309 ulio
653 2249 790 2323 periculo
804 2248 935 2322 legionis
950 2250 1088 2311 delectae

120 2355 187 2399 num
202 2337 338 2412 equitatu
352 2334 502 2409 proelium
523 2336 590 2394 lore
610 2332 749 2405 videbat,
774 2338 874 2390 tamen
897 2336 1088 2395 eonnnitten-

120 2426 191 2483 dum
206 2438 266 2480 non
282 2419 422 2493 putabat,
448 2425 482 2476 ut
501 2417 600 2491 pulsis
621 2415 763 2474 hostibus
778 2415 838 2474 diei
853 2424 964 2489 posset
977 2434 1035 2479 eos
1048 2419 1086 2483 al

119 2522 154 2589 se
168 2504 331 2580 perfidem
346 2503 376 2560 in
391 2501 555 2575 conloquio
572 2498 806 2559 circumventos.
835 2498 1043 2576 Posteaquam
1056 2503 1087 2564 iu

117 2592 227 2663 uulgus
242 2588 367 2645 miiitum
383 2586 492 2644 elatum
507 2590 569 2658 est,
592 2598 653 2658 qua
674 2582 854 2656 adrogantia
874 2584 905 2642 in
920 2588 1088 2664 conloquio

119 2672 288 2733 Ariovistus
299 2688 373 2730 usus
386 2668 468 2728 omni
485 2666 580 2727 Gallia
593 2666 740 2726 Romanis
755 2666 975 2743 interdixisset,
991 2670 1087 2747 impe

118 2766 242 2831 tumque
255 2758 284 2814 in
301 2759 424 2813 nostros
440 2750 506 2810 eius
522 2750 641 2825 equites
657 2750 814 2821 iecissent,
830 2766 931 2825 eaque
944 2768 998 2812 ras
1013 2770 1087 2815 aon-

119 2842 252 2917 ioquium
266 2845 300 2898 ut
314 2836 494 2907 diremisset,
511 2835 604 2894 multo
619 2833 715 2893 maior
730 2833 871 2892 alacritas
887 2836 1103 2913 studiumque·

119 2924 272 3003 pugnandi
287 2923 383 2981 maius
400 2918 544 2979 exercitui
556 2918 698 2978 iniectum
712 2924 768 2976 est.

197 3008 312 3067 XLVII.
334 3004 432 3064 Biduo
453 3009 524 3076 post
536 3002 709 3062 Ariovistus
729 3000 769 3058 ad
785 3000 947 3061 Caesarem
967 3003 1088 3079 legatos

118 3093 216 3155 innituit:
241 3092 329 3149 Velle
344 3104 378 3147 se
394 3089 432 3147 de
446 3086 493 3144 his
509 3086 617 3158 rebus,
635 3098 713 3158 quae
728 3082 805 3141 iuter
820 3100 875 3146 eos
891 3087 941 3159 agi
957 3096 1089 3165 coeptae

118 3192 217 3253 noque
229 3175 382 3250 perlectae
394 3177 506 3243 essent,
522 3183 614 3243 agero
626 3182 693 3226 eum
705 3179 760 3225 eo:
775 3167 817 3225 uti
829 3169 1001 3231 auliterum
1013 3188 1086 3235 eon-

118 3262 220 3339 ioquio
238 3258 315 3317 diem
329 3254 523 3315 constitueret
537 3259 597 3326 aut,
612 3250 638 3309 si
654 3248 684 3307 id
699 3248 798 3309 minus
814 3254 914 3326 valiat,
930 3270 948 3312 o
963 3256 1030 3316 suis
1045 3258 1086 3317 le

116 3350 192 3419 quitis
207 3344 338 3417 aliquem
353 3339 391 3397 ad
407 3354 441 3397 se
456 3338 592 3396 mitteret.
623 3332 834 3405 conloquendi
850 3335 974 3397 caesari
989 3356 1086 3401 eausa

117 3434 182 3491 visu
197 3446 256 3489 non
273 3434 326 3501 est,
343 3430 372 3483 ot
386 3438 423 3482 eo
439 3422 550 3494 magis,
574 3416 655 3493 quod
671 3414 769 3489 pridie
783 3416 849 3476 eius
865 3420 927 3477 diei
942 3422 1086 3485 Germani

116 3514 233 3575 rutrnuri
251 3530 310 3571 non
328 3512 465 3585 proterunt
481 3503 553 3579 quin
565 3503 595 3561 in
610 3506 732 3559 nostros
752 3501 810 3557 tela
822 3514 1007 3565 conterrent.
1028 3508 1085 3567 Le

114 3608 214 3669 prinum
224 3616 240 3651 ιι
249 3610 391 3653 srrtssese
405 3606 515 3663 magua
525 3602 592 3646 cum
600 3582 735 3659 periculo
748 3582 867 3643 adeum
880 3587 1045 3649 missurum
1057 3600 1088 3659 et

115 3680 286 3743 irorninitms
301 3678 371 3735 luris
383 3675 571 3737 obiecturum
582 3662 781 3729 existimabat.
797 3666 1085 3735 Commodissimum

115 3768 212 3827 visiun
233 3768 280 3823 eut
302 3754 478 3819 (iuiumv'
670 3745 771 3819 mim,
796 3748 829 3811 0.
854 3752 958 3815 Valeri
973 3756 1085 3821 catut
