2272 4176
139 476 203 541 344
375 478 532 542 BELLUM
551 480 870 543 ALEXANDRINUM.

143 635 179 694 ad
195 634 340 709 oppidum
354 632 471 708 Leptim
487 641 587 694 castra
605 634 744 708 haberet,
771 634 921 695 seditione
940 634 1025 695 iacta
1037 648 1096 695 ceu·

140 718 309 778 turionibus
325 718 442 792 aliquot
455 718 581 793 occisis,
608 720 660 794 qui
680 719 769 795 signa
787 719 853 779 tolli
873 734 935 779 nou
949 718 1096 793 patieban-

138 810 200 878 tur,
226 802 411 862 discessisse
436 809 466 862 et
490 802 529 862 ad
550 804 715 864 secundam
734 804 886 879 legionem
900 802 1096 879 contendisse,

139 902 218 963 quac
232 888 271 946 ad
289 886 398 947 fretum
419 886 478 947 olio
499 887 605 947 itinere
619 888 795 949 ducebatur.
826 887 954 964 Cognita
967 904 1003 949 re
1016 895 1095 949 noctu
1131 952 1134 959 ,

138 986 206 1032 cum
231 971 367 1047 quinque
392 971 568 1032 cohortibus
593 972 922 1034 unetvicesimanorum
946 972 1094 1049 egreditur,

136 1071 226 1116 mane
241 1056 387 1131 pervenit.
417 1055 461 1115 ibi
477 1071 545 1115 eum
560 1057 653 1132 diem,
669 1065 717 1132 ut,
734 1057 808 1133 quid
821 1064 974 1133 ageretur,
990 1056 1094 1133 perspi·

138 1147 235 1215 cerat,
256 1147 391 1201 moratus
409 1140 587 1201 Carmonem
602 1143 765 1202 contendit.
791 1142 850 1202 Hic
865 1158 936 1202 cum
950 1143 1029 1218 legio
1043 1156 1093 1199 xxx

137 1233 167 1286 et
185 1241 241 1283 xxr
263 1233 292 1284 et
313 1225 454 1285 cohortes
477 1232 619 1300 quattuor
640 1242 679 1285 ex
701 1228 805 1302 quinta
825 1227 950 1301 legione
964 1233 1093 1301 totusque

138 1311 335 1371 convenisset
348 1311 516 1385 equitatus,
541 1311 624 1371 audit
645 1318 787 1386 quattuor
808 1311 953 1371 cohortes
969 1326 1091 1371 averna·

138 1395 213 1454 culis
229 1409 397 1470 oppressas
413 1395 453 1454 ad
469 1394 639 1455 Obuculum
654 1412 721 1455 cum
736 1396 783 1456 his
799 1397 839 1455 ad
854 1397 1024 1456 secundam
1037 1410 1090 1470 per·

136 1479 260 1539 venisse
282 1494 450 1554 omnesque
471 1478 512 1538 ibi
533 1495 567 1538 se
589 1479 786 1541 coniunxisse
801 1488 831 1540 et
844 1481 876 1540 Τ.
892 1480 1035 1540 Thorium
1047 1479 1089 1537 lta-

136 1564 282 1623 licensem
296 1564 405 1623 ducem
421 1563 582 1638 delegisse.
610 1564 752 1624 Celeriter
765 1564 869 1625 habito
885 1564 1015 1625 consilio
1028 1563 1089 1622 Mar·

137 1649 246 1708 cellum
261 1647 446 1721 Cordubam,
468 1655 502 1708 ut
517 1664 583 1719 eam
598 1649 628 1708 iu
642 1655 794 1724 potestate
808 1650 970 1723 retineret,
987 1648 1019 1722 Q.
1034 1646 1088 1706 Cas·

137 1733 215 1792 sium
236 1733 368 1807 legatum
387 1732 535 1808 Hispalim
555 1733 651 1794 mittit.
679 1733 788 1794 Paucis
809 1732 837 1792 ei
858 1734 970 1794 diebus
984 1732 1089 1792 aaran

138 1824 321 1877 conventum
338 1817 566 1878 cordubensem
587 1818 625 1877 ab
647 1834 684 1879 eo
700 1818 853 1878 deiecisse
867 1818 1088 1891 Marcellumque

137 1907 188 1962 aut
201 1903 357 1962 voluntate
373 1909 425 1962 aut
439 1903 623 1961 necessitate
637 1903 800 1962 abductum
814 1910 964 1978 (namque
979 1901 1010 1960 id
1023 1900 1088 1959 varie

139 1986 341 2056 nuntiabatur)
364 1987 538 2046 consentire
564 2002 633 2046 oum
659 1987 927 2058 Cordubensibus;
952 1988 1028 2045 duas
1050 2000 1087 2043 co

140 2077 240 2131 nortcs
254 2071 383 2146 legionis
400 2071 536 2146 quintae,
564 2088 643 2146 quae
665 2073 784 2131 inerant
799 2071 960 2132 Cordubae
974 2071 1004 2129 in
1018 2084 1088 2145 prae·

137 2155 223 2231 sidio,
239 2154 319 2214 idem
334 2158 445 2215 iacere.
472 2155 596 2215 Cassius
612 2156 659 2215 his
673 2157 765 2216 rebus
781 2156 927 2216 incensus
941 2162 1040 2215 movet
1052 2169 1088 2212 ca-

136 2247 199 2300 stra
219 2246 250 2299 ct
269 2247 393 2315 postero
416 2241 465 2300 die
481 2239 644 2314 Segoviam
658 2241 699 2299 ad
713 2239 824 2300 humen
841 2239 1002 2300 Siciliense
1015 2237 1089 2297 venit

136 2317 180 2384 lbi
194 2324 296 2383 habita
311 2326 453 2386 contrane
467 2326 591 2385 militum
606 2331 731 2400 temptat
746 2325 879 2394 animos;
898 2341 978 2400 quos
995 2338 1089 2399 cogno·

137 2409 195 2469 scit
219 2426 280 2469 non
296 2425 361 2483 sua,
378 2411 434 2470 sed
450 2410 588 2470 Caesaris
604 2410 738 2469 absentis
756 2409 923 2469 causasibi
938 2409 1090 2469 fidissimos

136 2508 208 2553 esse
234 2494 410 2568 nullumque
433 2494 601 2570 periculum
623 2495 856 2570 deprecaturos,
884 2495 957 2553 dum
977 2510 1032 2571 per
1048 2508 1091 2553 eos

137 2577 259 2638 Caesari
273 2577 430 2652 provincia
444 2578 661 2639 restitueretur.
727 2624 740 2651 ,

219 2662 321 2722 LVlll.
341 2662 461 2723 interim
476 2664 605 2724 Thorius
627 2665 666 2723 ad
682 2662 853 2723 Cordubam
873 2670 999 2723 veteres
1012 2663 1092 2738 legio·

137 2763 192 2806 nes
208 2746 346 2820 adducit,
373 2763 409 2807 ac
430 2764 469 2807 ne
489 2749 693 2808 dissensionis
708 2747 823 2807 initium
838 2755 944 2808 natum
959 2749 1094 2809 seditiosa

135 2831 260 2891 miiitum
275 2848 393 2906 suaque
409 2840 515 2893 natura
528 2834 691 2907 videretur,
709 2833 796 2892 simul
811 2839 845 2892 ut
861 2839 971 2892 eontra
986 2833 1017 2907 Q.
1034 2833 1083 2893 Cas

135 2917 228 2991 sium,
251 2916 303 2991 qui
319 2917 457 2977 Caesaris
474 2918 595 2978 nomine
609 2918 774 2977 maioribus
789 2917 907 2977 viribus
922 2919 967 2977 uti
983 2918 1094 2977 videba-

135 3008 198 3075 tur,
213 3016 312 3075 acque
327 3008 479 3076 potentem
496 3010 667 3077 opponeret
682 3002 872 3075 dignitatem,
890 3002 942 3061 Cn.
960 3003 1094 3076 Pompeio

14 3064 19 3103 ³
135 3100 168 3145 se
183 3085 371 3159 provinciam
386 3087 558 3161 reciperare
578 3089 657 3146 velle
678 3088 779 3161 palam
800 3087 967 3147 dictitabat.
996 3087 1033 3147 Et
1045 3088 1094 3146 ior-

134 3169 213 3230 sitan
233 3171 322 3230 etiam
342 3169 402 3231 hoo
423 3171 529 3232 fecerit
550 3173 620 3232 odio
637 3171 775 3230 Caesaris
800 3177 830 3229 et
851 3187 958 3230 amore
972 3170 1095 3246 Pompei,

135 3254 220 3314 cuius
237 3270 347 3314 nomen
363 3257 487 3315 muitum
503 3262 623 3331 poterat
637 3256 720 3330 apud
735 3271 788 3314 eas
804 3256 955 3330 legiones,
974 3272 1049 3333 quas
1061 3254 1095 3313 hi.

131 3339 232 3399 Varro
249 3339 427 3399 obtinuerat.
446 3339 506 3400 Sed
522 3340 562 3414 id,
579 3345 757 3416 quamente,
774 3341 945 3401 eommunis
959 3347 1096 3401 eratcon·

134 3423 261 3483 iectura:
285 3431 366 3484 certe
388 3425 447 3485 hoc
463 3442 537 3500 prae
553 3441 587 3484 se
601 3425 728 3486 Thorius
745 3424 878 3495 ferebam
901 3427 1013 3486 milites
1027 3426 1095 3486 adeo

133 3508 317 3582 fatebantur,
344 3520 376 3570 ut
398 3511 448 3571 Cn.
471 3511 597 3584 Pompei
629 3527 737 3570 nomen
759 3511 789 3568 in
813 3512 910 3570 scutis
925 3511 1096 3586 inscriptum

132 3590 286 3652 haberent.
311 3593 468 3671 Frequens
483 3595 654 3671 legionibus
671 3601 839 3655 conventus
856 3595 980 3656 obvium
996 3594 1096 3672 prodit,

132 3690 233 3750 neque
255 3684 367 3739 tantum
390 3682 537 3754 virorum,
565 3682 620 3740 sed
645 3680 733 3739 etiam
759 3688 888 3741 matrum
913 3682 1043 3742 familias
1065 3694 1096 3739 ao

130 3766 390 3839 praeteritotorum
405 3766 656 3844 deprecaturque,
672 3782 710 3825 ne
726 3765 827 3826 hostili
843 3767 980 3829 adventu
992 3767 1094 3829 Cordu-

285 4024 325 4135 ”t
