2272 4176
127 486 187 548 106
272 504 315 544 ns
336 503 440 545 annuo
463 502 665 546 maneamne
682 502 710 546 c.
733 496 793 549 110.
816 495 878 547 111.
903 498 964 551 11¹2.

126 654 240 729 eguisse
259 651 415 731 aliquando
432 657 500 712 tuae
517 652 672 721 amicitiae,
695 669 753 729 qua
768 652 848 729 apud
866 670 969 714 meum
988 654 1123 715 animum·

97 735 197 799 anihil
216 738 312 797 carius
330 741 381 796 est.
422 734 456 795 ld
472 734 545 795 adeo
565 737 692 813 experiri
711 735 793 797 licet:
815 754 899 797 arma
912 739 1005 806 uiros,
1027 755 1109 817 pecu

125 823 213 890 niam,
226 826 375 899 postremo
387 819 524 897 quicquid
540 820 637 879 animo
655 819 745 889 lubet,
762 837 845 881 sume
858 827 956 889 utere,
978 829 1009 882 et
1023 820 1110 900 quoad

125 908 212 973 vives,
234 921 395 982 numquam
411 901 491 982 [tibi]
511 903 655 963 redditam
668 905 793 979 gratiam
811 907 980 981 putaveris:
1003 922 1109 983 semper

125 989 203 1066 apud
217 1006 264 1048 me
275 989 389 1062 integra
408 988 478 1046 erit:
493 986 618 1065 denique
629 986 702 1048 nibil
712 1005 760 1048 me
778 989 889 1049 sciente
905 987 1019 1050 frustra
1031 988 1124 1051 voles:

101 1073 213 1143 aNam,
227 1078 259 1132 ut
274 1090 329 1149 ego
343 1077 490 1140 aestume,
503 1088 604 1148 regem
616 1073 705 1131 armis
717 1089 805 1151 quam
820 1073 1026 1134 munificentia
1044 1074 1110 1135 rinei

96 1158 222 1221 ominus
238 1155 413 1231 flagitiosum
429 1161 480 1215 est.
513 1154 650 1215 Ceterum
667 1155 753 1216 dere
770 1155 889 1233 publica
906 1163 1019 1227 vostra,
1037 1158 1109 1219 cuius

89 1290 94 1298 .
125 1247 243 1301 curator
266 1240 325 1300 buc
346 1240 453 1299 missus
472 1255 517 1306 es,
541 1240 641 1317 paucis
658 1240 767 1317 accipe.
804 1238 922 1301 bellum
938 1258 997 1316 ego
1012 1240 1108 1320 populo

124 1323 257 1385 Romano
275 1342 370 1402 neque
393 1323 458 1391 leci,
481 1339 577 1399 neque
598 1322 708 1383 lactum
726 1330 868 1401 umquam
890 1323 990 1385 volui:
1013 1332 1042 1386 at
1055 1326 1108 1384 linis

98 1422 206 1470 tmeos
227 1409 384 1468 advorsum
407 1413 535 1466 armatos
560 1408 649 1465 armis
677 1413 787 1468 tutatus
816 1425 893 1468 sum.
948 1408 984 1469 ld
1005 1410 1130 1477 omitto,

127 1492 243 1568 quando
258 1491 341 1551 vobis
357 1493 396 1551 ita
413 1490 522 1566 placet:
538 1491 645 1565 gerite,
663 1491 759 1569 quoad
775 1490 869 1560 voltis,
888 1510 960 1553 cum
982 1490 1107 1571 lugurtba

123 1575 243 1635 bellum.
260 1573 791 1652 ligollumenllluluobam,qnodinter
802 1575 1106 1654 meetlllicipsamluit,

97 1670 183 1721 8non
190 1659 332 1734 egrediar,
341 1674 437 1733 neque
446 1655 503 1736 [id]
511 1658 621 1717 intrare
629 1656 800 1735 lugurtbanp
808 1660 913 1719 sinam.
927 1659 1106 1722 Praetereasi

126 1742 197 1819 quid
207 1760 313 1820 meque
329 1740 469 1819 vobisque
481 1741 602 1818 dignum
612 1743 758 1818 petiveris,
771 1741 843 1802 haut
855 1744 1000 1822 repulsus
1011 1740 1104 1805 abbo!
1134 1753 1136 1798 i

73 1826 132 1885 tlt
209 1828 252 1887 Ad
269 1845 303 1886 ea
317 1824 396 1885 Sulla
410 1842 465 1902 pro
481 1841 512 1884 se
528 1822 656 1884 breviter
668 1833 697 1884 et
709 1826 833 1894 modice,
852 1826 889 1887 de
905 1845 984 1911 pace
1000 1836 1028 1889 et
1040 1844 1114 1889 conr·
1134 1855 1136 1902 3

97 1907 100 1912 ’
123 1910 261 1971 munibus
273 1909 362 1969 rebus
376 1906 475 1968 multis
488 1907 639 1968 disseruit:
656 1908 781 1987 deniqne
792 1911 857 1986 regi
870 1913 1028 1988 patefecit:
1042 1908 1104 1990 quod
1134 1910 1136 1970 l

123 1995 327 2073 polliceretur,
346 1998 480 2052 senatum
498 1998 526 2050 et
542 1991 684 2069 populum
698 1992 881 2062 Romanum,
907 1998 1051 2073 quoniam
1068 2010 1102 2053 ar·

122 2082 176 2138 mis
194 2077 319 2155 amplius
330 2076 495 2143 valuissent,
509 2092 569 2134 non
580 2078 610 2135 in
622 2078 746 2151 gratiam
758 2077 931 2138 babituros:
950 2079 1102 2140 faciundum

122 2181 186 2222 esse
203 2161 326 2239 aliquid,
345 2160 423 2237 quod
436 2160 552 2219 illorum
574 2161 666 2236 magis
683 2178 772 2238 quam
787 2179 841 2221 sua
857 2162 997 2224 retulisse
1008 2163 1102 2224 videre

123 2255 187 2304 tur:
213 2246 241 2305 id
260 2245 332 2304 adeo
356 2246 386 2302 in
409 2251 547 2320 promptu
565 2260 638 2312 esse,
660 2246 798 2321 quoniam
819 2248 938 2322 copiam
961 2246 1102 2325 Iugurthae

121 2328 263 2387 haberet:
287 2345 376 2405 quem
393 2329 417 2386 si
435 2327 573 2387 Romanis
596 2328 778 2396 tradidisset,
806 2329 872 2389 lore
890 2333 936 2390 uti
957 2330 998 2391 illi
1017 2328 1102 2410 pluru-

123 2429 205 2470 mum
217 2411 392 2471 deberetur:
409 2411 574 2480 amicitiam,
591 2411 704 2480 loedus,
721 2410 876 2473 Numidiae
888 2422 1016 2491 partem,
1032 2428 1102 2495 quan

94 2502 202 2555 rnunc
221 2502 351 2572 peteret,
373 2494 452 2554 ultro
467 2501 537 2554 tunc
554 2496 754 2556 adventuram.
775 2495 839 2556 Rex
855 2499 955 2574 primo
972 2501 1102 2574 negitare:

122 2581 341 2654 cognationem,
371 2579 562 2647 adfinitatem,
590 2586 744 2655 praeterea
773 2579 878 2640 loedus
910 2583 1102 2643 intervenisse:

122 2663 159 2723 ad
188 2662 245 2722 hoc
267 2670 415 2731 metuere,
443 2681 480 2722 ne
508 2664 588 2723 lluxa
614 2662 671 2723 fide
700 2680 771 2723 usus
793 2664 986 2741 popularium
1009 2668 1119 2726 animos*

123 2753 279 2815 averteret,
305 2748 369 2824 quis
392 2755 420 2806 et
439 2744 580 2822 Iugurtha
603 2763 699 2815 carus,
720 2755 749 2807 et
769 2746 897 2808 Romani
920 2751 1008 2810 invisi
1028 2756 1102 2810 erani-

1 2860 2 2871 1
94 2830 255 2908 alienique
272 2832 388 2908 saepius
405 2831 539 2906 fatigatus
554 2830 662 2891 lenitur
676 2838 705 2890 et
721 2849 755 2891 ex
773 2830 926 2892 voluntate
943 2833 1043 2893 Sullae
1056 2848 1102 2891 on·
1135 2863 1136 2866 ¹

95 2916 171 2974 4nia
186 2931 217 2972 se
233 2912 380 2973 facturum
396 2915 547 2990 promittit.
582 2914 718 2974 Ceterum
738 2915 775 2975 ad
790 2916 991 2977 simulandam
1007 2932 1102 2995 pacem

124 2999 206 3058 cuius
226 2996 350 3057 Numida
373 2997 505 3057 delessus
524 2998 601 3058 bello
622 2998 814 3060 avidissumus
840 3006 915 3070 erat,
940 3018 1019 3080 quae
1040 2997 1103 3062 utilit
1135 3047 1136 3052 ,

123 3084 183 3142 visa
207 3083 394 3142 constituunt.
435 3080 477 3141 lta
501 3083 651 3158 conposito
671 3082 737 3143 dolo
760 3083 982 3160 digrediuntur.
1135 3081 1136 3086 ’

75 3166 134 3229 112
207 3166 243 3225 At
264 3184 317 3226 rex
338 3173 457 3244 postero
482 3165 527 3225 die
545 3165 695 3243 Asparem,
720 3167 881 3247 iugurthae
904 3168 1046 3246 legatum,
1067 3164 1105 3226 ad·
1135 3193 1136 3198 ¹

122 3250 211 3330 pellat
226 3251 367 3328 dicitque:
391 3249 445 3309 sibi
461 3267 515 3326 per
530 3249 675 3309 Dabarem
691 3268 727 3309 ex
743 3249 823 3310 Sulla
842 3254 1014 3328 cognitum,
1036 3266 1106 3330 possa

125 3334 340 3395 conditionibus
358 3332 468 3393 bellum
485 3335 572 3411 poni:
593 3350 680 3411 quam
698 3332 736 3393 ob
754 3351 818 3393 rem
839 3337 921 3412 regis
942 3338 990 3396 sui
1006 3346 1107 3396 senten·

97 3422 195 3480 utiam
219 3420 394 3495 exquireret.
434 3415 486 3477 llle
508 3416 601 3477 laetus
623 3419 652 3476 in
669 3423 763 3477 castra
781 3417 943 3494 Iugurthae
960 3418 1108 3497 proficisci·

124 3511 187 3572 tur,
212 3502 317 3562 deinde
340 3500 376 3561 ab
400 3499 448 3561 illo
470 3507 575 3561 cuncta
598 3501 718 3561 edoctus
740 3509 902 3579 properato
926 3505 1035 3565 itinere
1056 3504 1125 3581 poti

125 3589 203 3648 diem
220 3593 356 3646 octavum
366 3586 444 3644 redit
458 3585 493 3645 ad
505 3584 655 3645 Bocchum
670 3591 698 3643 et
713 3585 739 3644 ei
754 3585 926 3645 denuntiat:
947 3586 1108 3664 lugurtban

127 3689 236 3747 cupere
252 3672 364 3737 omnia,
387 3687 461 3746 puae
481 3670 696 3746 inperarentur,
720 3667 828 3738 lacere,
848 3677 895 3730 set
909 3670 1005 3732 Mario
1020 3682 1110 3750 parunt

125 3755 233 3818 fidere:
251 3771 340 3836 saepe
354 3760 441 3816 autea
452 3771 519 3814 cum
534 3750 749 3831 inperatoribus
765 3750 909 3814 Romanis
928 3774 1034 3833 pacem
1050 3770 1108 3815 eon·
