<?xml version="1.0" encoding="UTF-8"?>
<!DOCTYPE html PUBLIC "-//W3C//DTD XHTML 1.0 Transitional//EN"
    "http://www.w3.org/TR/xhtml1/DTD/xhtml1-transitional.dtd">
<html xmlns="http://www.w3.org/1999/xhtml" xml:lang="en" lang="en">
 <head>
  <title>
</title>
<meta http-equiv="Content-Type" content="text/html;charset=utf-8" />
  <meta name='ocr-system' content='tesseract 3.04.00' />
  <meta name='ocr-capabilities' content='ocr_page ocr_carea ocr_par ocr_line ocrx_word'/>
</head>
<body>
  <div class='ocr_page' id='page_1' title='image "./commentarii00caesgoog_0217.png"; bbox 0 0 2272 4176; ppageno 0'>
   <div class='ocr_carea' id='block_1_1' title="bbox 72 440 727 502">
    <p class='ocr_par' dir='ltr' id='par_1_1' title="bbox 72 440 727 502">
     <span class='ocr_line' id='line_1_1' title="bbox 72 440 727 502; baseline 0.003 -4"><span class='ocrx_word' id='word_1_1' title='bbox 72 440 134 501; x_wconf 73' lang='lat'>204</span> <span class='ocrx_word' id='word_1_2' title='bbox 393 440 444 501; x_wconf 80' lang='lat' dir='ltr'>pl:</span> <span class='ocrx_word' id='word_1_3' title='bbox 464 440 589 501; x_wconf 83' lang='lat' dir='ltr'><strong>BELLO</strong></span> <span class='ocrx_word' id='word_1_4' title='bbox 612 442 727 502; x_wconf 82' lang='lat' dir='ltr'>clvlm</span> 
     </span>
    </p>
   </div>
   <div class='ocr_carea' id='block_1_2' title="bbox 60 593 1083 3814">
    <p class='ocr_par' dir='ltr' id='par_1_2' title="bbox 66 593 1083 2283">
     <span class='ocr_line' id='line_1_2' title="bbox 70 593 1083 676; baseline 0.008 -23"><span class='ocrx_word' id='word_1_5' title='bbox 70 610 142 655; x_wconf 90' lang='lat' dir='ltr'>esse</span> <span class='ocrx_word' id='word_1_6' title='bbox 158 593 358 657; x_wconf 80' lang='lat' dir='ltr'>arbitrabatur</span> <span class='ocrx_word' id='word_1_7' title='bbox 380 612 471 671; x_wconf 90' lang='lat' dir='ltr'>quam</span> <span class='ocrx_word' id='word_1_8' title='bbox 491 595 621 670; x_wconf 92' lang='lat' dir='ltr'>primum</span> <span class='ocrx_word' id='word_1_9' title='bbox 642 594 759 670; x_wconf 92' lang='lat' dir='ltr'>oppido</span> <span class='ocrx_word' id='word_1_10' title='bbox 774 597 865 676; x_wconf 87' lang='lat' dir='ltr'>potiri</span> <span class='ocrx_word' id='word_1_11' title='bbox 886 597 1038 663; x_wconf 77' lang='lat' dir='ltr'>cohortes·</span> <span class='ocrx_word' id='word_1_12' title='bbox 1081 602 1083 611; x_wconf 91' lang='lat'>&#39;</span> 
     </span>
     <span class='ocr_line' id='line_1_3' title="bbox 70 680 1039 758; baseline 0.007 -19"><span class='ocrx_word' id='word_1_13' title='bbox 70 694 130 754; x_wconf 94' lang='lat' dir='ltr'>que</span> <span class='ocrx_word' id='word_1_14' title='bbox 145 680 185 740; x_wconf 88' lang='lat' dir='ltr'>ad</span> <span class='ocrx_word' id='word_1_15' title='bbox 199 695 235 739; x_wconf 90' lang='lat' dir='ltr'>se</span> <span class='ocrx_word' id='word_1_16' title='bbox 248 681 279 740; x_wconf 93' lang='lat' dir='ltr'>in</span> <span class='ocrx_word' id='word_1_17' title='bbox 294 681 396 741; x_wconf 90' lang='lat' dir='ltr'>castr&#39;a</span> <span class='ocrx_word' id='word_1_18' title='bbox 415 681 592 757; x_wconf 82' lang='lat' dir='ltr'>traducere,</span> <span class='ocrx_word' id='word_1_19' title='bbox 617 694 657 739; x_wconf 91' lang='lat' dir='ltr'>ne</span> <span class='ocrx_word' id='word_1_20' title='bbox 679 695 741 754; x_wconf 93' lang='lat' dir='ltr'>qua</span> <span class='ocrx_word' id='word_1_21' title='bbox 760 687 813 741; x_wconf 89' lang='lat' dir='ltr'>aut</span> <span class='ocrx_word' id='word_1_22' title='bbox 831 683 1039 758; x_wconf 74' lang='lat' dir='ltr'>largitionibus</span> 
     </span>
     <span class='ocr_line' id='line_1_4' title="bbox 71 764 1037 830; baseline 0.008 -8"><span class='ocrx_word' id='word_1_23' title='bbox 71 772 121 826; x_wconf 92' lang='lat' dir='ltr'>aut</span> <span class='ocrx_word' id='word_1_24' title='bbox 136 765 227 825; x_wconf 89' lang='lat' dir='ltr'>animi</span> <span class='ocrx_word' id='word_1_25' title='bbox 243 766 472 826; x_wconf 84' lang='lat' dir='ltr'>confirmatione</span> <span class='ocrx_word' id='word_1_26' title='bbox 486 772 538 827; x_wconf 89' lang='lat' dir='ltr'>aut</span> <span class='ocrx_word' id='word_1_27' title='bbox 551 764 636 825; x_wconf 82' lang='lat' dir='ltr'>falsis</span> <span class='ocrx_word' id='word_1_28' title='bbox 651 764 764 825; x_wconf 88' lang='lat' dir='ltr'>nuntiis</span> <span class='ocrx_word' id='word_1_29' title='bbox 779 770 976 830; x_wconf 84' lang='lat' dir='ltr'>commutatio</span> <span class='ocrx_word' id='word_1_30' title='bbox 991 770 1037 830; x_wconf 89' lang='lat' dir='ltr'>iie·</span> 
     </span>
     <span class='ocr_line' id='line_1_5' title="bbox 71 850 1037 928; baseline 0.006 -20"><span class='ocrx_word' id='word_1_31' title='bbox 71 858 116 908; x_wconf 91' lang='lat' dir='ltr'>ret</span> <span class='ocrx_word' id='word_1_32' title='bbox 130 851 310 928; x_wconf 88' lang='lat' dir='ltr'>voluntatis,</span> <span class='ocrx_word' id='word_1_33' title='bbox 334 851 418 926; x_wconf 94' lang='lat' dir='ltr'>quod</span> <span class='ocrx_word' id='word_1_34' title='bbox 432 866 527 926; x_wconf 92' lang='lat' dir='ltr'>saepe</span> <span class='ocrx_word' id='word_1_35' title='bbox 541 850 571 909; x_wconf 92' lang='lat' dir='ltr'>in</span> <span class='ocrx_word' id='word_1_36' title='bbox 586 850 667 910; x_wconf 92' lang='lat' dir='ltr'>bello</span> <span class='ocrx_word' id='word_1_37' title='bbox 682 850 787 925; x_wconf 89' lang='lat' dir='ltr'>parvis</span> <span class='ocrx_word' id='word_1_38' title='bbox 803 855 967 914; x_wconf 91' lang='lat' dir='ltr'>momentis</span> <span class='ocrx_word' id='word_1_39' title='bbox 981 871 1037 913; x_wconf 90' lang='lat' dir='ltr'>ma·</span> 
     </span>
     <span class='ocr_line' id='line_1_6' title="bbox 70 934 1038 1009; baseline 0.005 -16"><span class='ocrx_word' id='word_1_40' title='bbox 70 935 120 1009; x_wconf 81' lang='lat' dir='ltr'>gni</span> <span class='ocrx_word' id='word_1_41' title='bbox 143 950 234 995; x_wconf 90' lang='lat' dir='ltr'>casus</span> <span class='ocrx_word' id='word_1_42' title='bbox 255 935 493 1009; x_wconf 85' lang='lat' dir='ltr'>intercederent,</span> <span class='ocrx_word' id='word_1_43' title='bbox 519 941 620 996; x_wconf 91' lang='lat' dir='ltr'>tamen</span> <span class='ocrx_word' id='word_1_44' title='bbox 641 934 772 1009; x_wconf 89' lang='lat' dir='ltr'>veritus,</span> <span class='ocrx_word' id='word_1_45' title='bbox 798 951 839 995; x_wconf 89' lang='lat' dir='ltr'>ne</span> <span class='ocrx_word' id='word_1_46' title='bbox 858 938 987 998; x_wconf 91' lang='lat' dir='ltr'>militum</span> <span class='ocrx_word' id='word_1_47' title='bbox 1000 938 1038 998; x_wconf 97' lang='lat' dir='ltr'>in-</span> 
     </span>
     <span class='ocr_line' id='line_1_7' title="bbox 68 1018 1039 1098; baseline 0.006 -21"><span class='ocrx_word' id='word_1_48' title='bbox 68 1019 161 1080; x_wconf 92' lang='lat' dir='ltr'>troitu</span> <span class='ocrx_word' id='word_1_49' title='bbox 175 1025 206 1080; x_wconf 87' lang='lat' dir='ltr'>et</span> <span class='ocrx_word' id='word_1_50' title='bbox 227 1019 366 1081; x_wconf 87' lang='lat' dir='ltr'>nocturni</span> <span class='ocrx_word' id='word_1_51' title='bbox 386 1018 533 1095; x_wconf 88' lang='lat' dir='ltr'>temporis</span> <span class='ocrx_word' id='word_1_52' title='bbox 548 1018 670 1080; x_wconf 89' lang='lat' dir='ltr'>licentia</span> <span class='ocrx_word' id='word_1_53' title='bbox 685 1019 835 1094; x_wconf 90' lang='lat' dir='ltr'>oppidum</span> <span class='ocrx_word' id='word_1_54' title='bbox 850 1021 1039 1098; x_wconf 87' lang='lat' dir='ltr'>diriperetur,</span> 
     </span>
     <span class='ocr_line' id='line_1_8' title="bbox 71 1103 1040 1184; baseline 0.005 -21"><span class='ocrx_word' id='word_1_55' title='bbox 71 1120 141 1179; x_wconf 89' lang='lat' dir='ltr'>eos,</span> <span class='ocrx_word' id='word_1_56' title='bbox 169 1103 221 1180; x_wconf 94' lang='lat' dir='ltr'>qui</span> <span class='ocrx_word' id='word_1_57' title='bbox 235 1111 396 1179; x_wconf 83' lang='lat' dir='ltr'>venerant,</span> <span class='ocrx_word' id='word_1_58' title='bbox 423 1105 576 1164; x_wconf 86' lang='lat' dir='ltr'>collaudat</span> <span class='ocrx_word' id='word_1_59' title='bbox 596 1112 688 1181; x_wconf 92' lang='lat' dir='ltr'>atque</span> <span class='ocrx_word' id='word_1_60' title='bbox 702 1104 734 1163; x_wconf 92' lang='lat' dir='ltr'>in</span> <span class='ocrx_word' id='word_1_61' title='bbox 749 1105 900 1180; x_wconf 91' lang='lat' dir='ltr'>oppidum</span> <span class='ocrx_word' id='word_1_62' title='bbox 915 1107 1040 1184; x_wconf 86' lang='lat' dir='ltr'>dimittit,</span> 
     </span>
     <span class='ocr_line' id='line_1_9' title="bbox 70 1188 1040 1269; baseline 0.004 -20"><span class='ocrx_word' id='word_1_63' title='bbox 70 1197 174 1265; x_wconf 92' lang='lat' dir='ltr'>portas</span> <span class='ocrx_word' id='word_1_64' title='bbox 189 1205 358 1265; x_wconf 90' lang='lat' dir='ltr'>murosque</span> <span class='ocrx_word' id='word_1_65' title='bbox 372 1188 531 1249; x_wconf 89' lang='lat' dir='ltr'>adservari</span> <span class='ocrx_word' id='word_1_66' title='bbox 544 1188 636 1251; x_wconf 89' lang='lat' dir='ltr'>iubet.</span> <span class='ocrx_word' id='word_1_67' title='bbox 648 1189 719 1264; x_wconf 91' lang='lat' dir='ltr'>lpse</span> <span class='ocrx_word' id='word_1_68' title='bbox 733 1188 771 1249; x_wconf 91' lang='lat' dir='ltr'>iis</span> <span class='ocrx_word' id='word_1_69' title='bbox 786 1191 946 1269; x_wconf 90' lang='lat' dir='ltr'>operibus,</span> <span class='ocrx_word' id='word_1_70' title='bbox 963 1208 1040 1268; x_wconf 87' lang='lat' dir='ltr'>quae</span> 
     </span>
     <span class='ocr_line' id='line_1_10' title="bbox 69 1273 1039 1352; baseline 0.002 -19"><span class='ocrx_word' id='word_1_71' title='bbox 69 1275 170 1334; x_wconf 83' lang='lat' dir='ltr'>iacere</span> <span class='ocrx_word' id='word_1_72' title='bbox 184 1275 362 1349; x_wconf 90' lang='lat' dir='ltr'>instituerat,</span> <span class='ocrx_word' id='word_1_73' title='bbox 377 1274 487 1334; x_wconf 90' lang='lat' dir='ltr'>milites</span> <span class='ocrx_word' id='word_1_74' title='bbox 503 1273 638 1348; x_wconf 90' lang='lat' dir='ltr'>disponit</span> <span class='ocrx_word' id='word_1_75' title='bbox 652 1290 714 1333; x_wconf 93' lang='lat' dir='ltr'>non</span> <span class='ocrx_word' id='word_1_76' title='bbox 726 1275 818 1335; x_wconf 89' lang='lat' dir='ltr'>certis</span> <span class='ocrx_word' id='word_1_77' title='bbox 832 1278 941 1352; x_wconf 84' lang='lat' dir='ltr'>spatiis</span> <span class='ocrx_word' id='word_1_78' title='bbox 952 1278 1039 1338; x_wconf 90' lang='lat' dir='ltr'>inter-</span> 
     </span>
     <span class='ocr_line' id='line_1_11' title="bbox 69 1358 1040 1437; baseline 0.002 -19"><span class='ocrx_word' id='word_1_79' title='bbox 69 1360 182 1433; x_wconf 89' lang='lat' dir='ltr'>missis,</span> <span class='ocrx_word' id='word_1_80' title='bbox 197 1366 230 1419; x_wconf 95' lang='lat' dir='ltr'>ut</span> <span class='ocrx_word' id='word_1_81' title='bbox 244 1366 310 1419; x_wconf 90' lang='lat' dir='ltr'>erat</span> <span class='ocrx_word' id='word_1_82' title='bbox 324 1359 519 1435; x_wconf 80' lang='lat' dir='ltr'>superiorum</span> <span class='ocrx_word' id='word_1_83' title='bbox 534 1358 652 1419; x_wconf 88' lang='lat' dir='ltr'>dierum</span> <span class='ocrx_word' id='word_1_84' title='bbox 667 1361 877 1436; x_wconf 90' lang='lat' dir='ltr'>consuetudo,</span> <span class='ocrx_word' id='word_1_85' title='bbox 905 1363 962 1422; x_wconf 93' lang='lat' dir='ltr'>sed</span> <span class='ocrx_word' id='word_1_86' title='bbox 977 1378 1040 1437; x_wconf 93' lang='lat' dir='ltr'>per-</span> 
     </span>
     <span class='ocr_line' id='line_1_12' title="bbox 68 1444 1040 1522; baseline 0.004 -19"><span class='ocrx_word' id='word_1_87' title='bbox 68 1445 168 1518; x_wconf 91' lang='lat' dir='ltr'>petuis</span> <span class='ocrx_word' id='word_1_88' title='bbox 183 1444 294 1518; x_wconf 78' lang='lat' dir='ltr'>vigiliis</span> <span class='ocrx_word' id='word_1_89' title='bbox 310 1445 564 1519; x_wconf 84' lang='lat' dir='ltr'>stationibusque,</span> <span class='ocrx_word' id='word_1_90' title='bbox 578 1450 612 1503; x_wconf 90' lang='lat' dir='ltr'>ut</span> <span class='ocrx_word' id='word_1_91' title='bbox 627 1445 804 1519; x_wconf 83' lang='lat' dir='ltr'>contingant</span> <span class='ocrx_word' id='word_1_92' title='bbox 813 1444 893 1505; x_wconf 91' lang='lat' dir='ltr'>inter</span> <span class='ocrx_word' id='word_1_93' title='bbox 904 1462 941 1507; x_wconf 90' lang='lat' dir='ltr'>se</span> <span class='ocrx_word' id='word_1_94' title='bbox 952 1455 1040 1522; x_wconf 90' lang='lat' dir='ltr'>atque</span> 
     </span>
     <span class='ocr_line' id='line_1_13' title="bbox 75 1528 1040 1608; baseline 0.006 -23"><span class='ocrx_word' id='word_1_95' title='bbox 75 1544 189 1587; x_wconf 71' lang='lat' dir='ltr'>tarnem</span> <span class='ocrx_word' id='word_1_96' title='bbox 203 1528 400 1588; x_wconf 92' lang='lat' dir='ltr'>munitionem</span> <span class='ocrx_word' id='word_1_97' title='bbox 414 1530 575 1604; x_wconf 89' lang='lat' dir='ltr'>expleant;</span> <span class='ocrx_word' id='word_1_98' title='bbox 595 1529 735 1589; x_wconf 91' lang='lat' dir='ltr'>tribunos</span> <span class='ocrx_word' id='word_1_99' title='bbox 756 1528 884 1590; x_wconf 91' lang='lat' dir='ltr'>militum</span> <span class='ocrx_word' id='word_1_100' title='bbox 905 1539 936 1590; x_wconf 90' lang='lat' dir='ltr'>et</span> <span class='ocrx_word' id='word_1_101' title='bbox 955 1548 1040 1608; x_wconf 90' lang='lat' dir='ltr'>prae·</span> 
     </span>
     <span class='ocr_line' id='line_1_14' title="bbox 68 1613 1039 1691; baseline 0.005 -20"><span class='ocrx_word' id='word_1_102' title='bbox 68 1615 166 1673; x_wconf 88' lang='lat' dir='ltr'>lectos</span> <span class='ocrx_word' id='word_1_103' title='bbox 182 1613 383 1674; x_wconf 90' lang='lat' dir='ltr'>circummittit</span> <span class='ocrx_word' id='word_1_104' title='bbox 395 1621 486 1689; x_wconf 93' lang='lat' dir='ltr'>atque</span> <span class='ocrx_word' id='word_1_105' title='bbox 500 1613 646 1688; x_wconf 89' lang='lat' dir='ltr'>hortatur,</span> <span class='ocrx_word' id='word_1_106' title='bbox 660 1631 722 1675; x_wconf 91' lang='lat' dir='ltr'>non</span> <span class='ocrx_word' id='word_1_107' title='bbox 739 1615 840 1674; x_wconf 90' lang='lat' dir='ltr'>solum</span> <span class='ocrx_word' id='word_1_108' title='bbox 855 1616 895 1675; x_wconf 90' lang='lat' dir='ltr'>ab</span> <span class='ocrx_word' id='word_1_109' title='bbox 910 1617 1039 1691; x_wconf 89' lang='lat' dir='ltr'>eruptio-</span> 
     </span>
     <span class='ocr_line' id='line_1_15' title="bbox 69 1696 1039 1773; baseline 0.008 -18"><span class='ocrx_word' id='word_1_110' title='bbox 69 1696 157 1758; x_wconf 90' lang='lat' dir='ltr'>nibus</span> <span class='ocrx_word' id='word_1_111' title='bbox 174 1705 317 1773; x_wconf 88' lang='lat' dir='ltr'>caveant,</span> <span class='ocrx_word' id='word_1_112' title='bbox 343 1699 400 1759; x_wconf 90' lang='lat' dir='ltr'>sed</span> <span class='ocrx_word' id='word_1_113' title='bbox 421 1698 511 1759; x_wconf 88' lang='lat' dir='ltr'>etiam</span> <span class='ocrx_word' id='word_1_114' title='bbox 527 1698 716 1773; x_wconf 82' lang='lat' dir='ltr'>singulorum</span> <span class='ocrx_word' id='word_1_115' title='bbox 730 1699 889 1759; x_wconf 90' lang='lat' dir='ltr'>hominum</span> <span class='ocrx_word' id='word_1_116' title='bbox 905 1702 1039 1763; x_wconf 88' lang='lat' dir='ltr'>occultos</span> 
     </span>
     <span class='ocr_line' id='line_1_16' title="bbox 68 1782 1039 1860; baseline 0.006 -19"><span class='ocrx_word' id='word_1_117' title='bbox 68 1782 167 1843; x_wconf 85' lang='lat' dir='ltr'>exitus</span> <span class='ocrx_word' id='word_1_118' title='bbox 183 1783 356 1843; x_wconf 91' lang='lat' dir='ltr'>adservent.</span> <span class='ocrx_word' id='word_1_119' title='bbox 386 1783 492 1857; x_wconf 87' lang='lat' dir='ltr'>Neque</span> <span class='ocrx_word' id='word_1_120' title='bbox 511 1799 586 1844; x_wconf 90' lang='lat' dir='ltr'>vero</span> <span class='ocrx_word' id='word_1_121' title='bbox 607 1790 669 1844; x_wconf 86' lang='lat' dir='ltr'>tam</span> <span class='ocrx_word' id='word_1_122' title='bbox 689 1784 821 1844; x_wconf 88' lang='lat' dir='ltr'>remisso</span> <span class='ocrx_word' id='word_1_123' title='bbox 845 1800 882 1844; x_wconf 90' lang='lat' dir='ltr'>ac</span> <span class='ocrx_word' id='word_1_124' title='bbox 897 1784 1039 1860; x_wconf 82' lang='lat' dir='ltr'>languido</span> 
     </span>
     <span class='ocr_line' id='line_1_17' title="bbox 69 1868 1038 1946; baseline 0.008 -22"><span class='ocrx_word' id='word_1_125' title='bbox 69 1868 168 1926; x_wconf 90' lang='lat' dir='ltr'>animo</span> <span class='ocrx_word' id='word_1_126' title='bbox 185 1868 348 1944; x_wconf 89' lang='lat' dir='ltr'>quisquam</span> <span class='ocrx_word' id='word_1_127' title='bbox 364 1868 497 1928; x_wconf 88' lang='lat' dir='ltr'>omniurn</span> <span class='ocrx_word' id='word_1_128' title='bbox 511 1868 576 1943; x_wconf 86' lang='lat' dir='ltr'>luit,</span> <span class='ocrx_word' id='word_1_129' title='bbox 594 1869 646 1943; x_wconf 90' lang='lat' dir='ltr'>qui</span> <span class='ocrx_word' id='word_1_130' title='bbox 663 1885 700 1929; x_wconf 90' lang='lat' dir='ltr'>ea</span> <span class='ocrx_word' id='word_1_131' title='bbox 714 1876 806 1929; x_wconf 90' lang='lat' dir='ltr'>nocte</span> <span class='ocrx_word' id='word_1_132' title='bbox 821 1870 1038 1946; x_wconf 88' lang='lat' dir='ltr'>conquieverit</span> 
     </span>
     <span class='ocr_line' id='line_1_18' title="bbox 66 1951 1038 2032; baseline 0.006 -22"><span class='ocrx_word' id='word_1_133' title='bbox 66 1951 162 2011; x_wconf 86' lang='lat' dir='ltr'>Tanta</span> <span class='ocrx_word' id='word_1_134' title='bbox 169 1960 233 2013; x_wconf 92' lang='lat' dir='ltr'>erat</span> <span class='ocrx_word' id='word_1_135' title='bbox 246 1968 383 2015; x_wconf 90' lang='lat' dir='ltr'>summae</span> <span class='ocrx_word' id='word_1_136' title='bbox 395 1969 496 2012; x_wconf 88' lang='lat' dir='ltr'>rerum</span> <span class='ocrx_word' id='word_1_137' title='bbox 504 1954 685 2029; x_wconf 87' lang='lat' dir='ltr'>expectatio,</span> <span class='ocrx_word' id='word_1_138' title='bbox 697 1959 730 2015; x_wconf 92' lang='lat' dir='ltr'>ut</span> <span class='ocrx_word' id='word_1_139' title='bbox 741 1954 818 2014; x_wconf 91' lang='lat' dir='ltr'>alius</span> <span class='ocrx_word' id='word_1_140' title='bbox 830 1954 860 2013; x_wconf 96' lang='lat' dir='ltr'>in</span> <span class='ocrx_word' id='word_1_141' title='bbox 874 1954 966 2015; x_wconf 86' lang='lat' dir='ltr'>aliam</span> <span class='ocrx_word' id='word_1_142' title='bbox 974 1971 1038 2032; x_wconf 87' lang='lat' dir='ltr'>par-</span> 
     </span>
     <span class='ocr_line' id='line_1_19' title="bbox 66 2038 1038 2114; baseline 0.006 -19"><span class='ocrx_word' id='word_1_143' title='bbox 66 2042 127 2096; x_wconf 90' lang='lat' dir='ltr'>tcm</span> <span class='ocrx_word' id='word_1_144' title='bbox 142 2045 242 2098; x_wconf 91' lang='lat' dir='ltr'>mente</span> <span class='ocrx_word' id='word_1_145' title='bbox 257 2046 347 2114; x_wconf 90' lang='lat' dir='ltr'>atque</span> <span class='ocrx_word' id='word_1_146' title='bbox 362 2038 462 2098; x_wconf 90' lang='lat' dir='ltr'>animo</span> <span class='ocrx_word' id='word_1_147' title='bbox 476 2039 660 2113; x_wconf 89' lang='lat' dir='ltr'>traheretur,</span> <span class='ocrx_word' id='word_1_148' title='bbox 686 2038 759 2114; x_wconf 91' lang='lat' dir='ltr'>quid</span> <span class='ocrx_word' id='word_1_149' title='bbox 774 2038 852 2113; x_wconf 91' lang='lat' dir='ltr'>ipsis</span> <span class='ocrx_word' id='word_1_150' title='bbox 876 2039 1038 2101; x_wconf 77' lang='lat' dir='ltr'>Corfinien-</span> 
     </span>
     <span class='ocr_line' id='line_1_20' title="bbox 68 2121 1038 2200; baseline 0.004 -19"><span class='ocrx_word' id='word_1_151' title='bbox 68 2121 170 2197; x_wconf 79' lang='lat' dir='ltr'>sibuS,</span> <span class='ocrx_word' id='word_1_152' title='bbox 187 2123 260 2199; x_wconf 92' lang='lat' dir='ltr'>quid</span> <span class='ocrx_word' id='word_1_153' title='bbox 275 2124 422 2198; x_wconf 87' lang='lat' dir='ltr'>Domitio,</span> <span class='ocrx_word' id='word_1_154' title='bbox 439 2122 514 2198; x_wconf 92' lang='lat' dir='ltr'>quid</span> <span class='ocrx_word' id='word_1_155' title='bbox 528 2123 671 2198; x_wconf 88' lang='lat' dir='ltr'>Lentulo,</span> <span class='ocrx_word' id='word_1_156' title='bbox 689 2124 763 2200; x_wconf 93' lang='lat' dir='ltr'>quid</span> <span class='ocrx_word' id='word_1_157' title='bbox 775 2124 906 2199; x_wconf 91' lang='lat' dir='ltr'>reliquis</span> <span class='ocrx_word' id='word_1_158' title='bbox 922 2125 1038 2185; x_wconf 75' lang='lat' dir='ltr'>accida</span> 
     </span>
     <span class='ocr_line' id='line_1_21' title="bbox 67 2205 696 2283; baseline 0 -17"><span class='ocrx_word' id='word_1_159' title='bbox 67 2213 121 2281; x_wconf 88' lang='lat' dir='ltr'>ret,</span> <span class='ocrx_word' id='word_1_160' title='bbox 139 2207 190 2283; x_wconf 92' lang='lat' dir='ltr'>qui</span> <span class='ocrx_word' id='word_1_161' title='bbox 207 2224 348 2283; x_wconf 90' lang='lat' dir='ltr'>quosque</span> <span class='ocrx_word' id='word_1_162' title='bbox 364 2216 491 2269; x_wconf 89' lang='lat' dir='ltr'>eventus</span> <span class='ocrx_word' id='word_1_163' title='bbox 510 2205 696 2283; x_wconf 88' lang='lat' dir='ltr'>exciperent.</span> 
     </span>
    </p>

    <p class='ocr_par' dir='ltr' id='par_1_3' title="bbox 60 2291 1040 3814">
     <span class='ocr_line' id='line_1_22' title="bbox 149 2291 1040 2368; baseline 0.004 -16"><span class='ocrx_word' id='word_1_164' title='bbox 149 2292 240 2352; x_wconf 85' lang='lat' dir='ltr'>XXII.</span> <span class='ocrx_word' id='word_1_165' title='bbox 277 2294 389 2367; x_wconf 81' lang='lat' dir='ltr'>Quarta</span> <span class='ocrx_word' id='word_1_166' title='bbox 409 2292 513 2366; x_wconf 79' lang='lat' dir='ltr'>vigilia</span> <span class='ocrx_word' id='word_1_167' title='bbox 534 2292 653 2352; x_wconf 90' lang='lat' dir='ltr'>circiter</span> <span class='ocrx_word' id='word_1_168' title='bbox 672 2293 817 2352; x_wconf 88' lang='lat' dir='ltr'>Lentulus</span> <span class='ocrx_word' id='word_1_169' title='bbox 843 2291 989 2368; x_wconf 88' lang='lat' dir='ltr'>Spinther</span> <span class='ocrx_word' id='word_1_170' title='bbox 1003 2294 1040 2356; x_wconf 80' lang='lat' dir='ltr'>dc</span> 
     </span>
     <span class='ocr_line' id='line_1_23' title="bbox 66 2377 1038 2452; baseline 0.005 -16"><span class='ocrx_word' id='word_1_171' title='bbox 66 2392 153 2437; x_wconf 93' lang='lat' dir='ltr'>muro</span> <span class='ocrx_word' id='word_1_172' title='bbox 163 2393 230 2436; x_wconf 90' lang='lat' dir='ltr'>cum</span> <span class='ocrx_word' id='word_1_173' title='bbox 237 2378 348 2451; x_wconf 78' lang='lat' dir='ltr'>vigiliis</span> <span class='ocrx_word' id='word_1_174' title='bbox 358 2377 600 2452; x_wconf 90' lang='lat' dir='ltr'>custodibusque</span> <span class='ocrx_word' id='word_1_175' title='bbox 608 2378 721 2438; x_wconf 91' lang='lat' dir='ltr'>nostris</span> <span class='ocrx_word' id='word_1_176' title='bbox 734 2378 936 2452; x_wconf 80' lang='lat' dir='ltr'>colloquitur:</span> <span class='ocrx_word' id='word_1_177' title='bbox 952 2381 1038 2442; x_wconf 83' lang='lat' dir='ltr'>velle</span> 
     </span>
     <span class='ocr_line' id='line_1_24' title="bbox 66 2461 1040 2539; baseline 0.003 -17"><span class='ocrx_word' id='word_1_178' title='bbox 66 2461 93 2522; x_wconf 93' lang='lat' dir='ltr'>si</span> <span class='ocrx_word' id='word_1_179' title='bbox 108 2461 165 2522; x_wconf 93' lang='lat' dir='ltr'>sibi</span> <span class='ocrx_word' id='word_1_180' title='bbox 180 2461 232 2520; x_wconf 88' lang='lat' dir='ltr'>fiat</span> <span class='ocrx_word' id='word_1_181' title='bbox 246 2468 395 2536; x_wconf 89' lang='lat' dir='ltr'>potestas,</span> <span class='ocrx_word' id='word_1_182' title='bbox 412 2462 574 2522; x_wconf 86' lang='lat' dir='ltr'>Caesarem</span> <span class='ocrx_word' id='word_1_183' title='bbox 590 2462 764 2522; x_wconf 87' lang='lat' dir='ltr'>convenire.</span> <span class='ocrx_word' id='word_1_184' title='bbox 780 2461 874 2522; x_wconf 88' lang='lat' dir='ltr'>Facta</span> <span class='ocrx_word' id='word_1_185' title='bbox 887 2470 1040 2539; x_wconf 83' lang='lat' dir='ltr'>potestate</span> 
     </span>
     <span class='ocr_line' id='line_1_25' title="bbox 66 2546 1038 2623; baseline 0.004 -17"><span class='ocrx_word' id='word_1_186' title='bbox 66 2561 104 2606; x_wconf 86' lang='lat' dir='ltr'>ex</span> <span class='ocrx_word' id='word_1_187' title='bbox 120 2546 235 2621; x_wconf 91' lang='lat' dir='ltr'>oppido</span> <span class='ocrx_word' id='word_1_188' title='bbox 250 2547 389 2621; x_wconf 89' lang='lat' dir='ltr'>mittitur,</span> <span class='ocrx_word' id='word_1_189' title='bbox 415 2562 516 2621; x_wconf 91' lang='lat' dir='ltr'>neque</span> <span class='ocrx_word' id='word_1_190' title='bbox 537 2547 575 2605; x_wconf 90' lang='lat' dir='ltr'>ab</span> <span class='ocrx_word' id='word_1_191' title='bbox 597 2563 634 2608; x_wconf 92' lang='lat' dir='ltr'>eo</span> <span class='ocrx_word' id='word_1_192' title='bbox 650 2548 736 2623; x_wconf 92' lang='lat' dir='ltr'>prius</span> <span class='ocrx_word' id='word_1_193' title='bbox 753 2546 917 2607; x_wconf 90' lang='lat' dir='ltr'>Domitiani</span> <span class='ocrx_word' id='word_1_194' title='bbox 931 2549 1038 2610; x_wconf 87' lang='lat' dir='ltr'>milites</span> 
     </span>
     <span class='ocr_line' id='line_1_26' title="bbox 65 2631 1039 2706; baseline 0.005 -17"><span class='ocrx_word' id='word_1_195' title='bbox 65 2631 235 2704; x_wconf 88' lang='lat' dir='ltr'>discedunt,</span> <span class='ocrx_word' id='word_1_196' title='bbox 252 2647 341 2706; x_wconf 90' lang='lat' dir='ltr'>quam</span> <span class='ocrx_word' id='word_1_197' title='bbox 357 2631 388 2690; x_wconf 94' lang='lat' dir='ltr'>in</span> <span class='ocrx_word' id='word_1_198' title='bbox 404 2638 604 2705; x_wconf 90' lang='lat' dir='ltr'>conspectum</span> <span class='ocrx_word' id='word_1_199' title='bbox 618 2631 758 2693; x_wconf 85' lang='lat' dir='ltr'>Caesaris</span> <span class='ocrx_word' id='word_1_200' title='bbox 770 2631 950 2693; x_wconf 91' lang='lat' dir='ltr'>deducatur.</span> <span class='ocrx_word' id='word_1_201' title='bbox 968 2633 1039 2695; x_wconf 85' lang='lat' dir='ltr'>Cum</span> 
     </span>
     <span class='ocr_line' id='line_1_27' title="bbox 65 2716 1039 2794; baseline 0.002 -19"><span class='ocrx_word' id='word_1_202' title='bbox 65 2731 101 2775; x_wconf 89' lang='lat' dir='ltr'>eo</span> <span class='ocrx_word' id='word_1_203' title='bbox 118 2717 156 2775; x_wconf 87' lang='lat' dir='ltr'>de</span> <span class='ocrx_word' id='word_1_204' title='bbox 171 2717 269 2775; x_wconf 86' lang='lat' dir='ltr'>salute</span> <span class='ocrx_word' id='word_1_205' title='bbox 284 2733 341 2775; x_wconf 88' lang='lat' dir='ltr'>sua</span> <span class='ocrx_word' id='word_1_206' title='bbox 356 2716 431 2790; x_wconf 83' lang='lat' dir='ltr'>agit,</span> <span class='ocrx_word' id='word_1_207' title='bbox 448 2723 515 2777; x_wconf 86' lang='lat' dir='ltr'>orat</span> <span class='ocrx_word' id='word_1_208' title='bbox 530 2724 621 2791; x_wconf 88' lang='lat' dir='ltr'>atque</span> <span class='ocrx_word' id='word_1_209' title='bbox 637 2718 786 2790; x_wconf 90' lang='lat' dir='ltr'>obsecrat,</span> <span class='ocrx_word' id='word_1_210' title='bbox 802 2723 835 2776; x_wconf 94' lang='lat' dir='ltr'>ut</span> <span class='ocrx_word' id='word_1_211' title='bbox 850 2718 909 2777; x_wconf 91' lang='lat' dir='ltr'>sibi</span> <span class='ocrx_word' id='word_1_212' title='bbox 925 2726 1039 2794; x_wconf 86' lang='lat' dir='ltr'>parcat,</span> 
     </span>
     <span class='ocr_line' id='line_1_28' title="bbox 66 2799 1038 2876; baseline 0.006 -19"><span class='ocrx_word' id='word_1_213' title='bbox 66 2808 261 2875; x_wconf 89' lang='lat' dir='ltr'>veteremque</span> <span class='ocrx_word' id='word_1_214' title='bbox 276 2799 436 2860; x_wconf 89' lang='lat' dir='ltr'>amicitiam</span> <span class='ocrx_word' id='word_1_215' title='bbox 449 2809 666 2862; x_wconf 88' lang='lat' dir='ltr'>commemorat</span> <span class='ocrx_word' id='word_1_216' title='bbox 673 2801 878 2876; x_wconf 82' lang='lat' dir='ltr'>Caesarisque</span> <span class='ocrx_word' id='word_1_217' title='bbox 890 2803 921 2862; x_wconf 92' lang='lat' dir='ltr'>in</span> <span class='ocrx_word' id='word_1_218' title='bbox 938 2820 972 2863; x_wconf 90' lang='lat' dir='ltr'>se</span> <span class='ocrx_word' id='word_1_219' title='bbox 988 2803 1038 2863; x_wconf 92' lang='lat' dir='ltr'>be-</span> 
     </span>
     <span class='ocr_line' id='line_1_29' title="bbox 65 2885 1037 2963; baseline 0.003 -20"><span class='ocrx_word' id='word_1_220' title='bbox 65 2885 174 2944; x_wconf 87' lang='lat' dir='ltr'>neficia</span> <span class='ocrx_word' id='word_1_221' title='bbox 189 2886 331 2961; x_wconf 78' lang='lat' dir='ltr'>exponit3</span> <span class='ocrx_word' id='word_1_222' title='bbox 360 2902 439 2963; x_wconf 91' lang='lat' dir='ltr'>quae</span> <span class='ocrx_word' id='word_1_223' title='bbox 455 2892 541 2946; x_wconf 87' lang='lat' dir='ltr'>erant</span> <span class='ocrx_word' id='word_1_224' title='bbox 561 2889 708 2947; x_wconf 81' lang='lat' dir='ltr'>maxima:</span> <span class='ocrx_word' id='word_1_225' title='bbox 735 2887 819 2962; x_wconf 91' lang='lat' dir='ltr'>quod</span> <span class='ocrx_word' id='word_1_226' title='bbox 839 2903 896 2962; x_wconf 87' lang='lat' dir='ltr'>per</span> <span class='ocrx_word' id='word_1_227' title='bbox 919 2905 988 2949; x_wconf 92' lang='lat' dir='ltr'>eum</span> <span class='ocrx_word' id='word_1_228' title='bbox 1009 2888 1037 2946; x_wconf 91' lang='lat' dir='ltr'>in</span> 
     </span>
     <span class='ocr_line' id='line_1_30' title="bbox 64 2970 1036 3049; baseline 0.004 -20"><span class='ocrx_word' id='word_1_229' title='bbox 64 2971 225 3045; x_wconf 77' lang='lat' dir='ltr'>collegium</span> <span class='ocrx_word' id='word_1_230' title='bbox 245 2970 424 3047; x_wconf 87' lang='lat' dir='ltr'>pontificum</span> <span class='ocrx_word' id='word_1_231' title='bbox 444 2978 584 3048; x_wconf 88' lang='lat' dir='ltr'>venerat,</span> <span class='ocrx_word' id='word_1_232' title='bbox 613 2973 696 3049; x_wconf 93' lang='lat' dir='ltr'>quod</span> <span class='ocrx_word' id='word_1_233' title='bbox 717 2972 908 3046; x_wconf 89' lang='lat' dir='ltr'>provinciam</span> <span class='ocrx_word' id='word_1_234' title='bbox 928 2974 1036 3047; x_wconf 82' lang='lat' dir='ltr'>Hispa-</span> 
     </span>
     <span class='ocr_line' id='line_1_31' title="bbox 65 3055 1037 3133; baseline 0.004 -20"><span class='ocrx_word' id='word_1_235' title='bbox 65 3055 145 3114; x_wconf 89' lang='lat' dir='ltr'>niam</span> <span class='ocrx_word' id='word_1_236' title='bbox 160 3072 199 3114; x_wconf 86' lang='lat' dir='ltr'>ex</span> <span class='ocrx_word' id='word_1_237' title='bbox 214 3065 359 3131; x_wconf 87' lang='lat' dir='ltr'>praetura</span> <span class='ocrx_word' id='word_1_238' title='bbox 373 3056 536 3132; x_wconf 91' lang='lat' dir='ltr'>habuerat,</span> <span class='ocrx_word' id='word_1_239' title='bbox 553 3059 637 3132; x_wconf 91' lang='lat' dir='ltr'>quod</span> <span class='ocrx_word' id='word_1_240' title='bbox 651 3057 683 3116; x_wconf 94' lang='lat' dir='ltr'>in</span> <span class='ocrx_word' id='word_1_241' title='bbox 698 3057 844 3133; x_wconf 89' lang='lat' dir='ltr'>petitione</span> <span class='ocrx_word' id='word_1_242' title='bbox 860 3060 1037 3119; x_wconf 91' lang='lat' dir='ltr'>consulatus</span> 
     </span>
     <span class='ocr_line' id='line_1_32' title="bbox 63 3140 1038 3217; baseline 0.003 -18"><span class='ocrx_word' id='word_1_243' title='bbox 63 3147 128 3199; x_wconf 91' lang='lat' dir='ltr'>erat</span> <span class='ocrx_word' id='word_1_244' title='bbox 143 3141 329 3202; x_wconf 83' lang='lat' dir='ltr'>sublevatus.</span> <span class='ocrx_word' id='word_1_245' title='bbox 368 3140 460 3202; x_wconf 86' lang='lat' dir='ltr'>Cuius</span> <span class='ocrx_word' id='word_1_246' title='bbox 477 3143 644 3203; x_wconf 91' lang='lat' dir='ltr'>orationem</span> <span class='ocrx_word' id='word_1_247' title='bbox 660 3142 773 3202; x_wconf 85' lang='lat' dir='ltr'>Caesar</span> <span class='ocrx_word' id='word_1_248' title='bbox 789 3143 978 3217; x_wconf 83' lang='lat' dir='ltr'>interpellat:</span> <span class='ocrx_word' id='word_1_249' title='bbox 1005 3158 1038 3202; x_wconf 92' lang='lat' dir='ltr'>se</span> 
     </span>
     <span class='ocr_line' id='line_1_33' title="bbox 63 3226 1038 3304; baseline 0.004 -21"><span class='ocrx_word' id='word_1_250' title='bbox 63 3242 123 3285; x_wconf 91' lang='lat' dir='ltr'>non</span> <span class='ocrx_word' id='word_1_251' title='bbox 139 3226 280 3286; x_wconf 89' lang='lat' dir='ltr'>maleficii</span> <span class='ocrx_word' id='word_1_252' title='bbox 294 3243 390 3287; x_wconf 90' lang='lat' dir='ltr'>causa</span> <span class='ocrx_word' id='word_1_253' title='bbox 405 3243 444 3286; x_wconf 86' lang='lat' dir='ltr'>cx</span> <span class='ocrx_word' id='word_1_254' title='bbox 458 3229 618 3303; x_wconf 88' lang='lat' dir='ltr'>provincia</span> <span class='ocrx_word' id='word_1_255' title='bbox 639 3244 812 3304; x_wconf 80' lang='lat' dir='ltr'>egressum,</span> <span class='ocrx_word' id='word_1_256' title='bbox 840 3227 896 3285; x_wconf 91' lang='lat' dir='ltr'>sed</span> <span class='ocrx_word' id='word_1_257' title='bbox 912 3229 955 3287; x_wconf 92' lang='lat' dir='ltr'>uti</span> <span class='ocrx_word' id='word_1_258' title='bbox 971 3244 1007 3287; x_wconf 89' lang='lat' dir='ltr'>se</span> <span class='ocrx_word' id='word_1_259' title='bbox 1021 3243 1038 3286; x_wconf 91' lang='lat' dir='ltr'>a</span> 
     </span>
     <span class='ocr_line' id='line_1_34' title="bbox 63 3312 1035 3388; baseline 0 -18"><span class='ocrx_word' id='word_1_260' title='bbox 63 3312 253 3371; x_wconf 89' lang='lat' dir='ltr'>contumeliis</span> <span class='ocrx_word' id='word_1_261' title='bbox 269 3312 459 3372; x_wconf 90' lang='lat' dir='ltr'>inimicorum</span> <span class='ocrx_word' id='word_1_262' title='bbox 474 3314 667 3388; x_wconf 83' lang='lat' dir='ltr'>detenderet,</span> <span class='ocrx_word' id='word_1_263' title='bbox 690 3322 723 3373; x_wconf 92' lang='lat' dir='ltr'>ut</span> <span class='ocrx_word' id='word_1_264' title='bbox 737 3312 875 3372; x_wconf 88' lang='lat' dir='ltr'>tribunos</span> <span class='ocrx_word' id='word_1_265' title='bbox 892 3313 991 3386; x_wconf 91' lang='lat' dir='ltr'>plebis</span> <span class='ocrx_word' id='word_1_266' title='bbox 1007 3312 1035 3371; x_wconf 95' lang='lat' dir='ltr'>in</span> 
     </span>
     <span class='ocr_line' id='line_1_35' title="bbox 62 3397 1036 3472; baseline 0.003 -19"><span class='ocrx_word' id='word_1_267' title='bbox 62 3410 99 3453; x_wconf 91' lang='lat' dir='ltr'>ea</span> <span class='ocrx_word' id='word_1_268' title='bbox 113 3412 146 3455; x_wconf 90' lang='lat' dir='ltr'>rc</span> <span class='ocrx_word' id='word_1_269' title='bbox 162 3412 201 3455; x_wconf 88' lang='lat' dir='ltr'>ex</span> <span class='ocrx_word' id='word_1_270' title='bbox 216 3397 336 3457; x_wconf 90' lang='lat' dir='ltr'>civitate</span> <span class='ocrx_word' id='word_1_271' title='bbox 351 3399 500 3472; x_wconf 84' lang='lat' dir='ltr'>expulsos</span> <span class='ocrx_word' id='word_1_272' title='bbox 515 3399 546 3458; x_wconf 90' lang='lat' dir='ltr'>in</span> <span class='ocrx_word' id='word_1_273' title='bbox 563 3416 648 3460; x_wconf 91' lang='lat' dir='ltr'>suam</span> <span class='ocrx_word' id='word_1_274' title='bbox 664 3399 839 3472; x_wconf 83' lang='lat' dir='ltr'>dignitatem</span> <span class='ocrx_word' id='word_1_275' title='bbox 854 3398 1036 3472; x_wconf 86' lang='lat' dir='ltr'>restitueret,</span> 
     </span>
     <span class='ocr_line' id='line_1_36' title="bbox 60 3483 1035 3558; baseline 0.002 -19"><span class='ocrx_word' id='word_1_276' title='bbox 60 3486 95 3539; x_wconf 90' lang='lat' dir='ltr'>ut</span> <span class='ocrx_word' id='word_1_277' title='bbox 115 3496 149 3538; x_wconf 90' lang='lat' dir='ltr'>se</span> <span class='ocrx_word' id='word_1_278' title='bbox 175 3488 205 3540; x_wconf 90' lang='lat' dir='ltr'>et</span> <span class='ocrx_word' id='word_1_279' title='bbox 222 3484 369 3557; x_wconf 91' lang='lat' dir='ltr'>populum</span> <span class='ocrx_word' id='word_1_280' title='bbox 390 3483 561 3543; x_wconf 89' lang='lat' dir='ltr'>Romanum</span> <span class='ocrx_word' id='word_1_281' title='bbox 577 3485 709 3544; x_wconf 84' lang='lat' dir='ltr'>factione</span> <span class='ocrx_word' id='word_1_282' title='bbox 723 3497 892 3556; x_wconf 88' lang='lat' dir='ltr'>paucorum</span> <span class='ocrx_word' id='word_1_283' title='bbox 908 3498 1035 3558; x_wconf 91' lang='lat' dir='ltr'>oppres·</span> 
     </span>
     <span class='ocr_line' id='line_1_37' title="bbox 63 3563 1036 3629; baseline 0.005 -6"><span class='ocrx_word' id='word_1_284' title='bbox 63 3579 130 3623; x_wconf 93' lang='lat' dir='ltr'>sum</span> <span class='ocrx_word' id='word_1_285' title='bbox 146 3563 175 3622; x_wconf 94' lang='lat' dir='ltr'>in</span> <span class='ocrx_word' id='word_1_286' title='bbox 192 3566 360 3627; x_wconf 89' lang='lat' dir='ltr'>libertatem</span> <span class='ocrx_word' id='word_1_287' title='bbox 373 3568 551 3629; x_wconf 83' lang='lat' dir='ltr'>vindicaret.</span> <span class='ocrx_word' id='word_1_288' title='bbox 579 3569 670 3629; x_wconf 86' lang='lat' dir='ltr'>Cuius</span> <span class='ocrx_word' id='word_1_289' title='bbox 686 3568 823 3626; x_wconf 91' lang='lat' dir='ltr'>oratione</span> <span class='ocrx_word' id='word_1_290' title='bbox 838 3567 1036 3628; x_wconf 85' lang='lat' dir='ltr'>confirmatus</span> 
     </span>
     <span class='ocr_line' id='line_1_38' title="bbox 62 3647 1038 3727; baseline 0.006 -19"><span class='ocrx_word' id='word_1_291' title='bbox 62 3647 216 3724; x_wconf 89' lang='lat' dir='ltr'>Lentulus,</span> <span class='ocrx_word' id='word_1_292' title='bbox 232 3660 265 3711; x_wconf 93' lang='lat' dir='ltr'>ut</span> <span class='ocrx_word' id='word_1_293' title='bbox 278 3651 309 3711; x_wconf 93' lang='lat' dir='ltr'>in</span> <span class='ocrx_word' id='word_1_294' title='bbox 325 3653 472 3727; x_wconf 93' lang='lat' dir='ltr'>oppidum</span> <span class='ocrx_word' id='word_1_295' title='bbox 486 3653 598 3713; x_wconf 83' lang='lat' dir='ltr'>reverti</span> <span class='ocrx_word' id='word_1_296' title='bbox 613 3653 709 3725; x_wconf 88' lang='lat' dir='ltr'>liceat,</span> <span class='ocrx_word' id='word_1_297' title='bbox 726 3653 814 3726; x_wconf 83' lang='lat' dir='ltr'>petit:</span> <span class='ocrx_word' id='word_1_298' title='bbox 832 3653 915 3727; x_wconf 90' lang='lat' dir='ltr'>quod</span> <span class='ocrx_word' id='word_1_299' title='bbox 927 3653 967 3711; x_wconf 93' lang='lat' dir='ltr'>de</span> <span class='ocrx_word' id='word_1_300' title='bbox 979 3668 1038 3715; x_wconf 84' lang='lat' dir='ltr'>sua</span> 
     </span>
     <span class='ocr_line' id='line_1_39' title="bbox 63 3733 1036 3814; baseline 0.003 -17"><span class='ocrx_word' id='word_1_301' title='bbox 63 3733 163 3798; x_wconf 77' lang='lat' dir='ltr'>salute</span> <span class='ocrx_word' id='word_1_302' title='bbox 182 3733 405 3810; x_wconf 80' lang='lat' dir='ltr'>impetraverit.</span> <span class='ocrx_word' id='word_1_303' title='bbox 429 3738 606 3796; x_wconf 76' lang='lat' dir='ltr'>forcellam</span> <span class='ocrx_word' id='word_1_304' title='bbox 626 3735 754 3811; x_wconf 91' lang='lat' dir='ltr'>reliquis</span> <span class='ocrx_word' id='word_1_305' title='bbox 777 3738 817 3797; x_wconf 88' lang='lat' dir='ltr'>ad</span> <span class='ocrx_word' id='word_1_306' title='bbox 839 3754 926 3799; x_wconf 87' lang='lat' dir='ltr'>suam</span> <span class='ocrx_word' id='word_1_307' title='bbox 946 3753 1036 3814; x_wconf 87' lang='lat' dir='ltr'>spem</span> 
     </span>
    </p>
   </div>
   <div class='ocr_carea' id='block_1_3' title="bbox 0 0 1140 4176">
    <p class='ocr_par' dir='ltr' id='par_1_4' title="bbox 0 0 1140 4176">
     <span class='ocr_line' id='line_1_40' title="bbox 0 0 1140 4176; baseline 0 1"><span class='ocrx_word' id='word_1_308' title='bbox 0 0 1140 4176; x_wconf 95' lang='lat' dir='ltr'> </span> 
     </span>
    </p>
   </div>
  </div>
 </body>
</html>
