2272 4176
369 156 528 221 BELLUM
547 156 728 221 Armene.
977 158 1039 223 ³81

59 315 176 391 nicrpia
182 313 287 388 secasti
296 314 433 389 quodque
447 314 522 373 mibi
534 315 638 389 reique
643 316 784 390 publicae
794 316 905 375 inullis
912 314 1003 389 suisli
1010 326 1040 377 et

56 400 264 475 promelitibus
279 406 360 458 mam
374 399 526 470 familiam
536 400 725 475 iumentaque
735 402 765 459 in
776 416 867 459 nares
876 403 1038 475 inposuisti.

57 493 168 559 tuaque
184 484 431 558 operemilitibus
441 490 571 557 tempore
582 486 752 543 necessario
768 485 936 559 respublica
946 496 1037 556 curel,

56 570 92 628 ob
107 585 162 628 eas
177 584 228 627 res
237 569 416 641 ipuominiae
426 583 521 627 eausa
533 568 571 625 ab
580 571 716 627 exercitu
726 584 790 626 meo
799 578 828 627 le
838 586 971 628 remoreo
980 570 1038 629 lto-

58 654 165 727 dieque
180 669 222 711 ee·
240 651 351 725 Africa
371 653 472 711 obesse
491 658 522 710 et
540 660 682 725 quantum
695 662 765 726 pole
779 656 932 727 proficisci
948 654 1037 713 iubeo.

56 737 191 811 Itemque
200 744 236 807 te,
253 736 290 801 Α.
302 737 414 807 Fontei,
431 737 511 810 quob
520 737 656 795 tribunus
673 739 796 795 militum
807 738 1037 795 seditiosusmu-

57 825 161 895 iusque
180 823 254 880 mois
270 820 367 893 subti,
387 828 417 880 'te
430 821 469 879 eb
487 823 622 880 wercilu
643 821 765 879 dimitto.
801 820 832 879 Y.
844 819 972 889 Saliene,
993 822 1037 879 ll.

61 904 148 976 Tiro,
164 905 195 964 b.
208 905 353 975 Clusinos,
364 921 432 964 cum
441 905 561 964 ordines
572 907 603 963 iu
613 920 677 964 meo
687 908 822 964 exercitu
832 904 970 976 beneficia
980 922 1036 963 nan

57 993 164 1049 abnue
174 991 324 1050 consecuti
333 991 375 1048 ita
385 1004 435 1047 eos
441 991 600 1061 qesserilie
611 998 645 1047 ut
653 1006 747 1063 neque
758 988 934 1059 bellefortes
945 1006 1038 1062 neque

55 1091 132 1149 paee
142 1074 213 1133 boui
222 1081 277 1131 aut
285 1075 370 1132 utiles
376 1073 498 1144 fueritis
506 1080 536 1131 el
544 1076 639 1146 maqis
650 1074 1037 1132 insedilioneconcllanrlis-

58 1176 114 1233 quc
129 1158 272 1217 militibus
289 1158 446 1216 adamam
456 1166 583 1216 uestrum
593 1160 801 1232 imperatorem
812 1174 901 1230 quam
910 1157 1037 1230 pulueris

57 1243 275 1317 modestiaeque
282 1242 403 1313 fueritis
412 1243 608 1313 studiosiores,
619 1243 756 1315 ineliqnos
768 1257 816 1299 eos
825 1257 888 1300 esse
898 1242 1034 1311 arbitron

58 1330 109 1401 qui
118 1330 152 1386 iu
162 1342 226 1386 meo
236 1328 370 1385 exercitu
380 1326 499 1385 ordines
508 1327 632 1395 ducatis,
639 1330 797 1399 missosque
804 1325 890 1396 facio
898 1335 926 1384 et
936 1342 1036 1399 quarr-

58 1418 118 1470 tum
129 1418 203 1486 pote
221 1411 321 1469 abesse
337 1427 378 1469 ex
394 1410 506 1482 Africa
522 1411 614 1469 iubeo.
637 1410 743 1484 ltaque
757 1410 848 1467 uadit
862 1424 917 1467 ees
933 1416 1035 1467 eentu-

60 1495 202 1555 rionibus
217 1501 248 1553 et
261 1494 390 1567 singulis
405 1509 467 1553 non
483 1494 614 1567 amplius
628 1494 766 1567 singulos
788 1492 910 1551 additos
926 1508 1034 1553 sersus

59 1580 88 1639 in
103 1594 215 1638 navem
230 1578 426 1653 imponendos
442 1578 607 1653 separatim
622 1579 747 1637 curavit.

45 1678 48 1687 ⁴
141 1662 206 1722 LV.
223 1662 341 1724 Gaetuli
356 1662 473 1721 interim
488 1662 645 1736 perfugae,
661 1678 741 1737 quos
754 1676 822 1719 cum
835 1661 941 1719 litteris
953 1678 1010 1719 ma.

59 1749 203 1822 datisque
214 1746 372 1806 aCaesare
386 1747 501 1805 missos
517 1762 613 1819 supra
626 1747 798 1807 docuimus.
815 1746 854 1802 ad
866 1760 941 1803 snos
952 1746 1032 1804 eise.

59 1832 252 1908 perveniunt
283 1830 417 1903 Quorum
438 1830 618 1890 auctoritate
639 1832 728 1889 lacile
743 1828 866 1887 adducti
883 1828 1035 1891 caesaris-

59 1932 119 1992 que
135 1915 260 1976 nomine
274 1915 416 1989 persuasi
432 1930 538 1989 aroge
555 1915 630 1973 tuba
644 1914 823 1974 desciscunt
837 1914 1036 1989 celeriterque

58 2001 162 2061 cuncti
185 2016 268 2058 arnm
290 2000 413 2074 capiunt
433 2008 603 2073 contraque
623 2015 727 2074 regem
748 2000 850 2057 lacere
872 2014 932 2058 nan
950 2000 1035 2059 dubi·

58 2092 131 2144 tant.
164 2083 280 2158 Quibus
301 2084 393 2143 rebus
416 2085 546 2159 cognitis
561 2085 636 2143 tuba
657 2085 808 2143 distentus
829 2084 939 2157 triplici
957 2086 1035 2145 betto

58 2169 309 2243 necessitateque
325 2176 451 2228 coaetus
466 2170 505 2227 de
521 2170 587 2229 suis
603 2169 718 2243 copiis,
745 2186 823 2243 quas
840 2178 947 2227 clitella
962 2168 1034 2227 t'ae·

59 2269 163 2314 sarem
186 2252 372 2326 adduxerat,
399 2269 456 2311 sex
478 2253 622 2313 cohortes
636 2256 666 2311 in
683 2254 761 2312 fines
776 2254 862 2327 regni
878 2254 925 2311 sui
941 2254 1034 2312 nrittit

58 2354 139 2414 quae
155 2342 261 2396 essent
272 2337 426 2410 praesidio
442 2346 548 2398 contra
563 2339 717 2398 Gaetulos

142 2422 220 2480 LVI.
250 2422 363 2480 Cacsar
381 2421 514 2481 brachiis
536 2424 681 2497 perlectis
703 2422 914 2497 promotisque
936 2438 1036 2495 usque

57 2524 106 2583 eo,
121 2523 183 2582 quo
199 2508 293 2566 telum
308 2520 346 2563 ex
363 2506 480 2580 oppido
496 2507 575 2566 adici
591 2523 651 2566 non
667 2516 791 2581 posset,
813 2515 915 2563 eastra
930 2506 1035 2577 ntunit,

56 2590 188 2651 ballistis
206 2591 486 2664 scorpionibusque
501 2592 617 2650 crebris
633 2600 702 2650 ante
718 2592 849 2649 frontem
865 2598 1036 2649 cassiterum

57 2683 167 2735 contra
181 2674 330 2748 oppidum
343 2676 508 2747 collocatis
525 2676 705 2735 defensares
717 2674 794 2733 muri
808 2674 961 2731 deterrere
974 2691 1036 2733 rrun

55 2759 224 2820 intermittit
245 2773 346 2832 eoque
368 2760 504 2833 quinque
524 2759 662 2833 legiones
687 2774 726 2817 ex
751 2758 963 2831 superioribus
986 2775 1035 2817 ‹sa-

56 2846 130 2905 stris
146 2842 280 2902 deducit.
311 2841 376 2914 Qua
391 2844 532 2901 laenitate
546 2844 649 2903 oblata
663 2844 855 2902 inlustriores
871 2844 1036 2901 iratissimi-

57 2944 120 3004 que
143 2933 344 3001 conspectum
366 2927 532 2986 amicorum
557 2928 866 3003 propinquorumque
887 2923 1036 2999 efflagita-

55 3014 130 3073 bant
145 3027 238 3086 acque
260 3012 338 3069 inter
358 3027 392 3070 se
408 3012 671 3085 colloquebantur.
703 3012 787 3084 Quae
802 3025 853 3069 res
869 3012 942 3083 quid
961 3010 1035 3069 utili-

55 3099 127 3158 tatis
143 3095 280 3167 haberct
294 3094 457 3154 Caesarem
473 3111 535 3154 non
549 3096 682 3155 fallebat.
709 3096 848 3168 Namque
865 3094 983 3153 {laetali
996 3111 1036 3153 ex

56 3181 197 3257 equitatu
210 3179 296 3253 regio
312 3178 480 3238 nobiliores
496 3180 695 3253 equitumque
716 3178 878 3253 praetecti.
906 3194 1035 3251 querum

54 3280 164 3343 patres
180 3278 248 3323 cum
262 3262 358 3323 Mario
375 3270 445 3321 ente
459 3271 633 3323 meruerant
646 3263 777 3337 eiusque
792 3262 941 3323 aeremia
953 3264 1034 3337 agris

54 3350 236 3423 finibusque
256 3348 360 3408 donati
380 3356 453 3421 post
473 3346 577 3407 Sullae
597 3348 756 3407 victoriam
777 3346 835 3405 sub
849 3346 1034 3423 Hiempsalis

54 3432 141 3511 regis
156 3438 243 3493 erant
257 3432 326 3515 „dati
338 3440 538 3509 potestatem,
564 3431 730 3493 occasione
754 3438 844 3509 capta
863 3442 953 3493 noete
973 3432 1041 3491 tam
