2272 4176
147 196 194 239 nn
219 195 392 241 carmanos
417 198 660 242 oonrvaarronn
685 200 713 241 c.
745 192 788 245 37.
824 194 866 246 38.
889 195 931 246 39.
971 190 1008 250 19

58 344 190 407 adorno
210 344 375 422 expulerat,
398 347 425 406 ei
440 345 564 406 Romam
585 347 660 407 sicut
679 348 708 406 in
732 349 875 408 sentinam
894 350 1004 412 contiu-

58 434 143 489 rant:
162 427 270 488 deiude
286 427 369 488 multi
383 446 529 490 memores
546 429 681 491 Sullanae
700 432 851 501 victoriae,
876 434 953 511 quod
970 443 1031 495 ext

58 512 168 589 egariis
186 510 325 572 militibus
338 511 409 572 alios
429 519 578 573 senatores
594 512 741 582 videbant,
763 514 834 574 alios
849 516 887 574 ita
905 516 1006 577 divites

69 594 156 671 regio
171 595 249 655 victu
266 600 352 673 atque
366 594 445 656 cultu
463 601 586 656 aetatem
602 602 736 672 agerent,
759 596 814 657 sibi
829 600 960 676 quisque,
982 601 1007 659 si

68 678 163 738 armis
185 676 270 747 foret,
290 696 326 738 ex
339 679 457 739 victoria
472 677 538 739 talia
555 679 710 757 sperabat:
733 689 884 757 praeterea
906 684 1032 743 iuven-7

58 779 87 830 s,
111 762 240 840 quaein
262 762 339 837 agris
360 779 498 822 manuum
519 763 656 823 mercede
677 764 804 840 inopiam
823 763 1006 835 toleraverat,

58 845 147 905 ivatis
168 851 256 921 atque
278 843 402 924 publicis
422 844 623 923 largitionibus
639 848 730 906 excita
747 846 893 907 urbanum
916 851 1007 908 otium

58 934 141 1005 grato
164 925 259 987 labori
279 926 465 1005 praetulerat.
509 928 567 988 llos
586 935 672 1008 atque
691 927 764 989 alios
784 933 877 989 omnis
898 931 1033 991 malum8

58 1010 178 1071 blisum
192 1008 300 1071 alebat:
317 1027 374 1088 quo
388 1013 484 1072 minus
499 1012 665 1072 mirandum
679 1018 723 1072 est
736 1012 870 1073 homines
885 1015 1006 1090 egentis,

58 1093 108 1155 alis
126 1092 259 1153 moribus
272 1111 407 1155 maxuma
422 1112 490 1173 spe,
514 1096 556 1154 rei
572 1093 707 1171 publicae
720 1097 800 1156 iuxta
815 1114 849 1155 ac
866 1096 922 1157 sibi
937 1114 1006 1156 con-

58 1176 159 1237 luisse.
202 1176 357 1237 Praeterea
379 1195 503 1255 quorum
523 1178 641 1237 victoria
664 1177 760 1238 Sullae
780 1187 916 1257 parentes
938 1183 1034 1257 pro-9

58 1261 136 1337 ripti,
152 1258 231 1319 bona
245 1266 344 1338 erepta
362 1261 407 1320 ius
421 1259 561 1321 libertatis
574 1262 749 1322 inminutum
765 1269 836 1333 erat,
851 1262 923 1323 haut
937 1281 1007 1324 sane

58 1362 80 1404 :o
99 1344 198 1404 animo
220 1340 290 1403 belli
303 1349 438 1404 eventum
459 1343 658 1422 expectabant.
689 1344 734 1404 Ad
752 1344 809 1405 hoc
827 1348 1005 1424 quicumque
1016 1354 1049 1404 10

58 1429 150 1487 iarum
165 1433 252 1505 atque
263 1432 382 1486 senatus
397 1428 524 1503 partium
540 1433 632 1496 erant,
646 1427 817 1488 conturbari
832 1446 896 1488 rem
910 1429 1006 1506 puhli-

59 1528 90 1570 m
107 1528 196 1589 qnam
209 1510 306 1570 minus
322 1509 419 1570 valere
430 1511 485 1587 ipsi
496 1508 651 1572 malebant.
672 1510 706 1570 id
720 1511 793 1571 adeo
806 1509 915 1571 malum
930 1512 1046 1574 mul-11

58 1610 71 1653 s
87 1599 157 1672 post
174 1608 266 1652 annos
280 1594 311 1653 in
326 1594 469 1653 civitatem
484 1600 655 1654 reverterat.
689 1593 763 1653 Nam
782 1600 936 1671 postquam
951 1596 1005 1656 Cn.
1016 1600 1056 1663 38

58 1676 167 1754 ›mpeio
182 1674 240 1755 [et]
252 1676 290 1736 Μ.
308 1674 411 1736 Crasso
426 1676 593 1737 oonsulibus
609 1675 765 1737 tribunicia
778 1682 908 1753 potestas
922 1679 1007 1737 resti·

57 1766 87 1819 ta
101 1767 163 1829 est,
186 1759 320 1820 homines
336 1759 537 1821 adulescentes
551 1778 695 1820 summam
712 1766 884 1837 potestatem
899 1762 1006 1828 nancti

58 1842 138 1905 ribus
151 1849 231 1904 aetas
244 1844 415 1921 animusque
430 1843 514 1904 ferox
530 1850 601 1912 erat,
618 1860 743 1921 coepere
761 1849 894 1904 senatum
910 1845 1007 1903 orimi-

58 1926 123 1988 uado
142 1924 261 2005 plebem
278 1929 440 2002 exagitare,
463 1927 529 1988 dein
544 1925 698 2003 largiundo
716 1933 802 2005 atque
820 1925 1006 2004 pollicitando

58 2011 117 2086 agis
128 2008 303 2071 incendere:
318 2012 357 2069 ita
371 2011 428 2087 ipsi
442 2009 512 2070 clari
526 2017 718 2089 potentesque
734 2011 806 2070 lieri.
834 2008 940 2070 Contra
957 2020 1033 2070 eost

58 2110 140 2154 unma
155 2110 212 2172 ope
231 2091 378 2153 nitebatur
395 2092 535 2171 pleraque
554 2093 688 2153 nobilitas
703 2098 821 2154 senatus
839 2095 936 2170 specio
951 2110 1006 2171 pro

58 2194 78 2237 va
88 2175 299 2255 magnitudine.
320 2176 466 2254 Namque,
485 2178 527 2237 uti
539 2179 639 2254 paucis
651 2195 754 2237 verum
769 2175 925 2245 absolvam,
942 2182 1033 2253 post3
1071 2240 1074 2245 ,

58 2258 125 2321 allae
138 2266 270 2337 tempora
280 2262 456 2339 quicumque
470 2277 534 2321 nem
549 2260 696 2338 publicam
709 2261 863 2336 agitavere,
878 2259 1007 2320 honestis

58 2343 204 2412 minibus,
226 2340 274 2404 alii
286 2344 371 2404 sicuti
386 2341 486 2421 populi
499 2345 563 2403 iura
580 2343 779 2412 defenderent,
801 2360 869 2420 pars
888 2361 945 2421 quo
960 2359 1006 2401 se-

58 2433 110 2489 tus
126 2427 285 2488 auotoritas
298 2445 434 2487 maxuma
449 2426 533 2495 toret,
552 2425 663 2486 bonum
676 2426 826 2503 publicum
839 2424 1006 2485 simulantes

58 2526 79 2573 'o
100 2528 154 2573 sua
182 2512 305 2589 quisque
333 2511 461 2588 potentia
484 2510 648 2570 certabant:
675 2527 770 2587 neque
790 2508 845 2568 illis
866 2507 1006 2567 modestia

58 2611 119 2674 que
135 2594 243 2655 modus
260 2594 452 2654 contentionis
468 2600 538 2662 erat,
554 2594 671 2671 utrique
685 2594 835 2653 victoriam
849 2589 1006 2651 crudeliter

58 2676 212 2739 [eruebant.
242 2676 292 2737 Set
302 2684 456 2755 postquam
471 2676 526 2736 Cn.
541 2676 698 2755 Pompeius
714 2675 750 2736 ad
762 2674 872 2735 bellum
886 2675 1006 2733 maritu-
1017 2670 1056 2731 39

58 2778 104 2823 mn
119 2767 208 2839 atque
222 2759 448 2821 Mithridaticum
459 2761 565 2820 missus
579 2766 631 2828 est,
646 2758 739 2838 plebis
754 2775 824 2837 opes
837 2757 1003 2824 inminutae,

58 2862 188 2907 incorum
201 2844 330 2923 potentia
347 2845 445 2904 crevit.
473 2843 508 2903 Ei
521 2845 707 2919 magistratus
718 2842 882 2920 provincias
894 2839 1006 2917 aliaque
1017 2857 1032 2903 2

58 2930 121 2989 nnia
134 2936 255 2990 tenere:
270 2928 326 3005 ipsi
340 2928 449 2987 innoxii
459 2926 598 2987 ilorentes
608 2927 671 2987 sine
681 2931 761 2985 metu
774 2929 896 2984 aetatem
909 2938 1006 2997 agere,

58 3010 139 3074 teros
159 3010 274 3073 iudiciis
290 3018 478 3088 terroreque
498 3008 615 3087 plebem
631 3012 660 3070 in
679 3010 849 3084 magistratu
865 3004 1007 3083 placidius

58 3101 194 3159 notarent
217 3095 269 3156 Set
278 3094 331 3154 ubi
345 3095 472 3172 primum
488 3092 583 3153 dubiis
593 3092 684 3153 rebus
694 3090 820 3152 novandi
832 3107 900 3166 spes
911 3087 1033 3152 oblata3

58 3186 76 3251 t,
99 3186 185 3241 vetus
204 3185 353 3240 certamen
369 3178 480 3237 animos
497 3194 599 3237 eorum
618 3176 738 3236 adrexit.
772 3172 895 3243 Quodsi
911 3172 1034 3249 primos

59 3262 137 3327 oelio
157 3262 279 3325 Catilina
297 3263 431 3340 superior
454 3267 504 3320 aut
517 3278 610 3338 aequa
625 3277 714 3320 manu
726 3257 920 3324 discessisset,
937 3271 1007 3332 pro·

58 3354 102 3411 cto
116 3363 225 3425 magna
247 3344 345 3407 clades
364 3351 450 3423 atque
472 3344 618 3404 calamitas
632 3361 696 3404 rem
718 3339 864 3420 publicam
886 3337 1007 3416 obpres-

58 3438 124 3493 rset:
142 3448 240 3510 neque
255 3428 328 3500 illis,
344 3430 370 3490 si
383 3429 534 3489 victoriam
550 3428 647 3505 adepti
662 3426 775 3494 forent,
794 3423 901 3483 diutins
918 3421 1007 3483 cauti

821 3525 868 3587 ‘2⁸
