2272 4176
34 500 42 539 ··.
117 484 158 547 88
354 508 398 549 nn
418 506 522 549 annno
544 504 745 551 morardum
768 506 798 551 o.
821 498 867 553 85.

90 662 147 715 zet
167 654 335 733 superbiam
357 631 481 717 aetatem
497 672 594 733 agere.
628 655 678 716 Set
699 655 771 716 mibi
793 661 900 717 contra
922 674 958 716 ea
977 657 1092 721 videtur:

116 756 185 798 narn
211 757 269 817 qno
289 738 382 817 pluris
405 744 449 800 est
470 741 608 800 univorsa
625 738 807 817 respublica
824 757 917 818 quam
937 740 1093 801 consulatur

118 829 168 884 aut
180 829 334 903 praetura,
358 841 393 882 eo
407 824 517 883 maiore
533 840 605 883 cura
618 822 696 883 illam
711 823 913 885 administrari
929 841 1020 903 quam
1033 824 1093 885 beer

37 906 42 977 :j
89 916 106 967 3
115 909 176 985 peti
191 907 309 968 debere.
335 907 437 985 Neque
452 925 500 968 me
516 905 602 975 lallit,
619 912 760 985 quantum
772 924 840 967 cum
856 924 1001 969 maxumo
1010 916 1093 968 rostro

114 991 249 1052 benificio
263 992 363 1069 negoti
380 991 549 1051 sustineam.
584 989 699 1051 bellum
714 1008 822 1068 parare
837 989 929 1051 simul
947 998 979 1052 et
993 993 1108 1053 aesinos
1134 1055 1136 1072 ι

115 1091 248 1153 parcere,
267 1092 374 1154 cogere
389 1075 427 1135 ad
442 1074 572 1134 militiam
587 1091 638 1135 eos
655 1091 729 1152 quos
742 1072 819 1134 nolis
834 1072 1092 1145 obtenderetur

115 1157 246 1238 forisque
266 1160 363 1219 omnia
377 1176 496 1228 curare,
521 1163 550 1217 et
565 1175 599 1217 ea
614 1175 702 1235 agere
717 1158 793 1218 inter
810 1157 930 1218 invidos
947 1175 1093 1219 occursan-

89 1244 152 1303 ttis
173 1241 309 1304 factiosos
324 1243 475 1321 opinione,
499 1239 638 1310 Quirites,
662 1242 794 1320 asperius
810 1247 865 1302 est.
901 1240 949 1301 Ad
964 1242 1036 1313 hoc,
1056 1243 1093 1303 alii
1135 1277 1136 1288 κ

78 1328 82 1339 “
115 1328 139 1386 si
153 1327 320 1406 deliquere,
341 1332 424 1387 vetus
441 1324 595 1394 nobilitas,
617 1325 762 1385 maiorum
776 1324 866 1385 fortia
881 1324 980 1395 lacta,
999 1344 1092 1405 cogna-
1134 1351 1136 1406 i

115 1417 213 1471 torum
232 1418 262 1473 et
281 1411 419 1471 adfinium
449 1427 535 1487 opes,
564 1406 672 1468 multae
699 1407 867 1478 clientelae,
901 1412 1004 1471 omnia
1031 1411 1116 1471 bacco

114 1496 260 1572 praesidio
280 1495 401 1555 adsunt:
420 1493 492 1553 mihi
512 1509 580 1571 spes
599 1509 700 1552 omnes
728 1493 758 1551 in
779 1498 894 1553 memet
913 1494 1007 1564 sitae,
1035 1511 1094 1572 quas

115 1596 236 1639 necesse
263 1585 307 1638 est
327 1580 433 1638 virtute
455 1584 484 1637 et
504 1577 669 1637 innocentia
689 1577 791 1636 tutari:
816 1594 888 1637 nam
910 1575 972 1638 alia
993 1578 1092 1639 infirma

92 1668 194 1726 esunt.
231 1661 267 1721 Et
281 1660 351 1724 illud
369 1658 514 1738 intellego,
538 1658 672 1729 Quirites,
691 1660 822 1720 omnium
838 1677 895 1719 ora
918 1662 952 1720 in
970 1678 1092 1734 mecon·

117 1762 202 1806 vorsa
226 1763 306 1815 esse,
329 1760 438 1823 aequos
457 1743 608 1822 bonosque
629 1742 727 1803 favere
751 1776 787 1786 -
805 1744 919 1825 quippe
944 1763 1012 1806 mea
1030 1744 1091 1807 bene

117 1830 194 1890 lacta
214 1831 258 1889 rei
277 1827 412 1906 publicae
434 1827 599 1904 procedunt
619 1860 673 1895 -,
695 1825 880 1888 nobilitatem
901 1828 1008 1889 locum
1027 1830 1113 1890 inu-o

16 1902 20 1909 ⁴
90 1913 202 1978 edendi
218 1929 370 1992 quaerere.
400 1909 465 1980 Quo
479 1910 551 1970 mihi
563 1912 659 1971 acrius
670 1911 863 1972 adnitendum
875 1919 939 1981 est,
957 1914 1090 1992 utineque

90 2014 166 2061 tvos
182 1997 336 2075 capiamini
355 2002 384 2055 et
398 1993 439 2055 illi
453 1994 563 2054 frustra
576 1996 641 2054 sint.
680 1994 722 2053 lta
742 1995 778 2054 ad
797 1995 857 2055 hoc
876 1999 984 2058 aetatis
1003 2015 1090 2075 apur-

114 2082 180 2142 ritia
200 2080 256 2148 lui,
279 2081 321 2139 uti
343 2096 445 2138 omnes
461 2076 578 2138 labores
599 2084 627 2138 et
646 2077 777 2156 pericula
801 2087 949 2142 consueta
972 2080 1090 2143 habeam.

89 2166 197 2237 sQuae
211 2169 278 2223 ante
293 2169 391 2222 rostra
406 2161 540 2222 benificia
555 2164 681 2237 gratuito
696 2160 851 2231 faciebam,
871 2182 907 2224 ea
926 2167 971 2225 uti
987 2170 1091 2241 accepta

89 2248 252 2315 emercede
268 2247 410 2317 deseram,
429 2251 546 2305 nonest
562 2243 723 2313 consilium,
742 2245 880 2317 Quirites.
912 2246 976 2308 lllis
991 2246 1109 2309 difficile!

114 2333 201 2393 estin
216 2330 408 2408 potestatibus
420 2336 593 2406 temperare,
609 2331 659 2407 qui
672 2346 727 2406 per
743 2329 939 2391 ambitionem
956 2350 1021 2394 sese
1036 2349 1091 2409 pro·

11 2410 31 2495 i‘·
113 2414 169 2476 bos
184 2413 373 2474 simulavere:
396 2413 478 2483 mihi,
495 2415 546 2491 qui
567 2430 684 2473 onmem
699 2419 824 2473 aetatem
840 2415 871 2474 in
889 2418 1021 2493 optumis
1036 2416 1091 2475 arti·

11 2502 17 2533 ⁵
114 2498 171 2561 bus
189 2500 244 2575 egi,
260 2496 337 2557 bene
351 2497 449 2558 lacere
463 2498 521 2557 iarn
533 2516 569 2558 ex
584 2497 795 2557 consuetudine
809 2498 840 2556 in
855 2505 996 2560 naturam
1009 2502 1090 2560 vortit.

11 2586 13 2593 '
74 2599 107 2651 10
199 2580 313 2643 Bellum
335 2599 382 2641 me
403 2597 508 2658 gerere
525 2600 591 2661 curn
607 2580 749 2659 lngurtha
765 2582 908 2651 iussistis,
931 2602 1019 2663 quarn
1039 2600 1090 2643 ren

11 2962 17 3017 i

114 2665 250 2727 nobilitas
268 2682 443 2742 aegerrume
465 2664 538 2725 tulit.
583 2664 713 2735 Quaeso,
745 2671 882 2741 reputate
908 2685 978 2728 cum
1000 2667 1109 2729 annoso

115 2752 235 2819 vostris,
263 2749 376 2810 numid
399 2751 506 2808 mutari
526 2746 630 2808 melius
652 2749 702 2816 sit,
726 2750 749 2807 si
773 2766 863 2826 quem
885 2768 925 2810 ex
947 2752 997 2812 illo
1017 2750 1089 2829 globo

115 2833 272 2894 nobilitatis
288 2831 396 2893 adhoc
411 2838 461 2892 aut
476 2832 553 2892 aliud
567 2831 625 2892 tale
638 2833 789 2908 negotium
804 2834 937 2904 mittatis,
955 2836 1091 2896 hominen

116 2917 222 2978 ceteris
238 2918 391 2993 prosapiae
406 2934 440 2976 ac
455 2914 614 2977 multarum
628 2917 789 2992 imaginum
800 2924 830 2976 et
844 2916 958 2979 nullius
968 2918 1089 2998 stipendi

117 3000 227 3061 scilicet
241 3005 273 3060 nt
288 3000 317 3058 in
334 3006 411 3061 tanta
431 3019 464 3060 re
480 3001 599 3077 ignarus
614 3000 750 3059 omninm'
760 3000 889 3078 trepidet
907 3002 1039 3073 festinet,
1052 3019 1090 3062 su·

77 3102 106 3153 11
117 3091 177 3146 mat
191 3083 317 3162 aliquem
332 3102 368 3144 en
381 3082 491 3163 populo
502 3084 678 3144 monitorem
694 3083 770 3143 offici
789 3085 844 3144 sui.
867 3084 912 3145 lta
928 3087 1113 3165 plerumquos
1134 3101 1136 3128 t

117 3171 221 3238 evenit,
245 3170 286 3229 uti
301 3186 390 3246 quem
405 3185 456 3227 vos
472 3169 671 3244 inperatorem
686 3168 816 3235 iussistis,
835 3170 860 3227 is
878 3167 968 3251 [sibi]
989 3174 1092 3249 inpera-

75 3262 212 3324 12torem
227 3251 315 3313 alium
330 3258 460 3330 quaerat.
501 3252 595 3329 Atque
618 3267 672 3327 ego
691 3253 760 3319 scio,
784 3251 924 3323 Quirites,
949 3258 1010 3333 qui,
1025 3260 1093 3333 post·

116 3357 204 3418 quam
225 3335 359 3398 consules
381 3336 448 3395 lacti
471 3341 547 3405 sunt,
570 3341 600 3397 et
619 3341 682 3395 aeta
699 3336 843 3395 maiorum
866 3343 898 3396 et
921 3338 1094 3400 Graecorum

115 3423 250 3485 militaria
267 3427 424 3499 praecepta
445 3420 545 3496 legere
563 3420 727 3496 coeperint:
750 3423 940 3496 praeposteri
954 3422 1093 3483 homines:

116 3526 184 3568 narn
206 3523 311 3583 gerere
334 3522 422 3583 quarn
443 3505 507 3564 lieri
533 3510 667 3581 tempore
689 3504 850 3578 posterius,
880 3522 916 3566 re
940 3512 1027 3586 atque
1047 3516 1118 3567 usus

76 3594 200 3669 13prius
218 3597 270 3657 est.
307 3589 469 3665 Conparate
488 3605 575 3655 nunc,
592 3587 727 3658 Quirites,
744 3603 812 3646 cum
828 3586 950 3650 illorum
967 3589 1095 3669 superbia

118 3693 166 3734 me
188 3675 339 3734 hominem
359 3690 475 3732 novom.
515 3672 595 3741 Quae
616 3668 657 3729 illi
678 3669 780 3730 audire
801 3677 853 3732 aut
873 3672 979 3751 legere
1000 3674 1094 3741 solent.

119 3774 222 3820 eorum
235 3764 350 3838 partem
370 3756 436 3825 vidi,
454 3754 508 3815 alia
530 3759 646 3831 egomet
660 3755 749 3831 gessi:
772 3771 849 3833 quae
869 3756 914 3818 illi
933 3758 1045 3831 litteris,
1065 3770 1096 3819 at
