2272 4176
461 169 577 231 LIBER
596 168 647 231 ut
973 162 1035 233 28⁷

64 316 122 381 lati
134 294 248 381 virtute
260 319 409 394 homines,
434 337 564 397 quorum
578 335 674 395 opera
688 321 801 382 Caesar
815 322 955 383 omnibus
968 322 1035 382 Gat-

64 404 132 465 licis
152 404 243 464 bellis
266 403 380 480 optima
394 405 622 480 fortissimaque
636 413 702 466 erat
714 422 801 466 usus.
814 468 818 483 ,
829 408 884 467 His
900 407 981 467 domi
996 405 1035 466 ob
1088 442 1091 447 -

64 486 122 549 has
142 503 256 551 causas
277 489 484 564 amplissimos
504 490 697 563 magistratus
723 491 921 551 mandaverat
944 496 1036 564 atque

64 588 121 634 eos
136 579 226 632 extra
241 573 378 633 ordinem
393 573 423 632 in
438 581 577 634 senatum
591 574 740 648 legendos
757 581 916 635 curaverat
929 589 1035 647 agros-

64 673 125 733 que
138 657 171 716 in
184 657 281 717 Gallia
295 673 334 716 cx
347 656 490 718 hostibus
507 665 614 732 captos
630 659 827 735 praemiaque
836 659 880 718 rei
893 659 1034 734 pecunia—

64 742 127 802 riae
147 756 263 816 magna
276 742 421 802 tribuerat
435 743 668 816 locupletesque
683 759 722 802 ex
738 744 897 818 egentibus
913 743 1033 801 iecerat

64 824 100 885 lii
114 832 245 901 propter
258 826 398 886 virtutem
412 843 473 886 non
489 827 588 886 solum
604 828 687 900 apud
699 827 860 887 Caesarem
874 827 904 886 in
919 826 1035 887 honore

64 916 158 984 erant,
171 910 229 970 sed
240 911 329 969 etiam
340 910 423 985 apud
434 911 599 970 exereitum
611 911 672 970 cari
683 911 887 980 habebantur;
904 910 1036 971 sedlreti

64 994 196 1054 amicitia
211 993 350 1054 caesaris
366 1001 396 1054 et
410 997 502 1054 stulto
515 1010 552 1054 ac
566 994 696 1054 barbara
710 995 883 1070 arrogantia
898 994 967 1054 elati
982 995 1034 1054 dc-

64 1078 1034 1154 spicicbantsuosstipendiumqueequitumfraudabantetprae

64 1161 134 1223 dam
157 1177 279 1222 omnem
299 1163 422 1223 domum
443 1164 629 1223 avertebant.
659 1163 774 1237 Quibus
796 1165 837 1224 illi
857 1163 949 1223 rebus
965 1179 1031 1238 per«

64 1247 137 1305 moti
157 1246 295 1307 universi
310 1247 471 1307 Caesarem
485 1249 624 1307 adierunt
638 1251 800 1324 palamque
816 1249 854 1308 dc
869 1263 975 1308 eorum
989 1247 1033 1306 in·

64 1330 148 1390 iuriis
172 1338 244 1392 sunt
264 1332 365 1405 questi
387 1338 417 1392 et
436 1331 476 1392 ad
497 1338 599 1391 cetera
614 1332 796 1392 addiderunt
809 1331 918 1392 salsum
934 1332 971 1391 ab
986 1330 1033 1390 his

64 1415 201 1490 equitum
213 1431 371 1476 numerum
383 1416 503 1490 deterri,
518 1432 646 1490 quorum
658 1416 840 1491 stipendium
854 1424 1033 1476 averterent

145 1499 208 1558 LX.
255 1499 367 1559 Caesar
389 1516 489 1576 neque
514 1498 635 1574 tempus
659 1501 732 1560 illud
758 1500 1033 1560 animadversionis

64 1588 134 1644 ess'e
149 1583 327 1644 existimans
344 1591 374 1643 et
387 1586 480 1645 multa
493 1584 594 1644 virtuti
609 1600 714 1644 eorum
729 1584 901 1644 concedens
913 1600 976 1642 rem
988 1592 1033 1645 to

64 1674 122 1727 tam
134 1667 267 1737 distulit;
283 1668 351 1728 illos
364 1675 483 1729 secreto
496 1668 662 1742 castigavit,
676 1668 758 1743 quod
768 1668 1033 1743 quaestuiequites

64 1751 220 1827 haberent,
233 1753 419 1827 monuitque,
431 1761 464 1812 ut
476 1767 514 1811 ex
528 1768 584 1811 sua
595 1753 725 1812 amicitia
733 1753 833 1811 omnia
839 1759 1035 1826 expectarent

64 1843 93 1896 et
112 1852 154 1895 ex
169 1836 341 1912 praeteritis
358 1836 423 1896 suis
438 1837 548 1897 officiis
563 1838 682 1910 reliqua
696 1843 864 1911 sperarent.
892 1836 1033 1910 Magnam

64 1927 162 1980 100000
187 1921 264 1980 haec
283 1936 334 1981 res
356 1921 414 1981 illis
436 1920 638 1981 offensionem
662 1928 692 1980 et
716 1920 969 1994 contemptionem
994 1920 1033 1980 ad

64 2020 169 2064 omnes
186 2005 290 2079 attulit,
306 2005 400 2080 idque
415 2006 456 2065 ita
471 2020 542 2064 esse
555 2022 623 2065 cum
636 2020 675 2063 ex
686 2005 812 2066 aliorum
825 2004 1032 2066 obiectationi-

64 2089 118 2148 bus
135 2090 301 2148 tumetium
313 2105 352 2148 ex
364 2090 531 2149 domestico
544 2090 656 2149 iudicio
669 2097 761 2164 atque
773 2091 862 2149 animi
875 2090 1031 2149 eonscien-

64 2174 101 2233 tia
115 2173 341 2247 intellegebant.
371 2173 436 2247 Quo
452 2175 571 2248 pudore
586 2175 708 2234 adducti
723 2182 753 2234 et
768 2176 899 2234 tortasse
915 2191 976 2234 non
998 2189 1033 2234 se

64 2257 193 2331 iberari,
211 2257 311 2317 sedin
327 2258 410 2317 aliud
424 2264 544 2332 tempus
561 2259 713 2318 reservari
729 2258 861 2318 arbitrati
874 2259 1033 2318 discedere

64 2342 185 2401 anobis
201 2348 232 2400 et
246 2358 356 2401 novam
371 2348 519 2417 temptare
540 2344 691 2403 fortunam
708 2359 868 2417 novasque
886 2343 1031 2402 amicitias

64 2425 195 2501 experiri
212 2426 440 2486 constituerunt.
468 2426 506 2485 Et
520 2443 589 2486 cum
600 2428 706 2501 paucis
720 2428 860 2487 collocuti
874 2427 1031 2486 clientibus

64 2511 134 2584 mis,
150 2509 262 2585 quibus
274 2516 388 2569 tantum
405 2510 520 2570 lacinus
533 2512 719 2571 conrmittere
730 2512 890 2583 audebant,
904 2510 1032 2585 primum

64 2595 163 2655 eonati
178 2602 251 2654 sunt
261 2595 447 2669 praelectum
460 2594 593 2668 equitum
607 2596 636 2654 C.
649 2597 839 2656 Volusenum
851 2594 1030 2669 interficere,

64 2686 91 2740 ut
110 2686 225 2754 postea
245 2679 324 2738 bello
346 2681 486 2738 conlecto
509 2680 662 2753 cognitum
683 2688 744 2753 est,
766 2686 799 2738 ut
820 2694 886 2737 eum
907 2693 1032 2737 munere

64 2763 164 2836 atquo
181 2763 356 2837 perfugisse
371 2763 409 2821 ad
424 2762 601 2836 Pompeium
616 2763 807 2833 viderentur;
823 2770 986 2836 postquam
1000 2762 1031 2821 id

64 2846 218 2907 difficilius
241 2847 342 2906 visum
363 2855 410 2906 cst
430 2863 531 2922 neque
552 2849 679 2906 facultas
702 2847 879 2922 perficiendi
894 2847 1030 2920 dabatur,

64 2947 153 3007 quam
174 2931 323 2990 maximas
345 2938 509 3005 potuerunt
524 2931 671 3005 pecunias
687 2932 827 3005 mutuati,
851 2931 979 3005 proinde
994 2946 1031 2991 00

64 3016 123 3077 suis
136 3015 318 3075 satisfacere
330 3021 361 3074 et
371 3016 511 3074 fraudata
522 3015 682 3074 restituere
689 3017 809 3089 vellent,
822 3015 921 3074 multis
931 3016 1030 3074 coem-

64 3102 119 3175 ptis
141 3100 232 3175 equis
254 3100 292 3157 ad
313 3098 491 3173 Pompeium
513 3100 699 3159 transierunt
719 3115 787 3159 cum
807 3099 860 3173 iis,
883 3114 961 3173 quos
983 3098 1030 3160 sui
1069 3104 1072 3109 ’

64 3184 180 3246 consilii
197 3183 362 3259 participes
377 3183 538 3242 habebant.

141 3269 218 3328 LXI.
263 3266 344 3341 Quos
356 3267 530 3341 Pompeius,
546 3267 629 3341 quod
644 3272 731 3325 erant
744 3265 873 3327 honesto
888 3267 958 3327 loco
969 3269 1030 3329 nati

64 3360 88 3415 st
96 3351 238 3413 instructi
250 3351 411 3411 liberaliter
422 3367 595 3426 magnoque
608 3351 750 3410 comitatu
762 3359 792 3410 et
802 3351 903 3411 nrultis
915 3352 1029 3412 iumen·

64 3436 97 3503 tls
117 3442 268 3499 venerant
281 3437 399 3513 virique
414 3439 507 3498 sortes
522 3435 712 3497 habebantur
726 3436 801 3498 etin
814 3435 935 3499 itenere
948 3439 1037 3514 aqud
