2272 4176
112 506 154 571 86
253 526 296 567 us
318 522 645 567 sauromatarum
668 522 697 565 c.
721 514 766 568 80.
785 515 832 569 81.
853 515 897 570 82.
919 516 964 570 81

114 677 253 753 quisque,
276 691 363 751 quam
385 671 537 750 plurumas
556 689 674 742 uxores,
690 671 781 734 denas
802 670 916 732 aliialii
937 671 1091 751 pluresltn·

88 757 198 827 theut,
224 763 269 816 set
283 773 370 833 reges
389 773 424 816 ee
442 754 576 836 amplius.
608 755 651 816 lta
667 758 782 817 animus
796 754 986 817 multitudine
1000 756 1092 817 elisua·

112 842 209 903 hitur:
237 840 317 901 nulla
339 857 395 917 pre
417 840 496 899 socia
520 838 641 909 obtinet,
664 841 776 917 pariter
802 857 909 901 omnes
931 840 1004 901 viles
1025 850 1092 901 sunt

63 926 206 1002 8tlgitur
227 927 256 985 in
280 924 378 985 locum
407 922 551 984 ambobus
572 922 712 1004 placitum
736 925 887 985 exercitus
912 925 1092 986 conveniunt:

113 1010 155 1070 ibi
177 1010 234 1070 fide
257 1009 323 1069 data
344 1014 373 1068 et
394 1013 514 1086 accepta
533 1007 675 1085 Iugurtha
696 1007 806 1069 Bocchi
818 1009 954 1070 animum
975 1010 1107 1069 orationes

114 1093 265 1155 adcendit:
288 1091 436 1152 Romanos
450 1093 586 1161 iniustos,
609 1091 756 1170 profunda
778 1092 918 1161 avaritia,
942 1094 1094 1153 cummunis

115 1180 244 1238 omnium
259 1176 351 1236 hostis
363 1193 441 1237 esse:
454 1177 578 1237 eandem
590 1174 655 1236 illcs
667 1192 800 1237 caussam
815 1174 888 1236 belli
903 1194 975 1237 eum
989 1175 1094 1238 Bocche

114 1261 235 1330 habere,
248 1279 336 1339 quam
347 1277 448 1321 secum
460 1266 489 1320 et
503 1278 572 1321 cum
583 1259 645 1321 aliis
660 1259 806 1337 gentihus,
821 1257 989 1321 lubidinem
1001 1262 1095 1339 input-

114 1346 204 1414 tandi,
227 1346 292 1423 quis
308 1345 405 1405 omnia
421 1360 513 1421 regna
526 1345 649 1405 advorsa
664 1345 737 1405 sint:
759 1350 823 1404 tum
838 1360 917 1413 sese,
935 1344 1027 1423 paulo
1041 1350 1096 1405 aute

79 1438 84 1451 ·
115 1429 375 1506 Carthaginiensis,
397 1430 467 1489 item
481 1445 583 1505 regem
599 1428 724 1497 Persen,
740 1433 808 1505 post
823 1428 868 1488 uti
884 1429 1016 1508 quisqam
1034 1446 1118 1508 opu-u

89 1512 302 1576 alentissumus
322 1513 469 1582 videatur,
491 1514 531 1572 ita
545 1511 684 1572 Romanis
704 1512 821 1572 hostem
839 1511 917 1573 lore.
955 1512 1008 1573 Eis
1021 1522 1095 1591 atque

115 1596 177 1656 aliis
193 1596 300 1656 talrbus
316 1597 399 1657 dictis
413 1595 450 1655 ad
467 1596 574 1656 Cirtam
588 1596 729 1673 oppidum
742 1596 799 1656 iter
814 1598 1013 1667 constituunt,
1030 1596 1095 1676 quctl

113 1680 213 1758 ibique
231 1681 334 1718 ******
352 1677 483 1739 Metellus
498 1680 638 1757 praedam
654 1680 841 1757 captivosque
860 1686 892 1741 et
906 1680 1095 1760 inpedimenta
1129 1716 1134 1749 1

87 1763 269 1824 tlneaverat.
291 1764 334 1823 lta
344 1763 487 1839 Iugurtha
500 1769 582 1823 ratus
597 1770 647 1824 aut
657 1769 742 1842 capta
755 1762 833 1824 urbe
848 1781 963 1843 operae
974 1764 1094 1844 precium
1128 1761 1134 1861 Ι

113 1847 187 1916 lore,
204 1854 253 1907 aut
263 1848 287 1906 si
301 1847 450 1908 Romanus
463 1845 569 1908 auxilio
583 1850 643 1908 suis
654 1848 787 1916 venisset,
800 1848 917 1927 proelio
933 1866 1004 1911 sese
1015 1854 1116 1911 certa-u

88 1938 205 1993 atures.
251 1929 325 1992 Nam
350 1929 471 1991 callidus
492 1931 522 1991 id
543 1932 631 1992 modo
659 1930 828 1999 festinabat,
859 1931 978 1993 Bocchi
1004 1948 1093 2012 pacem

113 2018 291 2084 inminuere,
313 2033 350 2075 ne
373 2032 472 2076 moras
493 2016 628 2092 agitando
644 2014 721 2076 aliud
744 2032 833 2093 quam
859 2015 978 2077 bellum
998 2015 1091 2077 mallet.

63 2098 103 2160 82
199 2099 351 2176 luperator
372 2106 528 2178 postquam
543 2099 580 2159 dc
593 2115 698 2175 regum
717 2100 858 2159 societate
877 2102 1027 2177 cognovit,
1045 2116 1093 2159 nen

113 2191 234 2251 temere,
258 2201 369 2261 neque,
393 2186 436 2244 uti
452 2201 539 2260 saepe
560 2184 618 2243 iam
639 2184 714 2243 victe
733 2182 878 2260 Iugurtha
899 2190 1091 2251 consueverat,

114 2266 251 2327 omnibus
267 2266 339 2327 locis
355 2268 506 2346 pugnandi
526 2270 638 2346 copiam
656 2268 739 2327 lacit:
761 2273 897 2328 ceterum
911 2267 989 2329 haut
1002 2265 1112 2350 procula

113 2351 149 2412 ab
174 2350 251 2410 Cirta
273 2353 376 2411 castris
397 2352 515 2411 munitis
535 2368 621 2427 reges
643 2352 789 2428 operitur,
811 2350 921 2412 melius
937 2370 1004 2414 esse
1023 2360 1091 2414 ratus

114 2435 237 2510 cognitis
259 2434 382 2503 Mauris,
415 2437 554 2512 queniam
575 2437 599 2495 is
620 2453 712 2495 nevos
732 2434 825 2495 hostis
849 2436 1037 2507 adcesserat,
1064 2452 1090 2497 et

113 2518 267 2579 commode
286 2536 414 2596 pugnam
430 2519 536 2579 lacere.

87 2619 103 2666 3
197 2601 317 2663 lnterim
338 2602 431 2664 Roma
449 2621 503 2679 per
525 2603 636 2663 litteras
657 2603 765 2663 certior
788 2603 821 2661 lit
840 2606 1026 2680 provinciam
1042 2603 1088 2664 llu-

113 2686 231 2746 midiam
242 2686 333 2746 llario
349 2687 459 2748 elatam:
476 2706 544 2747 nam
559 2686 709 2746 consulem
724 2685 834 2747 laetum
849 2694 920 2749 ante
937 2693 1104 2766 acceperatt
1128 2704 1134 2741 ι

115 2771 227 2841 Quibus
241 2771 331 2832 rebus
345 2789 435 2850 supra
454 2771 566 2833 bonum
582 2776 632 2831 aut
649 2771 807 2831 honestum
821 2772 991 2849 perculsus,
1007 2789 1087 2850 neque
1112 2812 1117 2839 ς

114 2853 259 2913 lacrumas
273 2862 375 2917 tenere
391 2874 488 2934 neque
506 2856 654 2916 moderari
674 2854 821 2932 linguam:
845 2857 890 2915 vir
913 2856 1087 2936 egregiusiu
1113 2856 1118 2927 ἰ

90 2936 176 3001 331113
199 2937 309 2998 artibus
328 2942 413 3000 nimis
427 2939 552 3001 molliter
568 2940 781 3016 aegritudinem
803 2941 874 3015 pati.
921 2939 1017 3010 Quam
1036 2956 1087 3000 rem
1114 2932 1118 2946 '

115 3019 161 3080 alii
171 3021 201 3079 in
212 3022 378 3099 superbiam
391 3024 553 3093 vertebant,
569 3024 616 3084 alii
629 3023 741 3085 honum
755 3025 910 3101 ingenium
926 3022 1086 3086 contumelia
1114 3021 1118 3067 ἵ

114 3105 272 3167 adcensum
290 3125 362 3176 esse,
381 3107 464 3168 multi
486 3109 565 3187 quod
585 3109 643 3168 iam
665 3113 748 3186 parta
763 3108 887 3168 victoria
908 3128 946 3170 ex
966 3108 1104 3168 mannus

113 3192 286 3267 eriperetur.
328 3192 419 3254 Nobis
441 3194 509 3252 satis
530 3194 679 3269 cognitum
701 3198 745 3252 est
766 3191 848 3253 illum
870 3195 966 3273 magis
988 3195 1087 3254 honore

111 3275 185 3338 llari
207 3295 294 3353 quarn
315 3277 420 3337 iniuria
440 3295 491 3337 sua
507 3279 705 3338 excruciatum
720 3293 817 3353 neque
839 3283 903 3338 tam
919 3280 1006 3340 anxie
1026 3276 1087 3338 latu·

110 3378 179 3421 rum
205 3360 309 3431 luisse,
341 3362 365 3420 si
391 3360 524 3438 adempta
550 3362 699 3440 provincia
729 3359 776 3421 3111
803 3378 895 3438 quam
921 3361 1015 3423 llario
1040 3368 1087 3420 tra·

111 3446 241 3506 deretur.

62 3534 101 3599 83
196 3529 288 3606 lgitur
307 3545 342 3588 eo
367 3527 469 3589 delere
485 3528 630 3606 inpeditus
651 3535 680 3588 et
700 3530 768 3606 quia
787 3529 928 3591 stultitiae
945 3530 1108 3592 videbatur!

113 3613 234 3674 alienam
248 3630 312 3672 rem
326 3611 458 3690 periculo
472 3630 525 3673 suo
541 3630 661 3683 curare,
685 3610 796 3691 legates
812 3613 851 3674 ad
864 3613 1020 3675 Bocchum
1034 3613 1088 3674 mit·

112 3699 146 3756 tit
161 3696 349 3775 postulatum,
367 3714 405 3758 ne
419 3698 481 3756 sine
497 3714 599 3757 caussa
613 3696 706 3756 hostis
720 3695 830 3775 populo
848 3696 985 3759 Romano
1000 3699 1087 3761 fleret:

111 3779 224 3846 haltere
238 3789 302 3843 tum
316 3798 453 3862 maguam
467 3783 581 3860 copiam
595 3781 740 3841 societatis
755 3781 962 3861 amicitiaeque
977 3783 1087 3845 coniuu·
