2302 4192
484 178 599 240 LIBER
618 180 654 241 tt
990 180 1054 246 249

78 332 164 391 idem
186 332 311 393 ordines
331 331 537 408 manipulique
558 340 740 395 constarent
769 336 856 396 Hanc
878 346 983 398 nactus
998 357 1047 416 ap-

79 416 256 493 pellationis
277 432 401 476 causam
416 416 574 491 Quintilius
597 419 724 479 circuire
744 419 840 479 aciem
856 421 993 483 Curionis
1008 433 1050 485 at-

80 516 142 577 que
157 501 324 561 obsecrare
338 502 449 562 milites
461 504 576 578 coepit,
598 519 637 562 ne
652 504 741 579 primi
756 508 953 581 sacramenti,
969 510 1051 583 quod

79 586 165 661 apud
178 586 342 646 Domitium
354 594 446 662 atque
461 589 545 662 apud
559 605 594 648 se
609 596 802 664 quaestorem
818 590 974 666 dixissent
989 609 1051 652 me-

80 671 207 730 moriam
223 672 486 746 deponerentnou
500 682 674 734 contraeas
690 690 774 733 arma
788 675 915 750 ferrent,
932 677 983 751 qui
998 693 1048 737 ea-

80 756 150 815 dem
166 763 271 815 essent
290 756 339 815 usi
358 756 480 816 fortuna
494 759 663 833 eademque
677 759 706 817 in
724 759 884 819 obsidione
899 763 1049 836 perpessi,

80 856 141 899 neu
155 856 213 914 pro
229 841 277 900 his
292 848 477 916 pugnarent,
504 858 523 900 a
543 843 653 916 quibus
669 859 737 904 cum
753 846 933 904 contumelia
947 848 1017 920 perf
1037 879 1049 887 -

79 940 138 1000 gae
159 927 396 1000 appellarentur.
430 927 497 985 Huc
512 943 611 1000 pauca
625 930 665 987 ad
680 944 767 1003 spem
781 929 949 1002 largitionis
964 931 1049 990 addi-

79 1011 136 1083 dit,
165 1025 245 1084 quae
261 1010 298 1069 ab
315 1026 371 1069 sua
384 1011 578 1086 liberalitate,
604 1013 630 1071 si
652 1029 686 1072 se
708 1021 799 1087 atque
819 1015 934 1074 Attium
954 1016 1050 1076 secuti

78 1101 199 1168 essent,
227 1101 392 1168 expectare
407 1096 560 1154 deberent.
588 1096 654 1156 Hac
669 1096 772 1156 habita
786 1099 922 1158 oratione
937 1102 1049 1160 nullam

78 1179 109 1236 in
125 1186 243 1253 partem
258 1178 295 1237 ab
312 1181 447 1239 exercitu
463 1180 600 1240 Curionis
615 1182 650 1240 fit
669 1182 866 1257 significatio,
893 1191 985 1259 atque
1009 1186 1050 1245 ita

79 1280 153 1323 suas
169 1270 297 1339 uterque
313 1265 417 1339 copias
431 1265 557 1323 reducit.

160 1390 265 1451 XXIX.
280 1391 383 1464 Atque
397 1391 426 1449 in
444 1392 551 1450 castris
560 1391 697 1451 Curionis
713 1408 841 1467 magnus
857 1395 989 1454 omnium
1003 1396 1044 1454 in-

77 1475 173 1535 cessit
192 1475 289 1534 timor.
318 1475 394 1533 Nam
415 1477 441 1535 is
455 1476 548 1535 variis
563 1475 719 1535 hominum
734 1478 926 1537 sermonibus
943 1480 1047 1539 eeleri-

77 1569 121 1620 ter
136 1567 274 1633 augetur.
304 1559 525 1634 Unusquisque
546 1561 626 1619 enim
642 1561 802 1635 opiniones
816 1562 951 1635 fingebat
965 1571 994 1622 et
1008 1564 1047 1622 ad

75 1645 115 1719 id,
132 1644 219 1720 quod
231 1644 268 1703 ab
280 1644 339 1703 alio
351 1645 496 1718 audierat,
512 1645 560 1704 sui
572 1645 687 1720 aliquid
699 1646 814 1705 timoris
826 1646 966 1706 addebat.
981 1648 1047 1707 Hoc

76 1729 127 1788 ubi
149 1745 212 1788 uno
235 1736 359 1788 auctore
380 1730 418 1788 ad
433 1730 537 1803 plures
554 1737 785 1804 permanaverat
800 1737 890 1805 atque
905 1731 982 1790 alius
998 1729 1045 1795 alii

76 1814 257 1886 tradiderat,
282 1816 385 1888 plures
410 1822 551 1874 auctores
574 1815 640 1873 eius
662 1815 706 1873 rei
726 1815 916 1873 videbantur.
954 1814 1046 1874 Civile

75 1898 207 1966 bellum3
222 1912 319 1971 genus
335 1898 497 1973 bominum,
515 1900 562 1958 cui
577 1899 682 1958 liceret
696 1900 790 1957 libere
801 1900 902 1957 iacere
914 1906 944 1957 et
959 1899 1046 1976 sequi

75 1983 161 2058 quod
174 1983 282 2051 vellet;
311 1983 446 2057 legiones
463 2000 533 2056 eae,
556 2000 635 2058 <quae
649 1986 741 2057 paulo
757 1992 826 2043 ante
841 1983 924 2059 apud
938 1985 1044 2044 adver-

75 2068 175 2127 sarios
192 2068 311 2127 fuerant
324 2076 407 2141 (nam
423 2068 511 2128 etiam
527 2068 665 2127 Caesaris
681 2068 862 2128 beneficium
876 2076 1045 2130 mutaverat

76 2151 282 2225 consuetudo,
309 2168 370 2226 qua
391 2152 571 2212 offerrentur
592 2158 748 2224 munera);
778 2153 941 2229 municipia
955 2155 1045 2214 ctiam

76 2237 207 2297 diversis
227 2236 364 2310 partibus
388 2237 547 2296 coniuncta
567 2245 679 2312 (aeque
695 2239 772 2296 enim
789 2255 827 2297 ex
840 2238 950 2298 Marsis
968 2239 1044 2299 Peli-

74 2322 205 2397 gnisque
219 2321 396 2394 veniebant,
423 2328 453 2380 ut
474 2322 525 2396 qui
546 2323 706 2397 superiore
729 2330 816 2382 nocte
837 2323 867 2381 in
883 2325 1043 2383 contuber-

75 2408 144 2475 niis;
160 2405 404 2480 commilitcsque
416 2407 552 2465 nonnulli
563 2412 726 2481 graviora).
743 2405 906 2467 Sermones
920 2408 1045 2467 militum

74 2492 155 2551 dubii
172 2491 280 2550 durius
296 2491 530 2565 accipiebantur,
546 2493 682 2550 nonnulli
697 2491 785 2550 etiam
801 2493 901 2565 ebria,
917 2493 968 2567 qui
978 2491 1043 2550 dili-

74 2576 229 2650 gentiores
244 2576 341 2634 videri
354 2575 506 2649 volebant,
522 2576 721 2650 fingebantur.

155 2702 248 2761 XXX.
272 2701 386 2774 Quibus
408 2702 563 2761 decausis
580 2702 707 2762 consilio
724 2708 892 2761 convocato
908 2702 947 2760 de
962 2718 1042 2761 sum-

73 2804 121 2846 ma
134 2803 239 2845 rermn
253 2786 422 2846 deliberare
438 2787 549 2861 incipit.
578 2786 672 2845 Erant
687 2786 868 2860 sententiae,
892 2801 970 2861 quae
992 2802 1042 2846 co-

73 2873 206 2931 nandum
223 2871 363 2929 omnibus
379 2872 478 2930 modis
494 2871 736 2945 castraqueVari
752 2872 959 2945 oppugnanda
973 2887 1042 2930 cen·

72 2964 190 3029 serent,
218 2957 299 3030 quod
322 2955 493 3015 huiusmodi
514 2956 640 3014 militum
655 2955 789 3014 consiliis
805 2955 897 3015 otium
912 2957 1043 3014 maxime

72 3041 259 3102 contrarium
273 3056 344 3099 esse
359 3041 589 3099 arbitrarentur:
616 3046 770 3115 postremo
787 3047 944 3114 praestare
959 3040 1041 3099 dice-

71 3127 151 3200 bant,
169 3142 226 3200 per
240 3126 380 3184 virtutem
392 3126 421 3183 in
435 3141 538 3198 pugna
549 3125 619 3183 belli
632 3126 782 3183 fortunam
794 3123 934 3197 experiri,
952 3140 1042 3197 quam
1085 3187 1088 3195 ,

70 3212 213 3270 desertos
230 3218 259 3269 et
274 3210 494 3269 circumventos
508 3210 545 3268 ab
558 3209 623 3267 suis
634 3208 847 3282 gravissimum
859 3207 1041 3281 supplicium

69 3295 199 3371 perpeti.
228 3294 322 3354 Erant
346 3295 395 3369 qui
422 3300 582 3354 censerent
606 3294 645 3351 de
665 3291 754 3351 tertia
773 3290 876 3364 vigilia
896 3291 926 3349 in
942 3302 1043 3353 castra

69 3380 212 3441 Cornelia
235 3379 455 3453 recedendum,
480 3385 514 3438 ut
533 3378 648 3438 maiore
669 3376 769 3453 spatio
790 3375 944 3453 temporis
951 3377 1049 3438 inter-

66 3466 145 3522 teoto
160 3464 282 3520 auritum
296 3471 415 3522 mentes
429 3476 634 3547 sanarentur,
661 3465 774 3546 simul,
799 3464 832 3528 si
843 3463 925 3546 quid
936 3463 1072 3542 grauia-x
