2272 4176
392 162 550 230 BELLUM
571 164 747 233 Arutela.
993 162 1052 232 att

84 320 300 385 vim'hostium
320 321 447 382 artificio
469 323 565 396 magis
587 339 678 399 quam
698 325 814 384 viribus
830 321 1056 384 decernendum

85 407 218 483 uideret,
245 405 348 468 subito
370 406 616 468 adversariormn
637 408 789 483 equitatus
805 424 876 468 sese
891 406 1056 467 extendere

86 493 162 553 et'in
184 490 372 559 latitudinem
392 505 576 566 promovere
591 494 748 568 collesque
764 491 923 568 complecti
938 499 968 551 et
982 491 1054 550 Cae-

85 577 163 639 saris
191 576 358 652 equitatum
383 582 548 636 extenuare
574 576 727 652 simulque
746 578 786 637 ad
808 576 1054 637 circumeundum

85 676 265 736 comparare
279 675 314 719 se
329 669 503 734 coeperunt.
534 661 707 721 Caesariani
727 662 844 737 equites
861 677 965 721 eorum
979 661 1054 720 mul·

85 746 243 807 titudinem
258 760 349 819 aegre
370 745 568 805 sustinebant.
603 746 695 806 Acies
717 748 834 807 interim
855 746 973 805 mediae
988 761 1056 804 cum

86 845 270 891 concurrere
286 837 482 904 conarentur,
499 830 599 890 subito
616 847 654 890 ex
670 832 833 892 condensis
850 830 954 891 turmis
969 829 1054 905 pedi-

86 923 129 978 tes
140 914 292 974 Numidae
303 914 378 972 levis
394 922 563 974 armaturae
579 931 646 974 cum
661 917 813 991 equitibus
829 921 1013 990 procurrunt
1027 921 1057 973 et

84 1001 160 1061 inter
173 999 361 1072 legionarios
376 998 476 1058 iacula
491 1000 651 1059 coniciunt.
680 1002 736 1061 Hic
752 1017 820 1060 cum
836 1000 1009 1060 Caesariani
1024 999 1055 1059 in

86 1101 138 1146 eos
153 1085 302 1158 impetum
316 1082 476 1157 iecissent,
500 1085 621 1143 illorum
636 1087 754 1161 equites
769 1085 975 1160 refugiebant3
1001 1099 1046 1158 pe-

85 1170 160 1229 dites
176 1168 296 1227 interim
311 1168 503 1240 resistebant,
521 1169 592 1228 dum
607 1171 725 1245 equites
739 1187 846 1230 rursus
860 1186 952 1229 cursu
965 1184 1040 1228 reno

84 1261 152 1314 rato
169 1252 325 1327 peditibus
342 1253 406 1312 suis
423 1260 644 1314 succurrerent.

164 1338 233 1397 XV.
267 1336 379 1396 Caesar
403 1354 483 1398 novo
508 1353 621 1412 genere
647 1355 767 1413 pugnae
789 1341 890 1400 oblato
907 1354 975 1398 cum
992 1339 1054 1397 ani-

85 1439 164 1482 mum
186 1421 360 1481 adverteret
382 1422 504 1481 ordines
527 1439 651 1483 suorum
671 1425 701 1482 in
716 1424 925 1499 procurrendo
941 1423 1053 1482 turbari

87 1541 122 1552 -
137 1506 260 1583 pedites
282 1505 376 1577 enim,
404 1506 474 1565 dum
495 1508 614 1582 equites
636 1509 756 1582 longius
780 1511 817 1569 ab
839 1508 934 1581 signis
949 1523 1052 1581 perse·

85 1597 228 1668 quuntur,
245 1592 338 1649 latere
352 1591 467 1651 nudato
483 1607 502 1650 a
515 1593 663 1666 proximis
677 1593 814 1653 Numidis
829 1593 934 1652 iaculis
950 1593 1054 1652 vulne·

85 1677 246 1743 rebantur3
270 1675 387 1750 equites
412 1683 509 1735 autem
532 1676 664 1736 hostium
680 1678 773 1751 pilum
788 1677 888 1737 militis
904 1677 1024 1736 cursui
1042 1707 1054 1716 -

85 1762 139 1821 cile
153 1759 294 1820 vitabant
309 1760 449 1820 -edieit
463 1776 519 1836 per
534 1761 666 1833 ordines,
683 1777 722 1820 ne
735 1762 802 1837 quis
814 1762 901 1821 miles
913 1761 951 1820 ab
959 1760 1054 1835 signis

86 1853 229 1922 quattuor
244 1844 341 1918 pedes
355 1845 476 1919 longius
491 1846 682 1921 procederet.
697 1845 856 1922 Equitatus
872 1846 988 1905 interim
998 1844 1054 1906 La-

85 1930 163 1991 bieni
186 1945 314 1989 suorum
334 1929 523 1990 multitudine
549 1931 684 1991 confisus
708 1931 846 1991 Caesaris
872 1931 1055 2006 paucitatem

86 2015 212 2075 circuire
228 2029 290 2073 non
307 2020 456 2074 moratur:
484 2015 602 2090 equites
617 2016 723 2075 loliani
738 2016 829 2091 pauci
866 2015 1055 2075 multitudine

84 2098 218 2160 hostium
234 2098 349 2158 defessi
365 2099 452 2174 equis
465 2101 689 2160 convulneratis
702 2102 847 2175 paulatim
859 2101 984 2169 cedere;
1000 2098 1054 2160 ho·

86 2185 137 2244 stis
152 2183 254 2257 magis
269 2184 430 2258 magisque
444 2185 567 2244 instare.
596 2184 642 2244 Ita
662 2193 775 2260 puncto
798 2185 944 2261 temporis
960 2186 1054 2244 omni·

84 2268 139 2329 bus
156 2268 334 2342 legionariis
356 2267 393 2326 ab
414 2268 545 2329 hostium
567 2270 702 2344 equitatu
718 2271 930 2330 circumventis
946 2271 1054 2329 Caesa-

84 2353 188 2429 risque
210 2352 309 2426 copiis
331 2352 361 2410 in
383 2353 487 2412 orbem
504 2356 670 2429 compulsis
686 2355 764 2415 intra
778 2357 932 2415 cancellos
949 2369 1055 2416 omnes

86 2438 215 2499 coniecti
232 2451 370 2511 pugnare
386 2438 581 2511 cogebantur.

165 2522 247 2582 XVI.
269 2521 421 2581 Labienus
437 2523 466 2581 in
482 2537 561 2598 equo
578 2524 677 2598 capite
691 2524 773 2588 nudo
787 2524 903 2583 versari
915 2524 944 2582 in
960 2524 1055 2598 prima

85 2608 165 2676 acie;
182 2606 274 2666 simul
289 2622 362 2666 suos
375 2607 534 2681 cohortari,
550 2624 778 2683 nonnumquam
788 2608 972 2682 legionarios
982 2607 1054 2666 Cae-

85 2692 161 2751 saris
177 2691 220 2750 ita
235 2692 404 2764 appellare:
428 2692 507 2762 Quid
516 2700 560 2765 to,
577 2692 682 2768 inquit,
698 2697 779 2754 mites
794 2689 872 2754 tiro?
886 2692 958 2752 Tam
966 2692 1055 2765 fero-

83 2781 167 2837 eulas
189 2771 244 2836 es?
278 2777 333 2836 Vos
349 2793 461 2851 qaoque
477 2780 530 2837 r'ste
544 2779 638 2838 verbis
654 2773 835 2851 infatuavit?
863 2777 902 2836 In
917 2793 1056 2850 mappam

82 2863 250 2921 mehercule
260 2864 482 2934 oosperrcotom
496 2865 618 2937 impetit.
640 2863 784 2922 Misereor
794 2865 892 2923 vestri.
913 2863 985 2921 Tum
1001 2861 1054 2919 mi-

83 2946 137 3019 les,
153 2947 222 3005 Noc
232 2961 304 3017 suro,
319 2946 426 3020 inquit,
442 2949 506 3019 tiro,
517 2947 654 3020 Labiene,
670 2948 771 3008 sedete
782 2951 926 3022 repronex
937 2956 1055 3006 vetera-

82 3046 146 3090 nus.
174 3031 249 3089 Tum
265 3029 426 3104 Labienus,
442 3031 507 3090 Non
525 3047 665 3106 agnosco,
682 3032 793 3106 inquit,
808 3036 895 3106 signo
912 3031 1055 3091 decerna-

81 3131 196 3175 norum.
218 3115 293 3172 Tum
306 3114 408 3174 miles:
422 3116 490 3174 Iam
501 3132 554 3189 me,
567 3119 618 3190 qor'
626 3119 689 3188 sim,
701 3119 849 3190 intelleges
855 3138 867 3186 ,·
884 3114 971 3174 simul
988 3130 1052 3174 cas·

82 3199 182 3259 sidem
197 3198 237 3257 de
253 3198 352 3272 capite
367 3200 491 3273 deiecit,
506 3206 540 3259 ut
555 3201 701 3274 cognosci
717 3201 755 3260 ab
771 3216 807 3260 eo
823 3206 946 3275 posset,
964 3207 1055 3275 atque

82 3282 123 3344 ita
143 3283 240 3359 pilum
260 3283 374 3343 viribus
397 3291 581 3360 contortum,
611 3285 682 3343 dum
702 3284 732 3342 in
752 3285 918 3344 Labienum
938 3284 1055 3344 mittere

81 3367 247 3442 contendit,
264 3367 334 3443 equi
349 3369 480 3442 graviter
492 3370 622 3430 adverso
635 3369 751 3443 pectori
762 3369 868 3431 adfixit
882 3376 912 3429 et
925 3370 980 3429 ait:
995 3371 1054 3429 Lu·

80 3453 173 3530 lene,
185 3452 380 3515 decumanum
391 3457 518 3530 militem,
536 3459 588 3532 que·
607 3461 636 3517 te
642 3457 724 3534 petit,
739 3458 810 3519 scito
820 3473 893 3519 esse.
916 3453 1064 3515 (tmuium
