2272 4176
474 164 589 227 LIBER
609 167 688 228 VIII.
1005 167 1064 232 183

38 458 40 464 ,
91 413 182 481 ponat
196 405 368 481 praesidia.

167 490 294 550 XXXV.
316 490 429 565 Magna
443 491 534 566 copia
549 491 690 551 frumenti
707 499 883 567 comparata
898 494 1063 554 considunt

90 575 231 651 Drappes
254 583 285 635 et
302 574 461 635 Lucterius
482 592 543 635 non
566 576 686 649 longius
709 576 747 635 ab
764 577 879 652 oppido
893 594 915 635 x
929 579 1061 652 milibus

38 662 42 717 ἑ
89 660 168 719 unde
181 658 332 735 paulatim
348 661 529 719 trumentum
542 660 573 719 in
589 660 736 734 oppidum
752 669 976 735 supportarent.
998 664 1061 738 Ipsi

89 744 165 805 inter
178 760 216 803 sc
231 742 407 818 provincias
422 745 606 818 partiuntur=
621 745 763 819 Drappes
778 745 886 805 castris
902 748 1059 821 praesidio

38 838 41 883 ;
89 844 155 888 cum
174 835 264 903 parte
280 829 435 901 copiarum
455 829 577 903 restitit,
604 829 771 888 Lucterius·
784 846 892 905 agmen
913 832 1057 892 iumento-

38 920 41 991 ξ
88 930 153 972 rum
174 913 217 972 ad
238 912 385 988 oppidum
407 913 498 972 ducit.
541 913 705 988 DispositiS
730 914 773 974 ibi
796 915 959 989 praesidiis
984 915 1060 976 hora

38 1006 42 1045 ἱ
90 997 186 1058 noctis
209 997 330 1057 circiter
351 997 468 1056 decima
482 998 672 1058 silvestribus
687 1000 886 1074 angustisque
900 999 1058 1061 itineribus

38 1090 41 1137 t
90 1084 272 1142 trumentum
285 1081 463 1156 inportare'
455 1100 485 1140 m
508 1082 678 1157 oppidum¹
670 1100 717 1142 ms
719 1085 804 1143 tituit.
836 1084 967 1156 Quorum
982 1092 1057 1145 stre·

38 1188 43 1237 t
89 1168 183 1243 pitum
196 1166 306 1241 vIgiles
322 1173 490 1227 castrorum
506 1183 573 1226 cum
588 1168 768 1243 sensissent,
784 1170 1058 1246 exploratoresque

88 1251 172 1312 missi
189 1268 270 1327 quae
291 1258 468 1324 gererentur
491 1253 730 1327 renuntiassent,
756 1253 898 1312 Caninius
921 1256 1058 1315 celeriter

38 1362 42 1437 ᾖ
90 1352 155 1395 cum
172 1335 351 1396 cohortibus
368 1336 490 1396 armatis
512 1352 551 1394 ex
571 1338 719 1410 proximis
735 1338 888 1396 castellis
881 1355 910 1396 m
925 1339 1055 1398 trumen-

38 1451 40 1459 ·
88 1420 179 1480 [arios
196 1420 256 1479 sub
271 1420 370 1493 ipsam
384 1421 482 1483 lucem
498 1421 641 1494 impetum
657 1421 735 1480 tecit.
765 1422 788 1480 li
801 1423 961 1495 repentIno
975 1425 1055 1485 malo

38 1502 40 1527 ¹
88 1506 237 1580 perterriti
253 1503 414 1578 diffugiunt
429 1506 467 1564 ad
483 1522 539 1564 sua
553 1506 723 1579 praesidia3
749 1522 828 1580 quae
848 1507 943 1566 nostri
964 1514 998 1567 ut
1010 1509 1055 1567 vi-

38 1624 40 1635 ·
89 1590 203 1663 derunt,
219 1589 320 1648 acrius
337 1596 443 1648 contra
456 1597 589 1649 armatos
605 1589 715 1649 incitati
731 1590 882 1649 neminem
897 1606 936 1649 ex
951 1607 988 1651 eo
1000 1609 1053 1651 nu-

38 1677 40 1731 ἶ
87 1689 168 1734 mero
190 1674 296 1732 vivum
317 1673 384 1747 capi
406 1673 569 1747 patiuntur.
610 1673 746 1749 Profugit
766 1675 837 1733 inde
859 1691 926 1733 cum
945 1677 1052 1750 paucis

87 1757 243 1817 Lucterius
259 1773 316 1816 nec
331 1773 366 1816 se
379 1757 488 1831 recipit
503 1758 532 1816 in
549 1765 658 1818 castra.

163 1841 300 1901 XXXVI.
321 1841 367 1901 Re
381 1841 459 1899 bene
474 1849 561 1916 gesta
577 1842 717 1902 Caninius
733 1857 771 1901 ex
787 1843 914 1918 captivis
930 1859 1052 1919 compe-

87 1927 121 1986 tit
140 1932 261 2001 partem
284 1924 439 1999 copiarum
462 1941 528 1984 cum
543 1927 698 2001 Drappete
712 1942 783 1986 esse
797 1928 827 1986 in
844 1927 951 1987 castris
967 1930 1051 1989 ami-

85 2011 161 2070 libus
177 2011 270 2084 longe
286 2026 347 2068 non
362 2010 492 2084 amplius
507 2027 562 2068 x11.
599 2012 709 2085 Quare
724 2027 763 2070 ex
779 2012 985 2086 compluribus
1001 2029 1051 2073 co-

85 2096 164 2169 gnita
180 2110 251 2152 cum
265 2095 454 2168 intellegeret
469 2096 570 2168 fugato
587 2097 665 2154 duce
680 2097 774 2157 altero
790 2097 967 2171 perterritos
982 2100 1051 2158 reli-

85 2197 160 2254 quos
184 2179 276 2237 lacile
298 2179 426 2253 opprimi
448 2195 556 2252 posse,
582 2196 709 2253 magnae
724 2182 872 2240 felicitatis
889 2197 959 2241 esse
973 2182 1050 2242 arbi·
1104 2232 1107 2237 ,

84 2265 219 2323 trabatur
240 2264 390 2322 neminem
412 2279 450 2321 ex
473 2264 567 2321 caede
586 2266 737 2337 refugisse
759 2266 788 2324 in
806 2274 919 2341 castra,
946 2268 997 2341 qui
1012 2268 1051 2326 de

85 2355 209 2423 accepta
232 2348 402 2406 calamitate
422 2350 559 2407 nuntium
577 2349 721 2422 Drappeti
743 2351 900 2423 perterret.
937 2350 998 2410 Sed
1019 2354 1049 2410 in

84 2432 275 2506 experiundo
302 2447 368 2490 cnm
394 2432 562 2505 periculum
588 2435 702 2491 nullum
727 2434 859 2508 videret,
885 2435 1051 2510 equitatum

83 2532 202 2576 omnem
221 2516 452 2590 Germanosque
468 2517 603 2590 pediteS,
620 2533 757 2576 summae
771 2519 939 2578 velocitatis
954 2519 1050 2579 homi-

82 2617 143 2673 nes,
159 2601 200 2660 ad
219 2607 321 2659 castra
334 2600 464 2660 hostium
478 2601 655 2674 praemittit3
670 2601 739 2676 ipse
751 2604 900 2676 legionem
914 2619 1005 2661 unam
1019 2604 1047 2662 in
1072 2651 1075 2656 .

81 2685 156 2746 trina
178 2692 283 2744 castra
304 2685 470 2759 distribuit,
499 2686 622 2743 alteram
644 2701 748 2745 secum
769 2687 943 2760 expeditam
959 2688 1048 2747 ducit

83 2770 152 2830 Cum
168 2769 301 2844 propius
316 2769 413 2829 hostis
434 2769 633 2842 accessisset,
648 2770 686 2830 ab
702 2771 955 2845 exploratoribus,
971 2788 1049 2846 quos

82 2854 292 2929 praemiserat,
308 2855 466 2927 cognoscit
481 2860 582 2912 castra
597 2870 711 2927 eorum,
727 2862 759 2914 ut
772 2856 970 2915 barbarorum
987 2857 1050 2915 tere

82 2939 276 2999 consuetudo
297 2945 358 3011 est,
383 2937 495 2997 relictIs
518 2938 593 2996 locis
616 2939 824 3013 superioribus
841 2940 879 2999 ad
893 2940 977 3015 ripas
993 2939 1049 2999 ilu-

81 3023 168 3083 minis
184 3038 259 3081 esse
275 3022 424 3090 demissa3
451 3029 480 3081 at
502 3022 668 3083 Germanos
690 3024 871 3098 equitesque
886 3024 1049 3099 inpruden-

80 3108 159 3168 tibus
175 3107 319 3167 omnibus
336 3107 374 3166 de
388 3107 546 3181 inprouiso
562 3107 725 3167 advolasse
740 3109 952 3182 proeliumque
968 3125 1048 3169 com-

80 3192 212 3252 misisse.
230 3191 343 3265 Quare
358 3191 479 3265 cognita
494 3191 645 3264 legionem
655 3200 800 3251 armatam
812 3192 1049 3269 instructamque

81 3276 213 3337 adducit.
229 3276 275 3334 lta
289 3283 415 3350 repente
429 3274 568 3336 omnibus
585 3291 623 3334 ex
638 3277 775 3350 partibus
791 3276 879 3350 signo
895 3277 965 3339 dato
981 3279 1048 3339 loca

80 3361 243 3437 superiora
258 3361 426 3435 capiuntur.
458 3359 543 3432 Quod
559 3360 611 3419 ubi
626 3361 744 3427 accidit,
760 3361 899 3420 Germani
914 3363 1048 3440 equites-

81 3460 139 3524 que
167 3444 267 3520 signis
295 3445 424 3519 legionis
452 3443 528 3505 visis
556 3444 821 3507 vehementissime
849 3449 1038 3522 proeliantur
