2272 4176
51 39 119 65 29„
195 42 211 59 .,

285 150 444 216 BELLUM
463 152 782 217 ALEXANDRINUM.
958 151 1019 219 317

50 308 144 383 Quem
162 308 190 369 si
207 326 270 370 non
286 309 492 385 expulissent,
516 309 646 369 futuram
657 324 802 384 exregno
816 309 1020 384 provinciam
1045 364 1048 371 .

55 395 142 468 dque
154 394 309 468 agendum
319 402 451 454 mature=
474 409 606 468 namque
617 408 688 453 eum
700 393 896 454 interclusum
906 400 1020 470 tempe

50 478 179 539 statibus
193 486 321 554 propter
332 479 403 538 anni
413 485 535 554 tempus
547 477 687 552 recipere
696 478 899 537 transmarina
910 478 1021 538 auxilia

50 579 108 622 ron
126 579 236 637 posse.

130 647 184 705 IV.
229 647 349 707 Interim
379 645 575 707 dissensione
601 655 667 706 orta
687 645 765 706 inter
785 646 941 716 Achillan,
971 646 1023 720 qui

50 739 194 791 ueterano
207 731 351 791 exercitui
364 739 513 807 praeerat
539 738 568 789 et
578 731 741 803 Arsinoen,
764 731 846 805 regis
858 731 1022 791 Ptolemaei

50 817 198 876 minorem
209 815 310 886 filiam,
334 824 367 875 ut
378 832 474 889 supra
485 815 724 875 demonstratum
735 822 790 888 est,
815 831 884 875 cum
894 822 1023 890 uterque

50 899 171 974 utrique
188 900 383 959 insidiaretur
401 907 430 959 et
442 915 590 959 summam
601 900 720 975 imperii
732 900 800 974 ipse
813 900 1021 960 obtinerevcl-
1071 896 1074 901 '

50 986 105 1055 let,
142 991 353 1059 praeoccupat
372 983 507 1043 Arsinoe
536 999 591 1058 per
613 985 812 1062 Ganymeden
841 983 1021 1057 eunuchum,

50 1070 208 1133 nutricium
216 1087 314 1142 suum,
322 1068 557 1141 atqueAchillan
574 1068 723 1129 interficit.
750 1069 817 1129 Hoc
835 1070 939 1129 occiso
956 1068 1023 1128 sinc

50 1154 109 1213 ullo
118 1153 208 1213 socio
217 1158 247 1213 et
259 1152 387 1212 custode
399 1153 469 1227 ipsa
480 1167 569 1213 omne
581 1153 740 1228 imperium
753 1154 923 1223 obtinebat;
935 1168 1021 1212 exer-

50 1237 125 1297 citus
147 1237 317 1315 Ganymedi
334 1236 470 1296 traditur.
497 1237 528 1296 ls
547 1244 693 1312 suscepto
713 1238 815 1298 officio
834 1238 1022 1313 largitionem

50 1322 76 1380 in
95 1320 207 1381 milites
221 1327 311 1395 auget
322 1322 481 1395 etreliqua
491 1322 558 1396 pari
571 1321 726 1396 diligentia
736 1322 932 1383 administrat.

131 1408 171 1463 V.
216 1404 404 1464 Alexandria
421 1413 469 1465 est
480 1406 544 1463 lere
554 1412 619 1465 tota
630 1406 769 1467 suffossa
780 1422 958 1483 specusque
970 1406 1021 1465 ha-

50 1490 99 1550 bet
110 1507 130 1550 a
140 1490 209 1550 Nilo
222 1489 423 1565 pertinentes,
448 1489 560 1564 quibus
574 1506 655 1564 aqua
666 1491 696 1548 in
708 1492 843 1566 privatas
856 1491 966 1551 domus
978 1491 1018 1549 in-

50 1575 185 1644 ducitur,
211 1588 291 1648 quae
307 1573 452 1648 paulatim
471 1574 571 1648 spatio
588 1575 736 1650 temporis
748 1576 891 1650 liquescit
902 1592 937 1635 ac
950 1576 1021 1636 sub-

50 1657 128 1717 sidit.
157 1658 224 1717 Hac
241 1658 284 1718 uti
302 1658 416 1716 domini
435 1657 646 1717 aedificiorum
664 1667 756 1733 atque
775 1674 880 1720 eorum
892 1660 1022 1719 familiae

50 1750 252 1803 consuerunt:
293 1759 363 1801 nam
392 1757 471 1816 quae
500 1741 624 1802 flumine
644 1743 711 1803 Nilo
734 1744 842 1815 lemur,
877 1744 954 1803 adeo
976 1752 1021 1804 cst

50 1827 159 1887 limosa
177 1842 213 1886 ac
230 1824 366 1897 turbida,
388 1833 422 1885 ut
438 1827 549 1886 multos
569 1827 736 1902 variosque
751 1827 877 1888 morbos
896 1828 1021 1888 efficiat:

50 1911 104 1970 sed
116 1926 157 1970 ca
169 1910 275 1983 plebes
289 1925 324 1969 ac
336 1911 495 1970 multitudo
508 1918 650 1971 contenta
661 1920 708 1972 est
718 1913 913 1984 necessario,
938 1913 1020 1987 quod

50 1996 118 2054 lons
137 1996 216 2054 urbe
234 2002 296 2054 tota
313 1995 414 2054 nullus
433 2002 488 2054 est.
518 1995 584 2055 Hoc
595 2002 695 2056 tamen
713 1994 825 2055 flumen
846 1997 876 2055 in
889 2012 925 2055 ea
937 2004 1022 2071 parto

50 2087 112 2138 crat
123 2079 221 2149 urbis,
247 2093 326 2153 quae
339 2078 376 2137 ab
387 2076 603 2139 Alexandrinis
615 2081 782 2140 tenebatur.
806 2081 870 2153 Quo
884 2082 963 2141 lacto
976 2088 1023 2155 est

50 2164 223 2223 admonitus
237 2162 430 2239 Ganymedes
443 2178 539 2237 posse
550 2170 674 2224 nostros
690 2181 772 2239 aqua
782 2165 956 2235 intercludi;
970 2166 1022 2240 qui

50 2246 201 2307 distributi
212 2247 412 2306 munitionum
422 2248 603 2308 tuendarum
615 2264 711 2308 causa
723 2249 842 2309 vicatim
850 2250 1021 2324 exprivatis

50 2331 199 2390 aediliciis
212 2330 370 2405 specubus
382 2346 417 2389 ae
430 2332 530 2405 puteis
544 2339 679 2392 extracta
691 2350 772 2408 aqua
783 2334 952 2394 utebantur.

132 2416 184 2472 VI.
228 2415 295 2473 Hoc
313 2415 442 2489 probato
463 2416 591 2477 consilio
604 2433 747 2492 magnum
759 2434 794 2477 ac
806 2418 929 2477 difficile
942 2434 1021 2493 opus

50 2499 235 2574 adgreditur.
261 2499 439 2574 lnterseptis
453 2501 532 2559 enim
546 2503 702 2577 specubus
716 2509 807 2577 atque
819 2503 959 2562 omnibus
972 2518 1021 2562 ur·

50 2584 94 2643 bis
107 2583 247 2658 partibus
260 2584 404 2656 exclusis,
425 2600 505 2658 quae
516 2585 554 2644 ab
565 2587 635 2660 ipso
647 2586 834 2657 tenebantur,
850 2602 948 2662 aquae
960 2603 1021 2645 ma-

50 2684 139 2744 gnam
160 2668 222 2726 vim
244 2683 283 2726 ex
306 2668 382 2726 mari
402 2668 478 2727 rotis
502 2686 537 2729 ac
558 2670 832 2731 machinationibus
852 2672 1023 2745 exprimere

50 2750 389 2813 contenditzhanclocis
399 2753 610 2827 superioribus
620 2755 747 2815 sundere
755 2756 784 2814 in
793 2755 1018 2830 partemCaesa·

50 2838 87 2897 ris
101 2853 163 2896 non
175 2836 396 2897 intermittebat.
420 2837 516 2910 Quam
529 2839 568 2898 ob
581 2839 924 2915 causamsalsiorpaulo
934 2855 1017 2913 prae*

50 2931 90 2981 ter
111 2921 366 2981 consuetudinem
384 2939 464 2996 aqua
474 2922 649 2983 trahebatur
661 2938 701 2981 ex
712 2924 861 2998 proximis
875 2923 1021 2985 aedificiis

50 3021 251 3081 magnamque
263 3005 436 3066 hominibus
449 3008 678 3068 admirationem
690 3007 865 3083 praebebat,
884 3008 1022 3083 quamob

50 3106 110 3149 rem
129 3090 162 3150 id
180 3089 361 3159 accidisset3
385 3107 442 3149 nec
462 3093 536 3152 satis
555 3092 613 3151 sibi
630 3092 689 3166 ipsi
703 3091 882 3164 credebant,
906 3107 974 3152 cum
987 3109 1022 3153 se

50 3175 210 3234 interiores
236 3173 374 3234 eiusdem
392 3176 514 3249 generis
535 3192 570 3235 ac
589 3177 711 3252 saporis
730 3193 812 3252 aqua
828 3175 964 3237 dicerent
980 3178 1022 3238 uti

50 3268 139 3335 atque
151 3267 223 3319 ante
235 3266 454 3332 consuessent,
477 3262 634 3335 vulgoque
646 3261 723 3321 inter
735 3277 770 3322 se
783 3261 980 3322 conserebant
994 3270 1024 3322 et

50 3342 253 3419 degustando,
269 3352 414 3417 quantum
425 3344 503 3403 inter
515 3360 549 3405 se
562 3345 719 3406 differrent
732 3360 840 3422 aquae,
853 3361 1021 3421 cognosce-

50 3426 126 3489 bant.
148 3428 251 3487 Parvo
264 3443 339 3488 vero
352 3429 499 3504 temporis
512 3430 612 3504 spatio
624 3429 702 3490 hacc
713 3431 841 3509 propior
851 3430 918 3493 bibi
927 3431 1022 3491 omni-
