2272 4176
433 148 547 209 LIBER
568 150 591 207 l.
982 153 1002 213 5

106 300 183 359 Vlll.
206 301 332 359 Interea
345 314 381 357 ea
396 297 523 373 legione,
541 315 633 373 quarn
648 314 752 359 sccmn
766 300 908 371 babebat.
924 306 984 365 rnili

54 381 173 460 busque,
190 385 244 459 qui
260 400 301 442 ex
314 382 472 458 provincia
486 390 702 457 convenerant,
717 400 736 442 a
750 386 819 445 lacu
832 386 998 463 Lemanno,

54 468 117 544 plin
133 468 251 528 ilumen
265 467 446 528 Rhodanum
462 468 575 539 iniluit,
605 468 643 526 ad
660 475 792 528 montem
807 470 922 545 Iuram,
945 474 997 549 qui

54 550 324 628 ireschuancrum
339 552 377 610 ab
392 552 537 611 Helvetiis
554 551 669 624 dividit,
685 552 767 610 milia
781 568 928 625 passuum
944 557 993 616 de·

54 650 92 695 tem
100 653 209 698 novem
220 652 341 696 murum
353 636 381 693 in
395 637 582 695 altitudinem
593 635 706 709 pedum
719 635 855 694 sedecim
867 638 981 699 fossam

54 734 89 795 pr
100 722 250 796 perducit.
278 720 324 780 Eo
341 735 436 793 opere
452 721 589 794 perlecto
606 719 763 793 praesidia
778 719 930 797 disponit,
946 738 993 783 ca-

54 806 109 863 tella
122 806 306 879 communit,
324 820 385 878 quo
402 804 537 877 lacilius,
554 802 580 861 si
596 819 631 861 se
645 803 739 863 invito
755 803 889 863 transire
904 820 992 866 cona-

54 896 132 962 batur,
147 889 315 964 prohibere
330 888 440 962 possit.
468 888 527 947 Ubi
542 902 580 945 ea
593 887 671 960 dies,
688 902 780 961 quam
796 889 994 949 constituerat

54 986 95 1030 um
107 974 221 1047 legatis
237 974 331 1045 venit,
347 979 377 1030 et
391 972 481 1045 legati
496 972 536 1030 ad
551 987 620 1029 eum
634 977 835 1043 reverterunt,
853 981 946 1047 negat
959 989 994 1033 se

54 1068 108 1114 tore
126 1065 155 1115 et
175 1059 321 1132 exemplo
337 1056 443 1130 populi
458 1055 586 1115 Romani
601 1070 697 1129 posse
713 1055 770 1114 iter
784 1055 835 1113 ulli
850 1071 908 1130 per
921 1074 993 1131 pro-

54 1138 147 1199 inciam
163 1142 239 1199 dare
254 1148 299 1213 et,
327 1141 353 1198 si
374 1140 434 1198 vim
456 1141 558 1198 lacere
580 1145 743 1211 conentur,
769 1138 991 1212 prohibiturum

54 1225 159 1283 stendit.
187 1225 320 1284 Helvetii
337 1239 374 1282 ea
389 1239 445 1297 spo
461 1222 569 1281 deiecti
584 1223 714 1281 navibus
737 1222 846 1282 iunctis
861 1224 989 1284 ratibus-

54 1322 87 1379 pc
96 1309 300 1383 compluribus
312 1309 409 1380 lactis,
422 1308 470 1365 alii
483 1308 572 1365 vadis
580 1306 729 1379 Rhodani,
744 1322 805 1381 qua
816 1307 937 1366 minima
949 1310 984 1368 al·

54 1388 113 1451 itudo
125 1391 258 1451 fluminis
273 1400 346 1465 erat,
359 1406 585 1465 nonnumquam
599 1391 738 1465 interdiu,
751 1392 876 1463 saepius
889 1398 990 1463 noctu,

54 1472 63 1531 l
73 1490 261 1550 perrumpere
277 1484 422 1550 possent,
449 1476 549 1534 conati
571 1474 674 1549 operis
690 1475 857 1535 munitione
872 1481 903 1534 et
916 1476 975 1535 mili

54 1572 87 1616 rm
100 1576 250 1619 concursu
266 1567 296 1618 et
311 1561 378 1619 telis
393 1559 509 1633 repulsi
524 1558 583 1618 hoc
599 1566 711 1619 conatu
726 1560 915 1619 destiterunt.

102 1644 147 1702 lX.
179 1644 423 1717 Relinquebatur
437 1656 499 1702 una
519 1659 575 1716 per
591 1642 753 1718 Sequanos
769 1644 833 1717 rna,
859 1659 921 1719 qua
936 1642 989 1703 Se-

54 1727 127 1799 quanis
147 1729 251 1787 invitis
275 1735 401 1801 propter
423 1728 580 1801 angustias
601 1727 647 1785 ire
668 1744 728 1787 non
751 1735 900 1801 poterant.
935 1727 989 1787 His

54 1825 92 1867 un
104 1828 157 1870 sua
171 1820 286 1886 sponte
302 1812 490 1885 persuadere
505 1828 565 1870 non
581 1820 726 1886 possent,
742 1813 859 1885 legatos
874 1812 914 1870 ad
929 1812 986 1872 Du·

54 1896 182 1969 morigem
198 1896 363 1955 Haeduum
378 1897 505 1969 mittunt,
521 1903 606 1955 uteo
623 1897 824 1969 deprecatore
839 1911 857 1954 a
873 1894 986 1970 Sequa-

54 1975 77 2034 is
88 1978 288 2053 impetrarent.
318 1980 484 2040 Dumnorix
500 1981 596 2054 gratia
612 1988 641 2039 et
663 1980 821 2054 largitione
836 1980 918 2054 apud
936 1979 986 2039 Se·

54 2075 136 2131 roaros
152 2064 318 2137 plurimum
335 2073 453 2138 poterat
467 2073 497 2123 et
510 2065 656 2124 Helvetiis
672 2071 738 2127 crat
751 2065 883 2139 amicuS,
906 2066 987 2139 quod

54 2160 110 2204 tea
123 2148 244 2207 civitate
254 2147 442 2222 Orgetorigis
458 2149 550 2207 liliam
565 2149 594 2205 in
610 2149 832 2207 matrimonium
849 2149 988 2223 duxerat,

54 2232 224 2304 teupiditate
237 2231 324 2305 regni
338 2233 488 2291 adductus
503 2233 591 2292 novis
599 2233 693 2292 rebus
703 2233 845 2292 studebat
857 2241 886 2292 et
898 2249 987 2308 quarn

55 2312 160 2374 lurimas
183 2317 323 2375 civitates
345 2333 402 2376 suo
424 2317 575 2376 beneficio
596 2316 710 2375 babere
725 2317 888 2377 obstrictas
903 2319 987 2377 volc-

54 2403 82 2455 at
106 2400 211 2473 ltaque
231 2416 297 2458 rem
313 2403 444 2475 suscipit
459 2410 488 2460 ct
503 2418 520 2459 a
536 2401 687 2475 Sequanis
703 2401 858 2475 impetrat,
886 2409 920 2462 ut
933 2417 989 2475 per

54 2495 94 2539 nes
114 2500 188 2542 suos
209 2484 367 2544 Helvetios
389 2485 433 2543 ire
455 2486 623 2559 patiantur,
651 2485 839 2560 obsidesque
854 2484 896 2544 uti
911 2486 988 2544 inter

54 2578 90 2623 sse
103 2568 173 2626 dent
189 2567 324 2641 perlicit:
351 2568 501 2645 Sequani,
524 2585 563 2628 ne
584 2570 690 2628 itincre
705 2569 861 2629 Helvetios
884 2569 986 2643 probi-

54 2658 121 2720 cant;
136 2651 278 2725 Helvetii,
293 2659 327 2711 ut
341 2653 408 2711 sine
423 2654 573 2713 maleficio
589 2661 619 2712 et
634 2653 742 2713 iniuria
756 2659 922 2714 transeant.

100 2735 134 2793 Χ.
158 2736 282 2795 Caesari
302 2739 491 2797 renuntiatur
511 2737 656 2796 Helvetiis
679 2752 750 2796 csse
771 2738 800 2796 in
816 2738 916 2797 animo
931 2754 986 2813 per

54 2829 120 2889 pum
128 2819 342 2893 Sequanorum
358 2829 388 2880 et
401 2823 597 2881 Haeduorum
613 2822 669 2879 iter
681 2821 710 2879 in
726 2820 893 2882 Santonum
908 2822 985 2881 lines

54 2914 130 2976 cere,
146 2904 199 2978 qui
215 2920 277 2964 non
293 2907 383 2978 longe
398 2922 416 2964 a
429 2905 615 2965 Tolosatium
630 2905 742 2965 linibus
758 2907 884 2979 absunt,
907 2921 986 2980 quae

55 2985 121 3045 vitas
137 2988 229 3047 estin
246 2990 414 3062 provincia.
444 2991 476 3047 ld
493 2989 636 3061 sitierat,
658 2991 854 3064 intellegebat
874 3005 985 3062 magno

54 3082 85 3127 un
98 3072 234 3145 periculo
251 3074 428 3145 provinciae
443 3075 591 3145 futurum,
607 3079 640 3131 ut
654 3074 793 3133 homines
809 3073 985 3148 bellicosos

54 3156 118 3227 apuli
133 3156 264 3215 Romani
280 3157 427 3230 inimicos,
443 3158 519 3217 locis
533 3159 706 3230 patentibus
718 3157 912 3230 maximeque
924 3158 983 3217 iru-

55 3240 165 3298 mtariis
182 3240 328 3299 finitimos
350 3240 486 3300 haberet.
517 3241 561 3300 Ob
577 3257 630 3301 eas
647 3257 759 3300 causas
775 3241 802 3298 ei
818 3241 985 3314 munitioni,

54 3333 105 3381 tam
119 3325 245 3398 lecerat,
259 3323 464 3384 T.Labienum
479 3327 611 3399 legatum
623 3324 785 3399 praefecit3
801 3323 869 3398 ipse
884 3327 913 3384 in
928 3327 985 3384 lta-

54 3407 374 3482 lmmagnisitineribus
384 3410 539 3469 contendit
552 3410 693 3485 duasque
707 3407 747 3467 ibi
761 3408 898 3485 legiones
914 3424 982 3469 con·
