2272 4176
265 176 426 240 BELLUM
445 174 764 242 dumdonnuill.
942 174 1004 238 333

27 332 220 395 Pharnacem
228 331 318 407 misit,
333 330 479 393 Armenia
487 331 743 410 Cappadociaque
755 336 916 397 decederet
926 347 1004 395 neve

28 419 237 496 occupatione
258 417 329 477 belli
350 416 446 476 civilis
469 419 576 491 populi
589 420 719 479 Romani
739 422 787 480 ius
802 421 1003 480 maiestatem-

30 520 91 581 que
112 508 285 579 temptaret.
313 501 400 561 Hanc
421 501 681 563 denuntiationem
703 521 771 564 cum
785 506 930 564 maiorem
944 505 1004 563 vim

28 588 201 649 babituram
217 586 412 660 existimaret,
430 586 455 645 si
470 589 599 662 propius
615 604 668 647 eas
682 590 826 664 regiones
839 606 906 649 cum
918 605 1003 647 exer·

30 675 90 734 citu
104 671 309 745 accessisset,
336 672 375 730 ad
396 671 533 744 legiones
554 674 711 747 proiectus
731 691 823 734 unam
838 690 877 734 ex
898 674 1004 747 tribus

28 758 215 819 tricesimam
231 763 363 828 sextam,
390 769 495 814 secum
511 756 608 831 ducit,
635 757 713 817 duas
729 760 758 817 in
774 761 951 837 Aegyptum
965 758 1005 817 ad

30 843 194 903 Caesarem
216 839 303 900 mittit
323 839 428 899 litteris
451 840 516 900 eius
533 849 694 911 evocatas;
722 859 851 918 quarum
866 846 960 903 altera
973 843 1005 901 in

29 928 110 988 bello
121 925 333 985 Alexandrino
349 940 410 984 non
426 925 566 998 occurrit,
582 927 667 1001 quod
681 928 787 987 itinere
802 928 937 987 terrestri
950 942 1006 1002 per

31 1011 152 1090 Syriam
168 1016 234 1070 erat
248 1009 351 1069 missa.
381 1009 528 1084 Adiungit
540 1010 688 1071 Domitius
705 1013 815 1086 legioni
834 1013 1005 1072 tricesimae

30 1104 139 1157 sextae
152 1095 231 1154 duas
246 1095 283 1153 ab
298 1094 451 1168 Deiotaro,
468 1110 544 1168 quas
560 1095 609 1154 ille
624 1096 784 1171 disciplina
799 1104 892 1173 atque
907 1113 1003 1157 arma·

32 1190 96 1243 tura
119 1185 226 1239 nostra
248 1180 422 1254 complures
439 1193 537 1237 annos
553 1182 732 1240 constitutas
747 1182 892 1255 habebat,
919 1182 1004 1257 equi·

30 1273 140 1340 tesqua
156 1270 277 1324 centum
292 1263 480 1337 totidemque
492 1261 529 1322 ab
537 1265 746 1324 Ariobarzane
758 1267 857 1325 sumit.
872 1266 960 1326 Mittit
970 1265 1002 1324 P.

32 1349 165 1410 Sestium
180 1349 220 1408 ad
236 1349 267 1408 C.
278 1346 461 1407 Plaetorium
478 1356 680 1423 quaestorem,
695 1358 729 1410 ut
743 1351 892 1424 legionem
907 1351 1003 1410 addu-

32 1440 128 1509 ceret,
157 1448 237 1508 quae
259 1447 297 1491 ex
320 1433 521 1492 tumultuariis
542 1433 686 1493 militibus
707 1436 737 1493 in
752 1434 848 1495 Ponto
864 1436 1005 1496 conlecta

31 1526 109 1593 erat,
136 1518 342 1593 Quintumque
356 1516 499 1576 Patisium
521 1517 551 1575 in
568 1517 700 1577 Ciliciam
715 1520 753 1577 ad
771 1520 881 1578 auxilia
902 1535 1004 1579 arces·

32 1604 137 1664 sanda.
155 1604 240 1676 Quae
255 1602 363 1677 copiae
378 1602 517 1661 celeriter
532 1617 638 1661 omnes
650 1602 863 1663 iussullomitii
872 1604 1002 1664 Comana

31 1695 248 1748 convenerunt.

112 1772 235 1832 XXXV.
248 1772 370 1831 Interim
386 1771 477 1845 legati
493 1770 672 1830 aPlr'arnace
686 1788 840 1846 responsa
853 1774 988 1833 referant

32 1856 229 1933 Cappadocia
243 1871 277 1916 se
293 1857 477 1928 decessisse,
493 1856 667 1914 Armeniam
679 1856 825 1916 minorem
836 1859 1000 1931 recepisse

32 1958 120 2017 quam
147 1949 276 2016 paterno
302 1942 424 2000 nentina
449 1940 514 1998 iure
541 1940 678 1999 obtinere
704 1941 837 2000 deberet.
866 1942 1002 2017 Denique

32 2026 94 2086 elus
119 2026 209 2100 regni
234 2040 328 2085 causa
352 2026 469 2099 integra
494 2025 617 2084 Caesari
645 2033 835 2085 servaretur:
864 2034 1000 2100 paratum

33 2112 110 2170 enim
126 2125 162 2170 se
178 2112 295 2185 lacere,
324 2110 448 2186 quadis
470 2108 637 2168 statuisset.
667 2110 830 2184 Domitius,
857 2127 923 2171 cum
940 2112 999 2170 ani-

32 2195 235 2255 madverteret
255 2211 322 2255 eum
347 2194 541 2269 Cappadocia
566 2194 741 2253 decessisse
763 2211 823 2254 non
849 2198 1002 2256 voluntate

33 2279 212 2351 adductum,
228 2280 284 2338 sed
299 2281 498 2351 necessitate,
525 2279 609 2352 quod
624 2278 744 2338 facilius
760 2281 934 2339 Armeniam
950 2281 1002 2340 de-

33 2364 158 2423 fendere
179 2370 288 2437 posset
303 2363 470 2422 subiectam
484 2378 579 2435 regno
596 2378 653 2422 suo
670 2379 760 2437 quam
776 2365 1002 2438 Cappadociam

32 2448 151 2523 longius
166 2455 322 2522 remotam,
339 2448 484 2523 quodque
499 2463 604 2506 omnes
619 2453 682 2506 tres
701 2449 837 2521 legiones
856 2448 1002 2507 adductu-

31 2548 93 2592 mm
108 2532 274 2593 Domitium
289 2537 442 2608 putasset;
469 2546 508 2589 ex
530 2532 640 2605 quibus
662 2548 731 2591 cum
746 2533 823 2591 duas
839 2532 876 2590 ad
893 2532 1002 2591 Caesa·

30 2632 91 2677 rem
110 2617 226 2676 missas
247 2618 400 2691 audisset,
428 2615 574 2675 audacius
597 2616 627 2674 in
648 2618 793 2675 Armenia
818 2616 1002 2691 substitisse,

28 2717 233 2776 perseverare
248 2702 364 2776 coepit,
388 2708 421 2761 ιιι
443 2716 479 2759 eo
496 2715 620 2775 quoque
633 2715 730 2774 regno
746 2701 924 2759 decederet:
950 2717 1003 2759 ne·

28 2803 86 2863 que
113 2786 197 2846 enim
218 2786 300 2845 aliud
320 2785 367 2846 ius
390 2800 461 2845 esse
483 2784 695 2859 Cappadociae
719 2792 811 2859 atque
831 2785 1002 2859 Armeniae,

26 2886 83 2932 rec
98 2872 183 2931 iuste
199 2885 266 2929 eum
283 2873 449 2945 postulare,
465 2875 499 2928 ut
513 2870 542 2927 in
558 2869 697 2928 Caesaris
713 2870 877 2928 adventum
893 2885 943 2928 res
958 2870 1002 2928 in·

24 2963 113 3032 tegra
130 2954 317 3013 differretur:
343 2956 373 3014 id
390 2954 467 3012 eninr
485 2969 556 3012 esse
571 2953 733 3028 integrum,
757 2954 840 3028 quod
855 2954 896 3012 ita
911 2962 1003 3028 essct,

22 3048 57 3102 ut
72 3039 196 3100 luisset.
213 3039 267 3098 His
282 3039 442 3115 responsis
459 3039 537 3097 datis
554 3053 621 3096 cum
636 3037 673 3096 iis
691 3039 797 3112 copiis,
815 3053 893 3111 quas
909 3053 1004 3112 supra

22 3124 151 3200 scripsi,
167 3124 324 3198 proiectus
340 3131 387 3183 est
402 3125 430 3182 in
446 3122 621 3181 Armeniam
636 3122 775 3198 locisque
790 3122 1002 3195 superioribus

21 3212 83 3272 iter
97 3211 204 3268 lacere
220 3208 360 3268 instituit:
380 3225 449 3267 nam
466 3221 505 3265 cx
519 3206 615 3266 Ponto
631 3223 650 3265 a
665 3206 806 3266 Comanis
821 3206 924 3280 iugum
940 3207 1003 3266 edr·

20 3302 89 3356 tum
105 3294 251 3353 silvestre
267 3300 328 3367 est,
355 3294 512 3367 pertinens
527 3290 557 3350 in
573 3291 748 3349 Armeniam
762 3291 923 3365 minorem,
941 3308 1001 3366 quo

24 3377 228 3455 Cappadocia
249 3376 350 3436 linitur
369 3378 408 3437 ab
427 3375 588 3444 Armenia;
616 3375 703 3435 cuius
724 3375 840 3435 itineris
861 3374 916 3435 has
931 3390 1002 3437 esse

24 3471 129 3527 certas
144 3461 406 3538 opportunitates,
432 3460 516 3539 quod
537 3459 566 3522 in
583 3459 658 3520 locis
674 3459 893 3543 superioribus
903 3462 1017 3521 nibus
