2272 4176
124 470 187 537 282
435 469 487 531 DE
507 466 631 532 BELLO
654 467 770 531 clvml

126 624 291 703 conspirati
310 625 373 703 pila
393 625 588 688 coniecemnt
608 628 691 683 etex
704 623 931 689 interioreloeo
944 626 1087 693 adversm
1117 648 1120 653 ·

125 713 235 775 olivum
255 711 368 771 incitati
389 727 481 773 cursu
502 708 685 786 praecipites
699 710 906 788 Pompeianos
926 720 1088 789 egeruntcl
1126 784 1128 789 ,

124 804 210 872 terga
229 804 348 855 vertere
371 799 551 871 coegerunt·
574 793 684 869 quibus
706 795 747 856 ad
766 796 979 875 recipiendum
998 804 1087 861 erata

125 883 258 943 directae
278 881 471 956 longuriique
493 879 603 940 obiecti
623 884 653 938 ct
676 878 831 941 institutae
855 882 962 944 fossae
985 900 1087 960 magno

124 966 339 1041 impedimento
352 966 482 1025 luerunt
499 962 686 1025 Nostrivero
688 965 1088 1040 ,quisatishabebantsino
1123 976 1128 1107 1

125 1050 304 1112 detrimento
332 1049 506 1121 discedere,
533 1048 740 1122 compluribus
766 1049 860 1111 interl
858 1051 936 1113 cetis
962 1052 1087 1130 quinquo

125 1136 247 1196 omnino
264 1150 389 1196 suorum
404 1133 525 1193 amissis
541 1131 730 1208 quietissime
743 1149 779 1194 sc
791 1144 978 1211 receperunt
992 1110 1128 1219 perdel

127 1235 186 1296 que
208 1220 283 1279 eitra
304 1234 372 1278 eum
393 1220 495 1278 locum
514 1216 622 1278 morati
636 1216 704 1277 aliis
719 1219 954 1294 comprehensis
970 1212 1128 1287 collibusl

126 1304 307 1365 munitiones
324 1303 526 1379 perfecerunt.

207 1388 324 1448 XLVII.
366 1387 439 1447 Erat
458 1401 539 1447 novo
560 1393 590 1446 et
609 1345 753 1447 inusitata¹
771 1386 843 1447 belli
863 1389 943 1451 ratio
966 1406 1032 1451 cum
1052 1399 1087 1454 tot

121 1473 317 1533 castellorum
339 1487 464 1532 numero
485 1477 631 1546 tantoque
652 1471 751 1546 spatio
773 1478 803 1531 et
817 1473 909 1534 tantis
924 1474 1085 1537 munitioni·

125 1557 183 1617 bus
202 1563 232 1616 et
252 1562 315 1616 toto
332 1556 501 1617 obsidionis
517 1571 646 1631 genere,
667 1560 731 1615 tum
745 1555 836 1616 ctiam
850 1559 980 1635 reliquis
994 1561 1086 1622 rebus.
1125 1572 1128 1631 l

123 1641 198 1700 Nam
214 1642 398 1716 quicumque
413 1642 539 1702 alterum
554 1639 698 1701 obsidere
713 1640 814 1700 conati
829 1648 911 1719 sunt,
935 1647 1128 1720 perculsos

125 1732 217 1800 atque
238 1726 374 1786 infirmos
395 1724 502 1785 hostes
523 1723 621 1784 adorti
640 1730 691 1784 aut
711 1725 828 1799 proelio
854 1736 1020 1803 superatos
1043 1739 1087 1793 aut

124 1810 227 1884 aliqua
249 1809 419 1870 offensione
441 1816 594 1884 permotos
617 1809 845 1886 continuerunt,
868 1826 939 1872 oum
960 1813 1020 1890 ipsi
1039 1832 1085 1878 nu-

124 1909 208 1954 mero
230 1895 364 1970 equitum
384 1894 572 1970 militumque
586 1901 792 1968 praestarent3
815 1911 911 1956 eausa
925 1906 1027 1960 autem
1040 1901 1084 1961 ob

126 1979 253 2038 aldionis
275 1979 351 2040 haee
372 1980 436 2038 lere
456 1994 527 2038 esse
549 1980 729 2053 consuevit,.
751 1984 785 2040 ut
809 1979 964 2043 frumento
989 1984 1085 2046 hostes

125 2063 330 2138 prohiberent.
370 2065 411 2123 At
436 2070 498 2122 tum
525 2062 659 2137 integras
681 2072 772 2139 atque
794 2064 968 2128 incolumes
989 2070 1084 2146 copias

124 2148 236 2208 Caeam
251 2149 393 2208 interiore
407 2148 530 2206 militum
546 2163 671 2209 numero
687 2148 868 2224 continebat,
890 2167 962 2212 cum
975 2154 1017 2214 illi
1031 2171 1082 2217 orn·

123 2235 205 2291 nium
225 2249 326 2291 rerum
341 2232 431 2306 eopia
444 2231 649 2302 abundarent3
672 2233 783 2294 cotidie
797 2235 878 2294 enim
892 2251 1024 2313 magnus
1038 2257 1085 2300 un-

124 2317 215 2392 dique
237 2317 358 2375 navium
379 2331 523 2375 numerus
545 2317 759 2392 conveniebat,
790 2334 870 2393 quae
892 2331 1085 2385 commeatum

124 2406 355 2475 supportarent,
378 2416 478 2475 neque
494 2400 571 2479 ullus
587 2399 663 2460 flare
676 2408 786 2462 ventus
802 2410 931 2481 poterat,
954 2409 1027 2482 quin
1041 2409 1085 2469 uli·

124 2501 185 2557 qua
206 2499 245 2542 cx
266 2491 352 2558 parte
373 2485 541 2544 secundum
563 2501 685 2545 cursum
706 2486 862 2547 haberent.
899 2490 974 2565 lpse
994 2502 1085 2554 aulem

123 2568 311 2642 consumptis
328 2569 467 2629 omnibus
483 2570 573 2641 longe
588 2571 708 2646 lateque
721 2571 877 2632 frumentis
890 2578 1019 2638 summis
1030 2584 1086 2639 erat

124 2670 151 2712 ιιι
173 2653 330 2727 angustiis.
362 2652 424 2713 Sed
444 2659 544 2712 tamen
566 2653 642 2714 haee
664 2655 809 2729 singulari
824 2657 971 2732 patientia
984 2664 1085 2723 milites

123 2739 268 2797 terebant.
297 2738 549 2798 Recordabontur
569 2739 649 2798 enim
664 2740 771 2798 eadem
784 2757 819 2800 se
835 2745 999 2819 superiore
1012 2763 1085 2807 anno

122 2823 151 2880 ln
167 2822 315 2896 Hispania
335 2838 506 2898 perpessos
527 2821 632 2883 labore
648 2831 677 2883 et
692 2824 835 2898 patientia
849 2829 1017 2891 maximum
1029 2833 1085 2892 bel·

122 2908 181 2966 lum
205 2908 392 2982 coniecisse,
413 2908 611 2967 meminerant
631 2909 671 2968 ad
688 2909 824 2969 Alesiam
840 2927 984 2987 magnam
999 2932 1034 2976 se
1047 2918 1085 2976 in·

121 2992 221 3066 opiam
243 3008 428 3067 perpessos,
457 2993 550 3051 multo
577 2990 667 3052 etiarn
690 2993 836 3053 mojorem
863 2997 904 3056 ad
925 2999 1086 3061 Avaricum

120 3076 317 3135 maximarum
339 3094 374 3138 sc
395 3077 527 3152 gentium
547 3075 680 3137 victores
702 3077 896 3139 discessisse.
926 3082 1011 3159 Non,
1031 3085 1085 3145 illis

120 3160 247 3220 ordeum
268 3176 336 3220 curn
358 3163 494 3235 daretur,
516 3174 577 3219 non
597 3162 751 3236 legumina
769 3165 972 3227 recusabant
944 3174 1085 3245 t3peeus

120 3260 208 3318 vero,
231 3245 318 3304 cuius
340 3247 384 3304 rei
405 3262 523 3305 summa
544 3252 608 3304 erat
628 3261 667 3304 cx
681 3246 774 3321 Epiro
797 3249 902 3324 eopia,
924 3255 1086 3329 magnoin

118 3327 234 3389 honore
249 3328 410 3389 habebant.

199 3413 329 3472 XLVlll.
372 3415 428 3474 Est
448 3412 536 3473 etiarn
557 3429 654 3488 genus
675 3416 788 3476 radicis
809 3417 966 3480 inventum
988 3422 1059 3482 ab“
1040 3439 1085 3498 us,

119 3496 172 3591 qui
185 3498 304 3556 lucrant
318 3502 333 3539 *
347 3498 510 3573 caloribus,
534 3500 618 3595 quod
632 3502 802 3576 appellatur
817 3502 918 3576 chara,
936 3507 1021 3580 quod
1035 3508 1084 3569 ad·

117 3579 242 3639 mixtum
263 3583 340 3642 lacte
360 3583 511 3643 multum
504 3583 637 3658 mopiam
658 3586 786 3645 letabat.
815 3587 848 3647 ld
864 3588 903 3648 ad
918 3589 1084 3652 similitudi·

117 3677 185 3721 nern
207 3665 294 3738 pnnis
317 3668 496 3728 alliciebant.
531 3669 605 3728 Eius
627 3677 692 3730 erat
712 3686 822 3745 magna
837 3673 936 3748 copia.
965 3673 1012 3734 Ex
1027 3675 1084 3737 boc

116 3745 243 3808 allectos
255 3765 363 3825 panes,
377 3768 445 3813 eum
456 3756 487 3814 in
499 3755 659 3828 colloquiis
666 3755 843 3831 Pompeiam
850 3758 963 3819 lumem
970 3760 1081 3824 nostris
