2272 4176
63 452 106 519 10
354 453 406 519 DE
425 454 550 520 ectio
574 456 737 520 emtlco

63 616 124 672 tem
138 607 250 686 gratia,
272 606 418 685 cupidum
431 600 706 673 rerum'novarum.
742 610 914 688 compluris
935 628 1037 677 annos

64 693 202 771 portoria
222 693 405 771 reliquaque
427 697 529 757 omnia
541 696 740 756 Haeduorum
760 697 922 771 vectigalia
937 714 1037 773 parvo

63 779 162 855 pretio
177 779 338 854 redempta
352 780 474 855 habere,
489 787 656 855 propterea
670 779 755 854 quod
769 780 821 842 illo
835 781 947 842 licente
961 798 1036 845 con-

63 871 110 924 tra
120 863 205 923 liceri
219 864 331 923 audeat
341 877 440 923 nemo.
462 863 517 923 His
528 864 622 923 rebus
638 871 668 924 et
678 879 767 923 suam
776 880 842 924 rem
856 866 1036 927 familiarem

63 947 190 1008 auxisse
205 953 235 1006 ct
249 949 409 1007 facultates
426 947 466 1005 ad
479 948 670 1021 largiendum
681 963 809 1021 magnas
825 964 1036 1024 conparasse:

63 1047 206 1106 magnum
221 1046 379 1090 numerum
394 1031 548 1104 equitatus
560 1046 617 1092 suo
633 1039 758 1106 sumptu
769 1047 894 1107 semper
908 1034 992 1093 alere
1006 1043 1038 1095 et

64 1117 178 1177 circum
200 1130 242 1174 se·
255 1114 385 1188 habere,
406 1129 508 1190 neque
522 1116 623 1176 solum
644 1115 743 1190 domi,
766 1115 823 1176 sed
844 1117 935 1176 etiam
950 1120 1036 1192 apud

63 1200 207 1261 finitimas
229 1197 367 1258 civitates
383 1198 506 1272 largiter
526 1215 641 1274 posse;
664 1206 758 1274 atque
771 1198 863 1259 huius
878 1202 1037 1274 potentiae

64 1300 159 1345 causa
178 1289 305 1342 matrem
324 1281 354 1340 in
368 1281 553 1357 Biturigibus
575 1283 689 1344 homini
710 1283 771 1342 illic
791 1283 983 1345 nobilissimo
998 1301 1037 1345 ac

63 1366 277 1443 potentissimo
295 1367 482 1441 collocasse,
504 1367 607 1442 ipsum
621 1383 660 1426 ex
673 1366 821 1427 Helvetiis
835 1383 967 1428 uxorem
982 1368 1034 1427 ha-

63 1452 156 1525 bere,
178 1464 317 1510 sororem
338 1465 378 1509 ex
392 1457 488 1510 matre
509 1459 539 1512 et
558 1453 750 1527 propinquas
766 1465 839 1509 suas
855 1459 984 1526 nuptum
1004 1452 1034 1510 in

63 1536 139 1595 alias
155 1534 292 1615 civitates
308 1534 490 1594 collocasse.
511 1535 629 1596 Favere
640 1542 670 1595 et
681 1549 795 1609 cupere
801 1534 948 1595 Helvetiis
963 1552 1032 1610 pro-

64 1626 131 1694 pter
145 1633 212 1677 eam
226 1617 423 1691 adfinitatem,
439 1617 545 1679 odisse
560 1618 651 1678 etiam
663 1635 720 1679 suo
736 1618 859 1678 nomine
871 1620 1034 1679 Gaesarem

63 1709 94 1762 et
100 1704 266 1776 Romanos,
283 1701 368 1775 quod
382 1716 488 1762 eorum
504 1702 638 1762 adventu
649 1701 787 1777 potentia
801 1701 867 1761 eius
879 1702 1035 1763 deminuta

63 1795 94 1846 et
106 1785 273 1847 Divitiacus
290 1786 383 1844 irater
398 1785 428 1844 in
451 1787 610 1861 antiquum
623 1788 725 1846 locum
739 1785 854 1860 gratiae
869 1793 963 1861 atque
979 1786 1034 1848 ho-

64 1870 147 1931 noris
162 1869 202 1928 sit
215 1869 383 1929 restitutus.
407 1869 527 1944 Siquid
541 1869 823 1942 accidatltomanis,
839 1886 990 1930 summam
1004 1870 1035 1929 in

64 1970 152 2030 spem
167 1968 223 2027 per
236 1952 394 2012 Helvetios
409 1954 496 2028 regni
518 1952 674 2013 obtinendi
688 1953 811 2020 venire;
833 1953 962 2028 imperio
978 1970 1034 2029 po-

63 2039 128 2113 puli
142 2036 271 2097 Romani
287 2052 349 2098 non
364 2037 456 2097 modo
472 2038 511 2096 de
525 2038 717 2112 regno‚„sed
732 2037 822 2096 etiam
836 2037 875 2096 de
890 2053 927 2096 ea
942 2054 1033 2112 quam

63 2122 175 2182 babeat
189 2122 287 2195 gratia
300 2120 478 2195 desperare.
506 2121 691 2196 Reperiebat
705 2121 795 2180 etiam
809 2120 840 2178 in
856 2122 1033 2195 quaerendo

65 2206 193 2280 Caesar,
215 2205 299 2280 quod
318 2206 470 2279 proelium
491 2212 636 2280 equestre
656 2205 822 2264 adversum
833 2204 941 2278 paucis
963 2213 1033 2266 ante

64 2290 175 2349 diebus
190 2295 274 2348 esset
288 2289 411 2361 lactum,
427 2289 544 2348 initium
559 2290 625 2348 eius
641 2290 733 2363 fugae
747 2289 860 2347 iactum
874 2288 1032 2350 aDumuo-

65 2373 128 2447 rige
143 2380 236 2447 atque
251 2372 316 2430 eius
331 2371 543 2446 equitibus-
558 2387 629 2431 nam
643 2371 799 2448 equitatui,
815 2373 906 2446 quent
920 2373 1032 2433 auxilio

65 2456 186 2516 Caesari
200 2455 319 2514 Haedui
333 2455 488 2530 miserant,
503 2455 673 2516 Dumnorix
686 2461 828 2530 praeerat
846 2477 904 2510 -ι
927 2471 1033 2517 eorum

64 2542 136 2615 luga
149 2539 301 2613 reliquum
315 2553 387 2597 esse
402 2538 568 2613 equitatum
582 2540 784 2615 perterritum.

146 2623 223 2682 XIX.
247 2621 362 2695 Quibus
377 2623 472 2682 rebus
484 2624 614 2698 cognitis
627 2639 695 2684 cum
710 2624 750 2683 ad
764 2623 821 2682 bas
837 2623 1034 2699 suspiciones

64 2708 254 2769 certissimae
266 2706 533 2781 resaccederent,
556 2708 640 2783 quod
655 2723 712 2783 per
726 2708 804 2767 fines
820 2708 1035 2782 Sequanorum

65 2791 219 2853 Helvetios
234 2790 432 2863 traduxisset,
449 2791 533 2866 quod
548 2792 674 2853 obsides
689 2792 767 2852 inter
781 2807 837 2852 eos
848 2792 969 2851 dandos
981 2808 1030 2851 cu-

63 2883 173 2950 rasset,
191 2874 276 2950 quod
290 2888 328 2932 ea
342 2874 444 2934 omnia
458 2891 521 2935 nou
533 2872 625 2937 modo
641 2876 762 2937 iniussu
776 2891 834 2938 suo
849 2883 880 2935 et
894 2875 1033 2949 civitatis,

64 2960 226 3020 sedetiam
247 2957 448 3017 inscientibus
463 2959 542 3034 ipsis
558 2961 700 3034 lecisset,
723 2960 807 3034 quod
821 2976 840 3019 a
854 2959 1033 3033 magistratu

64 3044 261 3104 Haeduorum
275 3049 488 3116 accusaretur,
511 3044 586 3104 satis
602 3059 674 3105 esse
689 3059 802 3103 causae
823 3042 1034 3120 arbitrabatur,

23 3130 27 3137 '
65 3143 160 3202 quare
172 3127 202 3187 in
215 3141 285 3184 eum
299 3131 352 3183 aut
362 3126 431 3199 ipse
444 3128 698 3189 animadverteret
711 3134 763 3187 aut
773 3127 924 3187 civitatem
939 3127 1033 3186 anim-

64 3212 225 3270 advertere
239 3208 367 3268 luberet.
390 3209 446 3270 His
461 3213 603 3273 omnibus
614 3212 707 3271 rebus
722 3227 818 3270 unum
832 3210 1034 3285 repugnabat,

65 3291 294 3370 quodDivitiaci
309 3292 411 3353 fratris
421 3311 572 3356 summum
586 3296 617 3354 in
630 3295 956 3369 populumRomanum
970 3301 1034 3354 stu·

64 3378 156 3450 dium,
178 3392 327 3437 summam
342 3376 372 3435 in
388 3393 423 3437 se
436 3380 632 3455 voluntatem,
653 3378 807 3454 egregiam
820 3378 928 3453 fidem,
948 3378 1034 3440 iusti-

64 3462 150 3533 tiam,
171 3460 402 3535 temperantiam
424 3469 625 3537 cognoveram
654 3479 723 3521 nam
738 3478 777 3521 ne
798 3462 864 3522 eius
880 3463 1034 3537 supplicio

66 3544 202 3605 Divitiaei
214 3546 346 3604 animum
359 3543 529 3607 offenderet
538 3546 710 3607 verebatur.
726 3547 832 3621 ltaque
843 3546 1034 3621 priusquam

66 3628 231 3705 quicquam
252 3636 430 3697 conaretur,
452 3630 634 3690 Divitiacum
655 3630 695 3690 ad
717 3646 752 3690 se
771 3629 878 3690 vocari
898 3629 984 3690 iubet
1003 3636 1034 3689 et

65 3711 226 3773 cotidianis
248 3712 467 3788 interpretibus
482 3714 607 3776 remotis
628 3729 686 3791 per
700 3714 731 3777 c.
746 3714 904 3775 Valerium
917 3712 1032 3775 Procil-
1053 3756 1056 3763 -
