2272 4176
64 418 152 536 boo·
383 469 434 531 ult
454 468 578 531 BELLO
602 468 717 532 CIVILI

65 624 255 705 prohibebat
270 623 312 685 ita
325 624 395 700 ipse
409 624 490 685 omni
505 630 586 685 terra
599 640 704 685 aarum
717 628 878 704 regionum
891 626 1023 707 prohibe
1066 706 1067 713 ἵ

66 714 169 774 batur:
198 710 362 787 praesidiis
383 710 463 769 enim
479 710 637 786 dispositis
654 711 758 772 omnia
772 712 892 775 litorea
906 716 1023 777 Caesare

63 797 251 873 tenebantur,
266 810 368 871 neque
381 795 516 870 lignandi
527 802 619 870 atque
630 797 766 870 aquandi
777 814 879 875 neque
890 816 983 862 naves
992 797 1023 857 ad
1065 791 1067 801 '

65 889 176 943 terram
189 880 337 955 religandi
351 886 489 955 potestas
504 880 605 939 fiebat.
633 878 707 939 Erat
719 896 772 941 res
787 882 819 941 in
834 900 946 960 magna
959 885 1021 946 dilli-

67 970 176 1030 cultate
197 966 387 1040 summisque
408 964 555 1039 angustiis
577 979 680 1024 rerum
701 968 949 1031 necessariarum
967 984 1018 1045 pre

64 1053 232 1125 mebantur,
247 1051 325 1109 adeo
336 1055 370 1108 ut
380 1055 562 1123 cogerentur
573 1048 660 1108 sicuti
671 1050 824 1125 reliquum
837 1062 1021 1114 commeatum

64 1139 107 1197 ita
130 1136 212 1210 ligna
236 1139 328 1209 atque
353 1148 464 1207 aquam
482 1134 618 1212 Corcyra
641 1132 769 1194 navibus
792 1139 942 1199 onerariis
963 1155 1019 1214 sup

65 1226 202 1298 portare,
231 1224 323 1293 atque
345 1218 435 1277 ctiam
456 1235 518 1279 uno
540 1224 678 1293 tempore
698 1219 825 1295 accidit,
854 1227 889 1282 ut
909 1222 1020 1283 diflicili-

65 1306 170 1366 oribus
184 1303 233 1363 usi
248 1302 478 1377 tempestatibus
494 1319 533 1362 ex
547 1303 693 1377 pellibuS,
710 1304 824 1378 quibus
839 1312 928 1366 erant
940 1314 1021 1369 tecue

65 1405 169 1463 naves,
182 1396 363 1447 nocturnum
371 1387 514 1462 excipere
520 1403 620 1447 rorem
633 1396 833 1461 cogerentur3
848 1408 927 1467 quas
937 1399 1021 1453 tamen

65 1474 258 1536 difficultates
280 1472 430 1547 patienter
445 1478 536 1548 atque
551 1487 650 1546 aequo
666 1472 766 1533 animo
781 1475 925 1537 serebant
938 1493 1021 1554 neque

65 1559 124 1621 sibi
144 1557 288 1617 nudanda
309 1557 397 1617 litora
411 1562 441 1614 et
454 1556 673 1631 relinquendos
688 1564 795 1632 portus
811 1560 1020 1623 existimabant

65 1643 128 1704 Sed
148 1659 215 1703 cum
238 1640 392 1701 essentia
414 1641 523 1716 quibus
539 1642 745 1700 demonstravi
760 1646 914 1718 angustiis
937 1663 971 1708 ac
995 1661 1021 1706 sc

64 1727 138 1789 Libo
160 1743 228 1787 cum
242 1727 350 1786 Bibulo
367 1726 590 1799 coniunxisset,
611 1726 777 1802 loquuntur
791 1729 885 1790 ambo
901 1746 941 1790 ex
953 1730 1021 1790 navi·

66 1815 122 1873 bus
139 1829 207 1872 cum
221 1812 270 1870 Μ’.
286 1812 385 1883 Acilio
401 1817 431 1869 et
445 1809 540 1870 Statio
551 1809 657 1871 Murco
672 1811 798 1884 legatis3
815 1830 949 1888 quorum
963 1817 1022 1875 alt'tr

65 1897 171 1973 oppidi
185 1896 289 1970 muria,
311 1897 387 1954 alter
400 1895 563 1969 praesidiis
578 1895 773 1955 terrestribus
787 1906 944 1973 praeerat,
958 1899 1022 1959 velle

65 1998 100 2042 se
121 1982 159 2041 de
180 1980 317 2041 maximis
337 1979 430 2039 rebus
453 1995 521 2038 cum
538 1980 667 2039 Caesare
682 1981 782 2054 loqui,
803 1982 832 2040 si
847 1985 893 2042 eis
910 1984 1022 2043 facultas
1065 2014 1067 2019 ·

65 2068 161 2127 detur.
190 2066 257 2124 Huc
271 2066 386 2125 addunt
400 2080 500 2140 pauca
512 2064 557 2122 rei
574 2065 801 2124 confirmandae
814 2081 940 2142 causae,
955 2067 1023 2128 utde
1065 2092 1067 2135 ;

66 2150 287 2225 compositione
314 2150 409 2208 acturi
436 2149 620 2208 viderentur.
659 2149 781 2209 Interim
801 2154 977 2228 postulant,
999 2158 1025 2210 ut
1063 2146 1067 2227 ξ

65 2237 125 2296 sint
137 2235 277 2307 indutiae,
294 2243 385 2309 atque
397 2233 434 2291 ab
446 2234 482 2291 iis
495 2233 665 2306 impetrant.
689 2233 834 2307 Magnum
847 2238 939 2311 enim,
955 2235 1024 2313 quod
1065 2238 1067 2279 ἲ

64 2320 255 2392 adferebant,
277 2318 450 2390 videbatur,
473 2325 502 2376 et
526 2317 686 2377 Caesarem
705 2319 737 2377 id
757 2333 878 2380 summe
900 2322 1026 2381 sciebant

65 2419 192 2477 cupere,
217 2409 247 2462 et
260 2403 430 2476 proiectum
446 2402 559 2467 alicuid
573 2402 696 2461 Vibullii
712 2403 865 2464 mandatis
882 2407 1023 2466 existima·

64 2489 160 2547 batur.

108 2580 111 2585 ·
146 2572 224 2630 XVI.
271 2570 429 2629 Caesareo
443 2575 580 2644 tempore
593 2586 661 2629 cum
671 2570 790 2644 legione
802 2589 866 2632 una
878 2576 1025 2649 profectus

66 2656 105 2716 ad
124 2655 317 2731 recipiendas
338 2654 499 2715 ulteriores
522 2655 658 2714 civitates
680 2661 710 2713 ct
729 2672 792 2714 rem
807 2658 1026 2720 frumentariam

65 2741 301 2816 expediendam,
323 2754 383 2815 qua
397 2746 526 2813 anguste
539 2740 689 2814 utebatur,
712 2746 776 2799 erat
790 2742 829 2800 ad
845 2743 1027 2819 Battarotua

66 2827 241 2901 oppositum
257 2825 419 2903 Corcyrae.
449 2824 492 2882 lbi
515 2825 624 2884 certior
645 2825 682 2883 ab
697 2825 795 2883 Acilio
813 2833 843 2885 ct
857 2827 967 2891 Murco
982 2845 1028 2905 per

64 2913 178 2971 litteras
200 2914 298 2971 iactus
320 2910 358 2968 de
379 2910 540 2982 postulatis
561 2910 685 2968 libonis
708 2916 737 2967 ct
756 2909 858 2969 Bibuli
885 2914 1028 2987 legionem

63 2997 221 3070 relinquit3
237 2996 305 3070 ipse
322 2993 442 3053 Oricum
457 2995 626 3053 revertitur.
655 2994 699 3053 Eo
717 3009 785 3052 cum
799 2996 950 3072 venisset7
966 3014 1027 3058 evo-

65 3088 170 3140 cantur
193 3081 235 3140 illi
260 3081 299 3138 ad
325 3079 519 3153 colloquium.
555 3078 658 3137 Prodit
681 3078 756 3136 Libo
782 3086 877 3153 atque
910 3087 1031 3142 excusat

63 3166 218 3239 Bibulum,
246 3164 329 3239 quod
348 3164 374 3223 is
395 3163 553 3222 iracundia
574 3179 692 3222 summa
713 3169 778 3220 erat
800 3163 1030 3243 inimicitiasque

63 3249 194 3309 habebat
209 3249 297 3308 etiam
311 3249 445 3322 privatas
462 3265 528 3307 cum
543 3248 672 3308 Caesare
688 3264 727 3306 ex
741 3247 896 3308 aedilitate
908 3258 939 3311 ct
950 3267 1028 3328 prae·

64 3342 131 3393 tura
152 3341 333 3408 conceptas:
360 3332 398 3393 ob
421 3349 488 3391 eam
504 3349 628 3392 causam
644 3333 830 3406 colloquium
843 3334 979 3411 vitasse,
998 3351 1031 3396 nc

63 3435 114 3476 res
135 3421 286 3478 maximae
307 3417 374 3492 spei
396 3419 608 3493 maximaeque
629 3417 763 3477 utilitatis
786 3418 853 3476 cius
877 3419 1031 3482 iracundia

64 3503 293 3577 impedirentur.
327 3502 453 3576 Pompei
485 3519 633 3562 summam
652 3517 723 3561 esse
743 3516 780 3560 ac
801 3502 901 3562 luisse
916 3519 1032 3581 semper

63 3588 256 3663 voluntatem,
268 3595 301 3648 ut
312 3596 546 3662 componeretur
557 3594 649 3663 atque
660 3587 698 3645 ab
710 3587 802 3644 armis
816 3588 1031 3663 discederetur,

65 3671 120 3728 sed
142 3679 322 3745 potestatem
343 3673 409 3731 eius
430 3673 474 3732 rei
495 3674 606 3731 nullam
622 3672 749 3744 habere,
772 3678 942 3746 propterea
956 3673 1031 3750 quod

65 3753 103 3815 de
125 3756 243 3815 consilii
269 3757 419 3815 sententia
442 3772 590 3817 summam
615 3756 685 3814 belli
709 3770 876 3833 rerumque
901 3760 1030 3820 omniunt
