2272 4176
128 458 167 522 80
296 480 338 520 ne
357 479 460 521 nunno
483 478 684 523 tvevcuuruo
709 479 738 522 c.
758 471 804 526 68.
827 473 872 528 69.
894 474 939 529 tc.

99 628 174 692 4811
193 629 295 689 animis
316 646 420 689 eorum
441 627 579 696 adrectis,
602 629 714 707 equites
735 630 765 689 in
786 630 883 707 primo
904 628 980 701 late,
1000 632 1099 711 petits

75 718 213 789 (tequam
235 713 389 773 artissume
415 715 459 772 ire
489 717 518 773 et
538 713 620 787 signa
642 712 792 774 occultare
813 712 906 775 iubet.
949 712 1100 777 Vaeeenses

126 796 177 856 ubi
203 798 332 856 animum
355 796 507 856 advortere
537 795 574 856 ad
594 813 627 855 se
647 814 766 857 vorsum
789 799 955 859 exercitum
973 816 1098 877 pergere,
1126 874 1129 881 Ι

124 882 237 957 primo,
266 883 308 941 uti
330 886 394 941 erat
413 897 476 948 res,
503 877 652 939 lletellum
673 898 737 941 esse
764 881 820 941 rati
842 889 947 958 portas
969 882 1098 953 olauscm,

125 964 231 1024 deinde
251 963 303 1024 ubi
323 982 420 1043 neque
444 979 530 1039 agros
551 964 658 1023 vastari
679 971 709 1023 et
731 981 781 1024 eos
803 967 854 1044 qui
878 967 973 1042 primi
992 967 1128 1031 aderantt'

124 1047 265 1108 Numidas
288 1050 400 1126 equites
414 1048 528 1116 vident,
550 1064 669 1108 rursum
690 1047 865 1124 lugtutbam
887 1049 1026 1111 arbitrati
1045 1069 1100 1113 cun

97 1149 231 1209 omagno
246 1133 352 1210 gaudio
369 1132 445 1192 obvii
460 1131 634 1208 procedunt.
667 1130 787 1210 Equites
800 1133 979 1213 peditesque
994 1146 1100 1213 repente

125 1217 207 1291 signo
232 1217 299 1276 dato
318 1216 364 1277 alii
382 1215 485 1292 volgus
499 1215 623 1275 ellusum
638 1215 745 1294 oppido
761 1217 904 1288 caedere,
924 1216 975 1279 alii
991 1219 1027 1280 ad
1044 1238 1100 1297 por-

123 1307 168 1359 tas
189 1301 342 1368 festinare,
365 1318 434 1377 pars
451 1301 541 1359 turris
567 1316 688 1379 capere:
714 1301 756 1360 ira
779 1307 867 1380 atque
886 1304 1022 1379 praedae
1047 1322 1101 1385 spes

96 1384 248 1461 3amplius
265 1402 354 1463 quam
368 1383 508 1444 lassitudo
522 1401 619 1460 posse.
635 1383 677 1443 lta
699 1382 862 1445 Vaeeenses
877 1384 1007 1448 biduom
1026 1388 1124 1449 modcu

125 1487 160 1528 ex
177 1469 298 1546 pertidia
313 1469 425 1529 laetati:
446 1467 544 1527 civitas
561 1482 667 1543 magna
686 1474 715 1527 et
729 1467 853 1544 opulens
873 1478 986 1532 cuncta
1003 1490 1102 1550 poenae

96 1561 175 1618 aaut
188 1553 316 1630 praedae
331 1553 393 1612 luit.
422 1550 578 1629 Turpilius
594 1568 682 1628 quem
696 1550 882 1628 praelectum
900 1556 1007 1633 oppidi
1023 1574 1102 1618 unum

125 1655 161 1696 cx
183 1635 320 1695 omnibns
334 1635 499 1713 profugisse
519 1651 608 1711 supra
623 1634 811 1705 ostendimus,
835 1639 938 1699 iussus
962 1657 981 1700 a
1000 1640 1101 1702 Metelc

125 1736 259 1779 caussam
276 1719 390 1786 dicere,
410 1725 566 1796 postquam
581 1734 645 1778 sese
666 1736 772 1795 parurn
795 1730 955 1800 expurgat,
974 1726 1100 1786 condem·

123 1810 209 1863 natus
237 1802 467 1881 verberatusque
489 1804 583 1880 capite
602 1819 712 1879 poenas
732 1801 831 1864 solvit:
857 1803 884 1886 †
906 1825 980 1868 nam
1002 1810 1122 1870 iscivistt

125 1905 160 1948 ex
176 1887 257 1948 Latio
275 1894 346 1948 crat.
491 1956 494 1961 ¹
1029 1930 1035 1937 -

72 1978 112 2038 70
209 1972 266 2032 Per
290 1972 367 2031 idem
393 1976 509 2048 tempus
530 1969 690 2039 Bomilcar,
719 1971 801 2030 cuius
823 1973 948 2050 inpulsu
971 1976 1099 2055 Iugurtha

124 2057 310 2123 deditionem,
330 2072 417 2132 quam
433 2062 512 2114 metu
527 2054 668 2123 deseruit,
689 2055 855 2131 inceperat,
873 2072 1035 2137 suspectus
1050 2062 1101 2137 regi

124 2141 236 2216 etipse
264 2156 331 2198 eum
352 2138 525 2214 suspicione,
555 2156 644 2197 novas
666 2155 714 2197 res
737 2155 863 2218 cupere,
896 2144 935 2203 ad
957 2148 1100 2222 pernitiem

96 2225 185 2290 ocius
202 2222 301 2282 dolum
317 2240 468 2300 quaerere,
488 2221 534 2281 die
551 2229 699 2299 noctuque
718 2221 841 2298 fatigare
861 2227 1014 2290 animum:
1032 2230 1120 2290 denia

7 2308 17 2315 ''
124 2325 180 2383 quo
211 2307 307 2366 emula
331 2305 499 2383 temptando
528 2308 639 2365 socium
672 2304 728 2365 sibi
759 2306 894 2385 adiungit
922 2311 1097 2377 Nabdalsam,

7 2324 21 2499 1
123 2390 271 2448 bominum
285 2388 422 2458 nobilem,
439 2391 552 2466 magnis
567 2388 685 2467 opibus,
704 2408 806 2450 carum
824 2401 1044 2474 acceptumque
1057 2414 1098 2473 po·

123 2472 276 2551 pularibus
296 2473 370 2541 suis,
394 2475 444 2550 qui
458 2473 631 2550 plerumque
648 2490 781 2532 seorsum
801 2475 837 2534 ab
857 2494 932 2554 rege
950 2483 1098 2541 exercitum

124 2558 244 2617 ductare
268 2564 296 2615 et
317 2558 411 2615 omnis
432 2574 480 2616 res
507 2558 611 2633 exequi
631 2555 732 2615 solitus
754 2568 825 2628 erat,
850 2579 929 2637 quae
951 2563 1098 2641 lugurtbae

123 2643 201 2700 fesso
220 2648 269 2700 aut
284 2639 443 2699 maioribus
458 2641 595 2699 adstricto
610 2651 833 2716 superaverant:
855 2663 893 2703 ox
909 2665 972 2724 quo
993 2648 1033 2709 illi
1048 2647 1115 2724 glo-e

98 2728 167 2789 aria
183 2741 311 2801 opesque
331 2724 472 2783 iuventae.
509 2725 598 2799 lgitur
615 2726 767 2800 utriusque
782 2727 904 2788 consilio
921 2730 987 2791 dies
1002 2732 1097 2791 insidiis
1135 2727 1136 2738 ¹

125 2810 273 2867 statuitur:
298 2814 404 2877 cetera,
427 2809 469 2867 uti
488 2825 536 2867 res
551 2815 694 2885 posceret,
719 2826 754 2867 ex
779 2818 915 2887 tempore
930 2817 1032 2891 parari
1047 2814 1096 2893 pla·
1134 2831 1136 2884 ῐ

7 2864 16 3027 ,
99 2893 197 2958 acuit:
215 2890 359 2951 Nabdalsa
376 2891 413 2951 ad
430 2893 590 2951 exercitum
604 2892 762 2968 proiectus,
782 2912 870 2970 quom
892 2898 973 2957 inter
987 2899 1096 2959 biberua
1133 2891 1136 2926 ¹

7 3030 9 3047 ,
126 2976 323 3034 111111111111
340 2976 435 3034 iussus
453 2975 588 3043 babebat,
604 2993 642 3034 ne
657 2991 726 3050 ager
740 2975 840 3036 inultis
855 2979 995 3042 hostibus
1017 2994 1096 3042 vasta·

100 3068 215 3124 511111.
248 3058 275 3117 ls
286 3064 440 3136 postquam
451 3059 648 3136 magnitudine
660 3058 796 3119 facinoris
810 3062 971 3138 perculsus
986 3067 1022 3126 ad
1037 3074 1111 3126 tent-a

124 3162 179 3222 pus
200 3161 259 3202 non
281 3144 358 3203 venit
378 3151 532 3220 metusque
550 3161 614 3203 rem
634 3143 809 3220 inpediebat,
831 3144 1001 3219 Bomilcar,
1023 3146 1096 3209 simul

124 3229 247 3305 cupidus
269 3229 383 3304 incepta
404 3227 539 3303 patrandi
559 3235 588 3287 et
608 3227 713 3286 timore
731 3229 792 3288 soci
810 3232 925 3302 aurine,
942 3253 981 3294 ne
1001 3235 1097 3294 omisso

123 3322 220 3372 vetere
243 3311 361 3371 consilio
382 3328 489 3370 novom
510 3319 680 3389 quaereret,
703 3309 813 3372 litteras
835 3315 873 3376 ad
897 3335 968 3377 eum
985 3336 1039 3396 per
1054 3317 1097 3377 bo·

123 3399 216 3456 mines
234 3395 327 3455 fidelis
350 3396 450 3464 mittit,
475 3395 504 3453 in
530 3395 594 3472 quis
622 3393 771 3455 mollitiam
797 3400 1028 3480 socordiamque
1053 3402 1097 3461 viri

124 3497 278 3547 accusare,
295 3480 395 3538 testari
410 3479 480 3538 deos
496 3496 549 3555 por
565 3495 637 3556 quos
652 3480 812 3549 iuravisset,
829 3500 954 3545 utonerc
970 3504 1009 3546 ne
1024 3500 1119 3565 prae-c·

123 3565 180 3622 ntia
201 3562 307 3624 lletclli
321 3563 350 3622 in
371 3569 483 3639 pestem
504 3569 703 3622 converteret:
725 3563 884 3639 lugurtbae
914 3571 1036 3631 esitium
1056 3569 1097 3630 ad·

125 3665 205 3705 esse:
234 3654 364 3707 ceterum
392 3664 481 3705 satane
501 3663 538 3705 an
559 3644 664 3705 lletelli
688 3647 794 3708 virtute
818 3653 947 3726 periret,
968 3655 998 3714 id
1021 3652 1098 3714 modo

126 3732 241 3803 agitari:
273 3730 396 3808 proinde
419 3735 568 3806 reputaret
593 3748 659 3789 cum
684 3731 781 3790 aninlo
812 3749 880 3804 suo,
910 3742 1042 3817 praemia
1068 3753 1097 3797 au
