2272 4176
461 187 576 252 amru
589 189 625 251 n.
855 140 860 151 ¹
961 188 1025 255 aas

101 343 179 397 iubae
186 343 319 412 praeferto
331 349 462 410 superatus
472 339 617 395 interficitur
625 340 735 397 ³8-42.
765 342 895 399 Exercitus
904 344 1023 409 reliquiae

100 413 363 537 mme'omffiilffim
376 428 405 464 se
417 414 553 480 recipiunt,
571 416 663 479 partim
677 415 744 467 Varo
758 431 786 467 se
799 418 908 480 dedunt;
933 415 1024 466 multoe

133 603 157 662 Ι.
184 594 284 663 'Dum
304 600 381 662 haee
402 601 433 661 in
449 601 599 678 Hispania
620 610 781 677 geruntur,
805 603 835 664 C.
854 603 1023 667 Trebonius

54 689 189 763 legatus,
215 687 269 762 qui
288 686 327 745 ad
347 684 607 761 oppugnationem
623 685 779 747 Massiliae
800 688 924 748 relictus
950 695 1022 763 erat,

55 771 173 833 duabus
186 785 226 830 ex
233 769 370 846 partibus
380 784 530 845 aggerem,
543 771 650 830 vineas
659 778 821 847 turresque
829 771 868 831 ad
877 773 1024 846 oppidum

56 871 144 931 agere
162 854 299 915 instituit.
331 854 399 914 Una
419 863 484 915 erat
504 855 645 930 proxima
666 856 767 930 portui
790 855 1022 931 navalibusque,

57 942 147 1001 altera
158 939 199 998 ad
212 945 337 1014 partem,
362 946 481 1014 quaest
493 939 592 1000 aditus
606 954 646 998 ox
657 939 754 998 Gallia
765 946 856 1014 atque
866 939 1022 1014 Hispania

58 1023 140 1085 adid
158 1039 259 1095 mare,
285 1022 369 1096 quod
390 1023 507 1083 adiacet
525 1023 564 1082 ad
582 1023 693 1083 ostium
709 1022 859 1083 Rhodani.
888 1023 1025 1085 Massilia

57 1108 133 1169 enim
144 1107 211 1166 lere
223 1121 261 1166 ex
271 1106 368 1167 tribus
381 1107 486 1181 oppidi
499 1107 636 1182 partibus
648 1107 723 1166 mari
738 1108 883 1177 adluitur;
906 1109 1025 1183 reliqua

17 1208 22 1217 ·
60 1198 164 1268 quarta
184 1197 247 1264 est,
272 1204 350 1266 quae
372 1191 485 1250 aditum
495 1190 606 1251 habeat
618 1191 655 1250 ab
667 1198 755 1251 terra.
788 1192 887 1252 Huius
900 1207 1024 1267 quoque

18 1318 21 1323 -
60 1277 144 1352 spatii
156 1291 232 1352 pars
244 1290 290 1346 ea,
311 1288 390 1349 quae
402 1275 441 1333 ad
454 1290 554 1334 arcem
567 1275 703 1350 pertinet,
716 1275 775 1335 loei
788 1283 894 1335 natura
905 1283 935 1336 et
945 1278 1024 1336 valle

60 1358 1022 1434 altissimamunitalongametdillioilemhabetoppugnationem.

58 1445 103 1505 Ad
124 1460 164 1505 ea
185 1443 375 1520 perficienda
399 1458 495 1518 opera
512 1443 543 1504 C.
562 1443 731 1504 Trebonius
753 1459 893 1518 magnam
910 1445 1023 1504 iumen·

17 1566 21 1575 ι
59 1538 155 1590 torum
177 1535 269 1603 atque
289 1526 444 1588 horinurn
465 1527 684 1589 multitudinem
707 1543 746 1586 ex
768 1528 847 1588 omui
866 1529 1025 1604 provincia

59 1620 165 1683 voeat3
193 1612 307 1672 vimina
330 1612 548 1686 materiamque
571 1611 755 1685 comportari
778 1611 869 1671 iubet.
909 1611 1023 1684 Quibus

60 1696 241 1774 comparatis
251 1696 344 1757 rebus
357 1711 499 1771 aggerem
512 1695 542 1754 in
554 1696 740 1755 altitudinem
751 1695 1025 1771 pedumoetoginta

60 1783 175 1843 extruit.

136 1867 174 1926 ll.
221 1862 284 1925 Sed
309 1865 382 1926 tanti
407 1873 492 1925 erant
514 1864 678 1940 antiquitus
701 1863 731 1922 in
753 1864 868 1939 oppido
892 1864 1023 1924 omnium

60 1968 158 2012 rerum
176 1950 216 2009 ad
232 1949 346 2009 bellum
364 1956 529 2026 apparatus
548 1955 693 2023 tantaque
714 1948 872 2009 multitudo
893 1956 1023 2009 tormen·

10 2080 12 2089 .
60 2045 169 2107 torum,
194 2041 349 2094 uteorum
366 2035 428 2094 vim
446 2035 546 2093 millae
569 2040 727 2094 contextae
744 2033 906 2094 viminibus
916 2034 1025 2094 vineae

10 2144 13 2197 3
61 2122 209 2181 sustinere
233 2125 369 2192 possent.
403 2118 536 2179 Asseros
563 2118 642 2177 enirn
661 2117 774 2192 pedum
792 2117 954 2178 duodecim
972 2134 1022 2178 ou·

10 2220 12 2273 ς
61 2205 198 2281 spidibus
221 2202 349 2277 praefixi
373 2209 463 2277 atque
485 2203 517 2271 hi
541 2201 678 2262 maximis
705 2201 832 2261 ballistis
857 2203 943 2262 missi
969 2218 1025 2278 per

61 2296 202 2364 quattuor
221 2286 344 2347 ordines
364 2287 490 2346 cratium
511 2288 541 2345 in
565 2296 646 2347 terra
668 2285 885 2359 deligebantur.
919 2287 1025 2362 ltaque

10 2368 12 2377 '
60 2373 220 2448 pedalibus
238 2370 328 2445 lignis
341 2370 509 2430 coniunctis
522 2372 598 2431 inter
611 2385 645 2429 se
657 2370 793 2444 porticus
805 2371 1023 2445 integebantur,

60 2467 149 2534 atque
168 2456 227 2514 bae
246 2469 339 2528 agger
356 2456 433 2515 inter
444 2471 551 2514 manus
564 2454 784 2530 proferebatur.
817 2454 1025 2514 Antecedebat

58 2541 178 2603 testudo
195 2538 310 2614 pedum
328 2540 535 2613 exaequandi
552 2540 611 2599 loci
631 2554 725 2597 eausa
742 2538 821 2597 lacta
832 2539 901 2596 item
913 2554 951 2595 ex
963 2538 1023 2596 lor-

58 2624 183 2687 tissimis
202 2623 307 2697 lignis,
332 2624 494 2684 convoluta
517 2623 656 2682 omnibus
679 2621 788 2693 rebus,
812 2621 922 2695 quibus
944 2621 1023 2694 ignis

58 2711 153 2770 iaetus
167 2712 198 2766 et
209 2706 327 2782 lapides
341 2706 461 2766 delendi
475 2713 611 2781 possent.
629 2705 692 2765 Sed
703 2705 876 2779 magnitudo
886 2720 1022 2778 operum,

58 2793 182 2854 altitudo
203 2791 279 2849 muri
298 2799 388 2866 atque
399 2791 539 2862 turrium,
563 2789 719 2850 multitudo
733 2796 949 2848 tormentorum
961 2805 1022 2847 om-

58 2894 122 2938 nem
134 2875 425 2937 administrationem
437 2875 581 2934 tardabat.
602 2873 731 2932 Crebrae
739 2874 827 2932 etiam
835 2873 1022 2947 perAlbioos

58 2962 235 3037 eruptiones
255 2959 366 3019 fiebant
383 2975 422 3017 ex
442 2959 556 3034 oppido
576 2959 724 3031 ignesque
736 2957 839 3030 aggeri
852 2964 880 3014 et
890 2956 1022 3016 turribus

57 3044 279 3110 inle1·ebantur;
303 3058 381 3118 quae
401 3043 488 3101 laoile
506 3042 602 3101 nostri
619 3041 726 3100 milites
738 3039 938 3115 repellebant,
961 3056 1022 3099 ma-

57 3131 189 3204 gnisque
212 3128 291 3187 ultro
319 3127 407 3186 illatis
436 3125 620 3185 detrimentis
649 3139 719 3196 eoa,
753 3124 805 3199 qui
835 3123 1023 3197 eruptionem

57 3213 202 3282 fecerant,
227 3211 257 3269 in
270 3211 416 3285 oppidum
428 3210 600 3268 reiciebant.

138 3296 190 3357 III.
226 3295 348 3355 Interim
358 3295 391 3353 L.
402 3293 555 3362 Nasidius,
570 3292 607 3351 ab
620 3291 671 3351 Cn.
682 3291 827 3365 Pompeio
843 3293 1024 3354 cumulasse

56 3381 180 3443 navium
193 3378 344 3448 sedenim,
367 3378 397 3438 in
411 3378 521 3453 quibus
534 3392 651 3451 pauoae
663 3383 748 3435 erant
758 3384 893 3449 aeratae,
916 3376 949 3436 L.
961 3377 1020 3438 llo·

56 3466 139 3529 mitio
155 3462 466 3539 Massiliensibusque
488 3461 626 3523 subsidio
648 3461 777 3538 missus,
807 3463 883 3523 freto
903 3460 1023 3523 Siciliae
