2272 4176
116 474 158 539 98
328 495 372 537 uu
390 495 493 537 nunno
515 493 715 538 rvovnrranro
740 494 768 537 o.
788 486 833 543 97.
853 488 899 543 98.

117 644 231 721 ipsique
250 641 352 702 blauro
372 640 527 720 pollicetur
549 642 701 705 Numidiae
722 650 837 721 partem
854 645 989 716 tertiam,
1012 664 1037 709 st
1056 652 1100 709 aut

117 728 242 789 Romani
256 727 353 786 Africa
370 725 496 804 expulsi,
513 730 563 787 a'ut
577 728 698 803 integris
713 729 773 788 suis
785 728 895 789 finibus
909 727 1025 791 bellum
1039 750 1099 791 con·

118 814 245 890 positum
267 810 353 870 foret.
393 811 437 870 Eo
457 812 587 888 praemio
610 810 734 871 inlectus
749 810 886 874 Bocchus
912 831 984 874 cum
1002 832 1099 893 magne

117 895 301 957 multitudine
322 893 494 970 Iugurtham
515 893 637 955 adsedit.

91 986 108 1038 ³
201 979 244 1040 lta
265 978 420 1039 amborum
443 980 573 1038 exercitu
595 979 750 1038 coniuncto
763 975 906 1049 Marium,
931 982 993 1041 iarn
1015 984 1045 1043 in
1061 982 1113 1043 bit

118 1065 210 1125 berna
232 1063 481 1140 proticiscentem,
502 1063 549 1122 vix
570 1062 693 1122 decuma
714 1068 798 1139 parte
820 1063 867 1124 die
890 1064 1008 1126 relicua
1029 1068 1098 1127 inva-

118 1148 205 1216 dunt,
226 1149 282 1207 rati
296 1151 412 1207 noctem
427 1164 501 1225 quae
516 1148 573 1205 iam
590 1145 691 1206 aderat
706 1153 735 1206 et
748 1147 831 1206 victis
846 1147 905 1207 sibi
923 1151 1098 1210 munimento

118 1234 181 1293 iore
197 1239 226 1293 et
242 1233 266 1291 si
284 1231 420 1290 vicissent
435 1229 515 1289 nullo
530 1229 742 1305 inpedimento,
767 1232 833 1308 quia
850 1229 992 1293 locorum
1015 1235 1098 1294 scien·

117 1324 162 1376 tes
189 1322 287 1383 erant,
317 1320 419 1374 contra
439 1312 578 1373 Romanis
599 1320 757 1393 utrumque
786 1331 890 1375 casum
918 1317 949 1375 in
977 1316 1099 1379 tenebris

92 1399 310 1460 edifficiliorem
325 1398 398 1457 iore.
428 1397 520 1472 Igitur
537 1395 622 1456 simul
639 1396 741 1458 consul
757 1415 792 1458 ex
806 1398 909 1459 multis
924 1400 964 1460 de
980 1400 1121 1463 hostiumn

119 1484 243 1544 adventu
260 1483 394 1559 cognovit
408 1487 438 1541 et
450 1482 504 1558 ipsi
517 1480 616 1541 hostes
630 1481 761 1551 aderant,
774 1488 804 1541 et
817 1484 902 1560 prius
918 1502 1013 1564 quam
1027 1502 1097 1547 exer·

119 1570 192 1628 citus
209 1573 259 1627 aut
274 1566 379 1625 instrui
398 1571 447 1624 aut
466 1566 594 1624 sarcinas
610 1564 766 1643 conligere,
785 1565 916 1646 denique
935 1575 1096 1648 antequam

118 1653 233 1727 signum
256 1657 306 1710 aut
322 1650 467 1726 inperium
481 1646 574 1708 ullum
595 1651 730 1725 accipere
751 1651 857 1727 quivit,
879 1655 1001 1730 equites
1017 1652 1095 1713 blant

119 1742 206 1814 atque
226 1731 352 1800 Gaetuli,
376 1750 435 1791 non
452 1733 512 1792 acie
527 1749 623 1810 neque
636 1732 697 1793 ullo
712 1751 795 1794 more
809 1735 921 1810 proeli,
947 1743 995 1798 set
1016 1744 1094 1797 cater-

120 1820 215 1889 vatim,
237 1819 280 1879 uti
302 1834 434 1895 quosque
457 1816 517 1875 fors
540 1816 779 1892 conglobaverat,
807 1818 837 1877 in
861 1826 987 1881 nostros
1011 1824 1114 1881 incur-r

92 1910 202 1965 erunt:
227 1903 277 1981 qui
299 1918 401 1962 omnes
421 1899 527 1978 trepidi
547 1901 694 1977 inprou'so
715 1908 797 1961 metu
816 1919 852 1962 ac
872 1909 977 1965 tamen
995 1902 1092 1964 virtutis
1135 1949 1136 1954 η

118 2004 264 2049 memores
279 1991 329 2045 aut
344 2001 425 2044 arma
443 1984 596 2062 capiebant
607 1991 657 2044 aut
672 1986 811 2063 capientis
828 1985 902 2046 alios
919 1988 959 2048 ab
975 1986 1092 2048 hostibus
1135 1979 1136 2028 ἶ

118 2070 321 2132 defensabant:
348 2086 416 2145 pars
439 2086 529 2146 equos
552 2069 725 2137 escendere,
748 2069 865 2129 obviarn
887 2072 934 2131 ire
958 2071 1091 2132 hostibus:

117 2172 214 2233 pugna
226 2153 377 2213 latrocinio
389 2154 481 2228 magis
495 2170 582 2230 quam
596 2152 707 2230 proelio
724 2151 823 2213 similis
838 2153 922 2214 fieri:
940 2157 1005 2217 sine
1017 2153 1092 2231 signis

118 2241 179 2298 sine
198 2236 349 2298 ordinibus
366 2238 478 2313 equites
497 2237 608 2312 pedites
625 2237 761 2314 permixti
780 2237 888 2298 cedere
910 2237 970 2308 alii,
990 2239 1037 2298 alii
1050 2234 1112 2296 obt

117 2330 272 2389 truncare,
300 2319 383 2379 multi
412 2326 512 2379 contra
539 2320 677 2380 advorsos
700 2338 855 2380 acerrume
876 2318 1092 2398 pugnantesab

7 2449 17 2477 .,
117 2415 202 2482 tergo
224 2405 442 2464 circumveniri:
465 2421 560 2482 neque
578 2406 669 2464 virtus
689 2421 785 2482 neque
800 2422 884 2464 arma
906 2409 979 2466 satis
994 2414 1092 2482 tegere.

16 2492 23 2554 “,
119 2492 185 2569 quia
212 2489 311 2548 hostes
331 2504 454 2547 numero
476 2486 575 2564 plures
603 2495 631 2548 et
657 2488 786 2565 undique
809 2490 984 2550 circumfusi
1007 2494 1092 2550 erant:

23 2568 27 2589 ⁵
119 2575 244 2650 deniqne
265 2572 389 2631 Romani
409 2579 522 2632 veteres
543 2574 667 2649 novique
690 2570 734 2651 [et
755 2571 792 2631 ob
814 2590 847 2632 ea
865 2575 996 2635 scientes
1011 2569 1091 2651 bein}

118 2660 142 2717 si
164 2674 237 2735 quos
251 2655 333 2715 locus
351 2661 400 2715 aut
420 2672 504 2715 casus
520 2658 724 2723 coniunxerat,
747 2655 826 2715 orbis
845 2655 947 2719 fecere
962 2665 1048 2736 atque
1062 2658 1110 2715 ita!

119 2741 154 2800 ab
178 2739 312 2800 omnibus
340 2738 471 2815 partibus
494 2739 578 2798 simul
601 2740 669 2800 tecti
691 2745 719 2799 et
739 2740 874 2800 instructi
895 2741 1029 2804 hostium
1047 2742 1092 2801 rin

69 2823 108 2884 {38
120 2823 328 2885 sustentabant.
361 2823 462 2900 Neque
478 2825 508 2883 in
530 2841 564 2883 eo
580 2831 639 2883 tam
656 2840 760 2899 aspero
779 2826 899 2899 negotio
919 2825 1031 2887 blarius
1046 2832 1091 2885 ter·

5 2978 7 2987 Ι
121 2909 193 2967 ritus
216 2916 264 2966 aut
286 2909 377 2983 magis
400 2924 486 2985 quarn
509 2913 592 2967 antea
608 2907 733 2967 demisso
755 2909 851 2967 animo
874 2909 947 2978 fuit,
972 2918 1019 2972 set
1040 2922 1090 2970 rou

9 2996 12 3001 '
120 3002 216 3050 turma
234 3008 295 3059 sua,
314 3008 401 3069 quam
417 3011 451 3051 er
463 2991 637 3051 fortissumis
650 2992 743 3066 magis
755 3009 843 3068 quam
861 2992 1092 3055 familiarissumis

5 3011 15 3154 b
120 3082 286 3153 paraverat,
304 3076 401 3152 vagari
417 3077 524 3152 passim
539 3094 573 3135 ac
590 3075 677 3135 modo
688 3073 893 3136 laborantibus
907 3076 970 3138 sinis
987 3080 1112 3139 succurit

119 3178 201 3228 rere,
219 3159 306 3218 modo
321 3159 426 3227 hostis,
446 3159 498 3218 ubi
512 3159 726 3231 confertissumi
743 3158 937 3230 obsteterant,
953 3162 1092 3223 invadere:

120 3262 208 3304 mann
231 3242 383 3303 consulere
407 3242 561 3311 militibus,
588 3245 724 3321 quoniam
753 3244 893 3320 inperare
924 3244 1093 3307 conturbatis
1134 3253 1136 3306 ὲ

94 3327 256 3388 nomnibus
271 3344 330 3385 non
345 3332 468 3404 poterat.
503 3327 622 3404 lamque
646 3327 707 3387 dies
724 3335 919 3406 consumptus
935 3337 1017 3401 erat,
1040 3342 1094 3390 cun
1134 3317 1136 3380 l

119 3420 215 3472 tamen
229 3409 348 3470 barbari
359 3410 430 3470 nihil
442 3412 590 3471 remittere
608 3417 710 3489 atque,
722 3412 764 3470 nti
777 3428 863 3487 reges
878 3416 1094 3492 praeceperant.

94 3502 235 3556 3noctem
254 3511 308 3573 pro
330 3495 434 3554 serati
456 3496 551 3555 acrius
570 3496 687 3554 instare.
732 3493 808 3555 Tum
828 3496 942 3559 blarius
964 3518 1002 3559 ex
1024 3496 1094 3577 copia

119 3598 219 3639 rerum
242 3577 392 3639 consilium
409 3578 498 3638 trahit
513 3586 608 3657 atque,
628 3579 670 3638 uti
691 3579 751 3638 suis
765 3583 900 3658 receptui
919 3581 1007 3645 locus
1021 3584 1095 3649 emal,

121 3661 200 3721 collis
223 3664 296 3722 duos
317 3663 497 3739 propinquos
518 3663 593 3722 inter
613 3680 645 3722 se
664 3670 805 3740 occupat,
830 3681 963 3743 quorum
986 3668 1017 3728 in
1035 3678 1089 3728 omn

119 3747 222 3808 castris
242 3762 346 3828 parurn
369 3745 480 3825 amplo,
503 3747 567 3805 fons
585 3763 678 3824 aquae
699 3762 824 3824 magnus
845 3756 931 3823 erat,
955 3748 1031 3815 alter
1048 3762 1085 3811 n!
