<?xml version="1.0" encoding="UTF-8"?>
<!DOCTYPE html PUBLIC "-//W3C//DTD XHTML 1.0 Transitional//EN"
    "http://www.w3.org/TR/xhtml1/DTD/xhtml1-transitional.dtd">
<html xmlns="http://www.w3.org/1999/xhtml" xml:lang="en" lang="en">
 <head>
  <title>
</title>
<meta http-equiv="Content-Type" content="text/html;charset=utf-8" />
  <meta name='ocr-system' content='tesseract 3.04.00' />
  <meta name='ocr-capabilities' content='ocr_page ocr_carea ocr_par ocr_line ocrx_word'/>
</head>
<body>
  <div class='ocr_page' id='page_1' title='image "./commentarii00caesgoog_0064.png"; bbox 0 0 2272 4176; ppageno 0'>
   <div class='ocr_carea' id='block_1_1' title="bbox 471 175 1047 242">
    <p class='ocr_par' dir='ltr' id='par_1_1' title="bbox 471 175 1047 242">
     <span class='ocr_line' id='line_1_1' title="bbox 471 175 1047 242; baseline 0.012 -8"><span class='ocrx_word' id='word_1_1' title='bbox 471 175 587 237; x_wconf 82' lang='lat' dir='ltr'>LIBER</span> <span class='ocrx_word' id='word_1_2' title='bbox 606 176 656 236; x_wconf 92' lang='lat' dir='ltr'>III.</span> <span class='ocrx_word' id='word_1_3' title='bbox 1007 179 1047 242; x_wconf 79' lang='lat'>51</span> 
     </span>
    </p>
   </div>
   <div class='ocr_carea' id='block_1_2' title="bbox 47 326 1129 3596">
    <p class='ocr_par' dir='ltr' id='par_1_2' title="bbox 87 326 1048 1081">
     <span class='ocr_line' id='line_1_2' title="bbox 88 326 1048 406; baseline 0 -15"><span class='ocrx_word' id='word_1_4' title='bbox 88 328 152 391; x_wconf 88' lang='lat' dir='ltr'>mari</span> <span class='ocrx_word' id='word_1_5' title='bbox 172 344 287 406; x_wconf 80' lang='lat' dir='ltr'>aggere</span> <span class='ocrx_word' id='word_1_6' title='bbox 301 344 339 389; x_wconf 88' lang='lat' dir='ltr'>ac</span> <span class='ocrx_word' id='word_1_7' title='bbox 352 327 481 389; x_wconf 89' lang='lat' dir='ltr'>molibus</span> <span class='ocrx_word' id='word_1_8' title='bbox 504 334 596 404; x_wconf 90' lang='lat' dir='ltr'>atque</span> <span class='ocrx_word' id='word_1_9' title='bbox 616 326 663 389; x_wconf 87' lang='lat' dir='ltr'>his</span> <span class='ocrx_word' id='word_1_10' title='bbox 686 329 790 404; x_wconf 84' lang='lat' dir='ltr'>oppidi</span> <span class='ocrx_word' id='word_1_11' title='bbox 813 332 972 393; x_wconf 89' lang='lat' dir='ltr'>moenibus</span> <span class='ocrx_word' id='word_1_12' title='bbox 996 331 1048 391; x_wconf 86' lang='lat' dir='ltr'>ad-</span> 
     </span>
     <span class='ocr_line' id='line_1_3' title="bbox 88 412 1047 492; baseline -0.002 -15"><span class='ocrx_word' id='word_1_13' title='bbox 88 416 225 492; x_wconf 88' lang='lat' dir='ltr'>aequatis,</span> <span class='ocrx_word' id='word_1_14' title='bbox 248 412 316 475; x_wconf 91' lang='lat' dir='ltr'>suis</span> <span class='ocrx_word' id='word_1_15' title='bbox 333 413 461 474; x_wconf 77' lang='lat' dir='ltr'>fortunis</span> <span class='ocrx_word' id='word_1_16' title='bbox 478 414 645 487; x_wconf 88' lang='lat' dir='ltr'>desperare</span> <span class='ocrx_word' id='word_1_17' title='bbox 660 421 842 489; x_wconf 83' lang='lat' dir='ltr'>coeperant,</span> <span class='ocrx_word' id='word_1_18' title='bbox 865 432 976 490; x_wconf 81' lang='lat' dir='ltr'>magno</span> <span class='ocrx_word' id='word_1_19' title='bbox 993 433 1047 475; x_wconf 93' lang='lat' dir='ltr'>nu-</span> 
     </span>
     <span class='ocr_line' id='line_1_4' title="bbox 88 496 1048 573; baseline -0.001 -14"><span class='ocrx_word' id='word_1_20' title='bbox 88 516 160 561; x_wconf 91' lang='lat' dir='ltr'>mero</span> <span class='ocrx_word' id='word_1_21' title='bbox 174 498 300 559; x_wconf 88' lang='lat' dir='ltr'>navium</span> <span class='ocrx_word' id='word_1_22' title='bbox 315 499 456 573; x_wconf 88' lang='lat' dir='ltr'>adpulso,</span> <span class='ocrx_word' id='word_1_23' title='bbox 480 496 567 557; x_wconf 90' lang='lat' dir='ltr'>cuius</span> <span class='ocrx_word' id='word_1_24' title='bbox 582 497 626 556; x_wconf 90' lang='lat' dir='ltr'>rei</span> <span class='ocrx_word' id='word_1_25' title='bbox 642 513 792 557; x_wconf 89' lang='lat' dir='ltr'>summam</span> <span class='ocrx_word' id='word_1_26' title='bbox 808 501 981 560; x_wconf 76' lang='lat' dir='ltr'>facultatem</span> <span class='ocrx_word' id='word_1_27' title='bbox 995 499 1048 559; x_wconf 87' lang='lat' dir='ltr'>lra-</span> 
     </span>
     <span class='ocr_line' id='line_1_5' title="bbox 87 581 1047 659; baseline -0.002 -15"><span class='ocrx_word' id='word_1_28' title='bbox 87 584 196 659; x_wconf 87' lang='lat' dir='ltr'>bebant,</span> <span class='ocrx_word' id='word_1_29' title='bbox 212 600 272 644; x_wconf 90' lang='lat' dir='ltr'>sua</span> <span class='ocrx_word' id='word_1_30' title='bbox 286 582 492 657; x_wconf 79' lang='lat' dir='ltr'>deportabant</span> <span class='ocrx_word' id='word_1_31' title='bbox 505 581 607 642; x_wconf 90' lang='lat' dir='ltr'>onmia</span> <span class='ocrx_word' id='word_1_32' title='bbox 621 597 718 658; x_wconf 84' lang='lat' dir='ltr'>seque</span> <span class='ocrx_word' id='word_1_33' title='bbox 732 584 762 642; x_wconf 95' lang='lat' dir='ltr'>in</span> <span class='ocrx_word' id='word_1_34' title='bbox 778 584 918 657; x_wconf 88' lang='lat' dir='ltr'>proxima</span> <span class='ocrx_word' id='word_1_35' title='bbox 933 583 1047 659; x_wconf 89' lang='lat' dir='ltr'>oppida</span> 
     </span>
     <span class='ocr_line' id='line_1_6' title="bbox 87 665 1047 744; baseline -0.002 -17"><span class='ocrx_word' id='word_1_36' title='bbox 87 669 280 744; x_wconf 82' lang='lat' dir='ltr'>recipiebant:</span> <span class='ocrx_word' id='word_1_37' title='bbox 310 666 351 727; x_wconf 93' lang='lat' dir='ltr'>ibi</span> <span class='ocrx_word' id='word_1_38' title='bbox 369 682 407 727; x_wconf 90' lang='lat' dir='ltr'>se</span> <span class='ocrx_word' id='word_1_39' title='bbox 427 682 536 726; x_wconf 89' lang='lat' dir='ltr'>rursus</span> <span class='ocrx_word' id='word_1_40' title='bbox 563 665 663 725; x_wconf 87' lang='lat' dir='ltr'>isdem</span> <span class='ocrx_word' id='word_1_41' title='bbox 691 669 968 741; x_wconf 88' lang='lat' dir='ltr'>opportunitatibus</span> <span class='ocrx_word' id='word_1_42' title='bbox 990 668 1047 727; x_wconf 93' lang='lat' dir='ltr'>loci</span> 
     </span>
     <span class='ocr_line' id='line_1_7' title="bbox 89 749 1048 826; baseline -0.002 -14"><span class='ocrx_word' id='word_1_43' title='bbox 89 753 291 813; x_wconf 73' lang='lat' dir='ltr'>defendebant.</span> <span class='ocrx_word' id='word_1_44' title='bbox 320 752 405 811; x_wconf 88' lang='lat' dir='ltr'>Haec</span> <span class='ocrx_word' id='word_1_45' title='bbox 426 765 463 811; x_wconf 90' lang='lat' dir='ltr'>eo</span> <span class='ocrx_word' id='word_1_46' title='bbox 485 749 605 810; x_wconf 84' lang='lat' dir='ltr'>facilius</span> <span class='ocrx_word' id='word_1_47' title='bbox 626 766 768 825; x_wconf 86' lang='lat' dir='ltr'>magnam</span> <span class='ocrx_word' id='word_1_48' title='bbox 784 759 901 826; x_wconf 89' lang='lat' dir='ltr'>partem</span> <span class='ocrx_word' id='word_1_49' title='bbox 923 751 1048 812; x_wconf 87' lang='lat' dir='ltr'>aestatis</span> 
     </span>
     <span class='ocr_line' id='line_1_8' title="bbox 87 835 1047 912; baseline -0.001 -17"><span class='ocrx_word' id='word_1_50' title='bbox 87 837 234 911; x_wconf 84' lang='lat' dir='ltr'>iaciebant,</span> <span class='ocrx_word' id='word_1_51' title='bbox 249 835 333 912; x_wconf 89' lang='lat' dir='ltr'>quod</span> <span class='ocrx_word' id='word_1_52' title='bbox 345 841 469 896; x_wconf 88' lang='lat' dir='ltr'>nostrae</span> <span class='ocrx_word' id='word_1_53' title='bbox 481 850 576 894; x_wconf 90' lang='lat' dir='ltr'>naves</span> <span class='ocrx_word' id='word_1_54' title='bbox 586 836 818 909; x_wconf 84' lang='lat' dir='ltr'>tempestatibus</span> <span class='ocrx_word' id='word_1_55' title='bbox 828 837 1047 907; x_wconf 84' lang='lat' dir='ltr'>detinebantur,</span> 
     </span>
     <span class='ocr_line' id='line_1_9' title="bbox 87 920 1047 997; baseline -0.002 -16"><span class='ocrx_word' id='word_1_56' title='bbox 87 936 256 997; x_wconf 83' lang='lat' dir='ltr'>summaque</span> <span class='ocrx_word' id='word_1_57' title='bbox 275 925 443 980; x_wconf 89' lang='lat' dir='ltr'>eratvasto</span> <span class='ocrx_word' id='word_1_58' title='bbox 465 925 557 994; x_wconf 87' lang='lat' dir='ltr'>atque</span> <span class='ocrx_word' id='word_1_59' title='bbox 578 926 685 992; x_wconf 87' lang='lat' dir='ltr'>aperto</span> <span class='ocrx_word' id='word_1_60' title='bbox 709 920 799 995; x_wconf 91' lang='lat' dir='ltr'>mari,</span> <span class='ocrx_word' id='word_1_61' title='bbox 822 921 941 995; x_wconf 83' lang='lat' dir='ltr'>magnis</span> <span class='ocrx_word' id='word_1_62' title='bbox 958 921 1047 979; x_wconf 89' lang='lat' dir='ltr'>aesti-</span> 
     </span>
     <span class='ocr_line' id='line_1_10' title="bbox 88 1003 1048 1081; baseline -0.005 -15"><span class='ocrx_word' id='word_1_63' title='bbox 88 1006 144 1081; x_wconf 86' lang='lat' dir='ltr'>bus,</span> <span class='ocrx_word' id='word_1_64' title='bbox 163 1006 243 1065; x_wconf 87' lang='lat' dir='ltr'>raris</span> <span class='ocrx_word' id='word_1_65' title='bbox 258 1021 295 1064; x_wconf 89' lang='lat' dir='ltr'>ac</span> <span class='ocrx_word' id='word_1_66' title='bbox 309 1019 410 1079; x_wconf 89' lang='lat' dir='ltr'>prope</span> <span class='ocrx_word' id='word_1_67' title='bbox 424 1003 514 1063; x_wconf 90' lang='lat' dir='ltr'>nullis</span> <span class='ocrx_word' id='word_1_68' title='bbox 529 1003 679 1078; x_wconf 91' lang='lat' dir='ltr'>portibus,</span> <span class='ocrx_word' id='word_1_69' title='bbox 695 1004 858 1064; x_wconf 81' lang='lat' dir='ltr'>difficultas</span> <span class='ocrx_word' id='word_1_70' title='bbox 874 1004 1048 1079; x_wconf 82' lang='lat' dir='ltr'>navigandi.</span> 
     </span>
    </p>

    <p class='ocr_par' dir='ltr' id='par_1_3' title="bbox 47 1088 1053 3259">
     <span class='ocr_line' id='line_1_11' title="bbox 157 1088 1048 1163; baseline -0.002 -14"><span class='ocrx_word' id='word_1_71' title='bbox 157 1090 236 1150; x_wconf 91' lang='lat' dir='ltr'>Xlll.</span> <span class='ocrx_word' id='word_1_72' title='bbox 258 1089 396 1161; x_wconf 82' lang='lat' dir='ltr'>Nataque</span> <span class='ocrx_word' id='word_1_73' title='bbox 409 1088 547 1163; x_wconf 84' lang='lat' dir='ltr'>ipsorum</span> <span class='ocrx_word' id='word_1_74' title='bbox 561 1092 656 1147; x_wconf 75' lang='lat' dir='ltr'>naves</span> <span class='ocrx_word' id='word_1_75' title='bbox 668 1089 706 1147; x_wconf 91' lang='lat' dir='ltr'>ad</span> <span class='ocrx_word' id='word_1_76' title='bbox 720 1089 801 1148; x_wconf 89' lang='lat' dir='ltr'>bunc</span> <span class='ocrx_word' id='word_1_77' title='bbox 814 1090 936 1149; x_wconf 90' lang='lat' dir='ltr'>modum</span> <span class='ocrx_word' id='word_1_78' title='bbox 950 1090 1048 1148; x_wconf 88' lang='lat' dir='ltr'>laetae</span> 
     </span>
     <span class='ocr_line' id='line_1_12' title="bbox 86 1172 1047 1250; baseline -0.002 -17"><span class='ocrx_word' id='word_1_79' title='bbox 86 1181 273 1250; x_wconf 80' lang='lat' dir='ltr'>armataeque</span> <span class='ocrx_word' id='word_1_80' title='bbox 288 1180 390 1233; x_wconf 74' lang='lat' dir='ltr'>erant:</span> <span class='ocrx_word' id='word_1_81' title='bbox 407 1172 529 1233; x_wconf 87' lang='lat' dir='ltr'>carinae</span> <span class='ocrx_word' id='word_1_82' title='bbox 544 1172 699 1247; x_wconf 85' lang='lat' dir='ltr'>aliquanto</span> <span class='ocrx_word' id='word_1_83' title='bbox 719 1173 873 1246; x_wconf 87' lang='lat' dir='ltr'>planiores</span> <span class='ocrx_word' id='word_1_84' title='bbox 889 1191 980 1249; x_wconf 88' lang='lat' dir='ltr'>quam</span> <span class='ocrx_word' id='word_1_85' title='bbox 993 1189 1047 1232; x_wconf 93' lang='lat' dir='ltr'>no-</span> 
     </span>
     <span class='ocr_line' id='line_1_13' title="bbox 86 1255 1048 1332; baseline -0.002 -15"><span class='ocrx_word' id='word_1_86' title='bbox 86 1266 205 1319; x_wconf 85' lang='lat' dir='ltr'>strarum</span> <span class='ocrx_word' id='word_1_87' title='bbox 224 1256 364 1331; x_wconf 87' lang='lat' dir='ltr'>navium,</span> <span class='ocrx_word' id='word_1_88' title='bbox 388 1270 449 1332; x_wconf 91' lang='lat' dir='ltr'>quo</span> <span class='ocrx_word' id='word_1_89' title='bbox 465 1255 585 1316; x_wconf 78' lang='lat' dir='ltr'>facilius</span> <span class='ocrx_word' id='word_1_90' title='bbox 608 1256 687 1315; x_wconf 89' lang='lat' dir='ltr'>vada</span> <span class='ocrx_word' id='word_1_91' title='bbox 702 1272 738 1315; x_wconf 92' lang='lat' dir='ltr'>ac</span> <span class='ocrx_word' id='word_1_92' title='bbox 760 1257 922 1317; x_wconf 85' lang='lat' dir='ltr'>decessum</span> <span class='ocrx_word' id='word_1_93' title='bbox 945 1266 1048 1317; x_wconf 89' lang='lat' dir='ltr'>aestus</span> 
     </span>
     <span class='ocr_line' id='line_1_14' title="bbox 86 1340 1047 1418; baseline -0.004 -16"><span class='ocrx_word' id='word_1_94' title='bbox 86 1342 221 1418; x_wconf 86' lang='lat' dir='ltr'>excipere</span> <span class='ocrx_word' id='word_1_95' title='bbox 241 1349 389 1417; x_wconf 85' lang='lat' dir='ltr'>possent;</span> <span class='ocrx_word' id='word_1_96' title='bbox 411 1355 523 1414; x_wconf 90' lang='lat' dir='ltr'>prorae</span> <span class='ocrx_word' id='word_1_97' title='bbox 545 1340 710 1400; x_wconf 89' lang='lat' dir='ltr'>admodum</span> <span class='ocrx_word' id='word_1_98' title='bbox 731 1346 850 1401; x_wconf 87' lang='lat' dir='ltr'>erectae</span> <span class='ocrx_word' id='word_1_99' title='bbox 866 1349 958 1417; x_wconf 89' lang='lat' dir='ltr'>atque</span> <span class='ocrx_word' id='word_1_100' title='bbox 979 1343 1047 1401; x_wconf 88' lang='lat' dir='ltr'>item</span> 
     </span>
     <span class='ocr_line' id='line_1_15' title="bbox 47 1424 1042 1502; baseline -0.003 -15"><span class='ocrx_word' id='word_1_101' title='bbox 47 1432 50 1437; x_wconf 87' lang='lat'>&#39;</span> <span class='ocrx_word' id='word_1_102' title='bbox 85 1443 198 1502; x_wconf 90' lang='lat' dir='ltr'>puppes</span> <span class='ocrx_word' id='word_1_103' title='bbox 220 1427 262 1487; x_wconf 88' lang='lat' dir='ltr'>ad</span> <span class='ocrx_word' id='word_1_104' title='bbox 280 1425 519 1500; x_wconf 80' lang='lat' dir='ltr'>magnitudinem</span> <span class='ocrx_word' id='word_1_105' title='bbox 536 1424 683 1485; x_wconf 90' lang='lat' dir='ltr'>lluctuum</span> <span class='ocrx_word' id='word_1_106' title='bbox 705 1432 981 1501; x_wconf 86' lang='lat' dir='ltr'>tempestatumque</span> <span class='ocrx_word' id='word_1_107' title='bbox 996 1426 1042 1484; x_wconf 88' lang='lat' dir='ltr'>ad-</span> 
     </span>
     <span class='ocr_line' id='line_1_16' title="bbox 85 1509 1048 1585; baseline -0.006 -13"><span class='ocrx_word' id='word_1_108' title='bbox 85 1511 304 1579; x_wconf 75' lang='lat' dir='ltr'>commodatacr</span> <span class='ocrx_word' id='word_1_109' title='bbox 326 1524 422 1569; x_wconf 89' lang='lat' dir='ltr'>naves</span> <span class='ocrx_word' id='word_1_110' title='bbox 443 1515 526 1570; x_wconf 86' lang='lat' dir='ltr'>totae</span> <span class='ocrx_word' id='word_1_111' title='bbox 548 1509 647 1568; x_wconf 84' lang='lat' dir='ltr'>iactae</span> <span class='ocrx_word' id='word_1_112' title='bbox 663 1525 701 1567; x_wconf 86' lang='lat' dir='ltr'>cx</span> <span class='ocrx_word' id='word_1_113' title='bbox 722 1509 834 1568; x_wconf 86' lang='lat' dir='ltr'>robore</span> <span class='ocrx_word' id='word_1_114' title='bbox 849 1511 888 1570; x_wconf 88' lang='lat' dir='ltr'>ad</span> <span class='ocrx_word' id='word_1_115' title='bbox 911 1510 1048 1585; x_wconf 82' lang='lat' dir='ltr'>quamvis</span> 
     </span>
     <span class='ocr_line' id='line_1_17' title="bbox 84 1593 1049 1669; baseline -0.005 -13"><span class='ocrx_word' id='word_1_116' title='bbox 84 1596 134 1655; x_wconf 78' lang='lat' dir='ltr'>tim</span> <span class='ocrx_word' id='word_1_117' title='bbox 148 1601 179 1656; x_wconf 88' lang='lat' dir='ltr'>et</span> <span class='ocrx_word' id='word_1_118' title='bbox 200 1594 415 1656; x_wconf 90' lang='lat' dir='ltr'>contumeliam</span> <span class='ocrx_word' id='word_1_119' title='bbox 435 1593 666 1669; x_wconf 64' lang='lat' dir='ltr'>perferendam</span> <span class='ocrx_word' id='word_1_120' title='bbox 688 1599 822 1652; x_wconf 87' lang='lat' dir='ltr'>transtra</span> <span class='ocrx_word' id='word_1_121' title='bbox 843 1594 1004 1667; x_wconf 88' lang='lat' dir='ltr'>pedalibus</span> <span class='ocrx_word' id='word_1_122' title='bbox 1020 1595 1049 1652; x_wconf 90' lang='lat' dir='ltr'>in</span> 
     </span>
     <span class='ocr_line' id='line_1_18' title="bbox 84 1676 1047 1753; baseline -0.003 -14"><span class='ocrx_word' id='word_1_123' title='bbox 84 1680 264 1741; x_wconf 83' lang='lat' dir='ltr'>altitudinem</span> <span class='ocrx_word' id='word_1_124' title='bbox 284 1678 423 1739; x_wconf 85' lang='lat' dir='ltr'>trabibus</span> <span class='ocrx_word' id='word_1_125' title='bbox 440 1676 563 1737; x_wconf 88' lang='lat' dir='ltr'>confixa</span> <span class='ocrx_word' id='word_1_126' title='bbox 579 1677 674 1737; x_wconf 88' lang='lat' dir='ltr'>clavis</span> <span class='ocrx_word' id='word_1_127' title='bbox 690 1677 797 1736; x_wconf 83' lang='lat' dir='ltr'>terreis</span> <span class='ocrx_word' id='word_1_128' title='bbox 820 1678 904 1752; x_wconf 79' lang='lat' dir='ltr'>digiti</span> <span class='ocrx_word' id='word_1_129' title='bbox 927 1678 1047 1753; x_wconf 91' lang='lat' dir='ltr'>pollicis</span> 
     </span>
     <span class='ocr_line' id='line_1_19' title="bbox 48 1751 1049 1836; baseline -0.005 -11"><span class='ocrx_word' id='word_1_130' title='bbox 48 1762 52 1769; x_wconf 88' lang='lat'>&#39;</span> <span class='ocrx_word' id='word_1_131' title='bbox 84 1764 298 1833; x_wconf 77' lang='lat' dir='ltr'>crassitudin03</span> <span class='ocrx_word' id='word_1_132' title='bbox 320 1777 453 1823; x_wconf 86' lang='lat' dir='ltr'>ancorae</span> <span class='ocrx_word' id='word_1_133' title='bbox 467 1777 524 1836; x_wconf 95' lang='lat' dir='ltr'>pro</span> <span class='ocrx_word' id='word_1_134' title='bbox 541 1751 664 1821; x_wconf 67' lang='lat' dir='ltr'>lfflribus</span> <span class='ocrx_word' id='word_1_135' title='bbox 686 1761 794 1820; x_wconf 80' lang='lat' dir='ltr'>terreis</span> <span class='ocrx_word' id='word_1_136' title='bbox 812 1762 927 1821; x_wconf 88' lang='lat' dir='ltr'>catenis</span> <span class='ocrx_word' id='word_1_137' title='bbox 949 1763 1049 1821; x_wconf 83' lang='lat' dir='ltr'>revin-</span> 
     </span>
     <span class='ocr_line' id='line_1_20' title="bbox 84 1845 1051 1923; baseline -0.005 -14"><span class='ocrx_word' id='word_1_138' title='bbox 84 1855 156 1919; x_wconf 72' lang='lat' dir='ltr'>ctae,</span> <span class='ocrx_word' id='word_1_139' title='bbox 168 1849 269 1923; x_wconf 91' lang='lat' dir='ltr'>pelles</span> <span class='ocrx_word' id='word_1_140' title='bbox 278 1863 335 1922; x_wconf 89' lang='lat' dir='ltr'>pro</span> <span class='ocrx_word' id='word_1_141' title='bbox 347 1846 424 1905; x_wconf 86' lang='lat' dir='ltr'>velis</span> <span class='ocrx_word' id='word_1_142' title='bbox 432 1847 594 1921; x_wconf 85' lang='lat' dir='ltr'>alutaeque</span> <span class='ocrx_word' id='word_1_143' title='bbox 602 1845 731 1905; x_wconf 90' lang='lat' dir='ltr'>tenuiter</span> <span class='ocrx_word' id='word_1_144' title='bbox 739 1845 905 1919; x_wconf 86' lang='lat' dir='ltr'>conlectae,</span> <span class='ocrx_word' id='word_1_145' title='bbox 918 1846 976 1904; x_wconf 87' lang='lat' dir='ltr'>bae</span> <span class='ocrx_word' id='word_1_146' title='bbox 985 1846 1051 1905; x_wconf 80' lang='lat' dir='ltr'>siro</span> 
     </span>
     <span class='ocr_line' id='line_1_21' title="bbox 85 1929 1050 2010; baseline -0.002 -18"><span class='ocrx_word' id='word_1_147' title='bbox 85 1940 202 2010; x_wconf 90' lang='lat' dir='ltr'>propter</span> <span class='ocrx_word' id='word_1_148' title='bbox 214 1931 268 1992; x_wconf 93' lang='lat' dir='ltr'>lini</span> <span class='ocrx_word' id='word_1_149' title='bbox 281 1930 418 2004; x_wconf 89' lang='lat' dir='ltr'>inopiam</span> <span class='ocrx_word' id='word_1_150' title='bbox 432 1936 524 2006; x_wconf 89' lang='lat' dir='ltr'>atque</span> <span class='ocrx_word' id='word_1_151' title='bbox 536 1931 602 1990; x_wconf 91' lang='lat' dir='ltr'>eius</span> <span class='ocrx_word' id='word_1_152' title='bbox 615 1946 692 1990; x_wconf 94' lang='lat' dir='ltr'>usus</span> <span class='ocrx_word' id='word_1_153' title='bbox 708 1929 906 2003; x_wconf 89' lang='lat' dir='ltr'>inscientiam,</span> <span class='ocrx_word' id='word_1_154' title='bbox 922 1930 988 1990; x_wconf 88' lang='lat' dir='ltr'>sive</span> <span class='ocrx_word' id='word_1_155' title='bbox 1003 1946 1050 2003; x_wconf 91' lang='lat' dir='ltr'>eo,</span> 
     </span>
     <span class='ocr_line' id='line_1_22' title="bbox 86 2014 1049 2092; baseline -0.006 -14"><span class='ocrx_word' id='word_1_156' title='bbox 86 2019 158 2092; x_wconf 89' lang='lat' dir='ltr'>quod</span> <span class='ocrx_word' id='word_1_157' title='bbox 169 2023 219 2077; x_wconf 91' lang='lat' dir='ltr'>est</span> <span class='ocrx_word' id='word_1_158' title='bbox 229 2015 328 2090; x_wconf 81' lang='lat' dir='ltr'>magis</span> <span class='ocrx_word' id='word_1_159' title='bbox 340 2014 512 2088; x_wconf 87' lang='lat' dir='ltr'>verisimile,</span> <span class='ocrx_word' id='word_1_160' title='bbox 526 2015 608 2090; x_wconf 88' lang='lat' dir='ltr'>quod</span> <span class='ocrx_word' id='word_1_161' title='bbox 621 2021 720 2074; x_wconf 89' lang='lat' dir='ltr'>tantas</span> <span class='ocrx_word' id='word_1_162' title='bbox 731 2020 930 2088; x_wconf 87' lang='lat' dir='ltr'>tempestates</span> <span class='ocrx_word' id='word_1_163' title='bbox 940 2014 1049 2074; x_wconf 89' lang='lat' dir='ltr'>Oceani</span> 
     </span>
     <span class='ocr_line' id='line_1_23' title="bbox 84 2099 1051 2177; baseline -0.005 -15"><span class='ocrx_word' id='word_1_164' title='bbox 84 2109 241 2177; x_wconf 80' lang='lat' dir='ltr'>tentosque</span> <span class='ocrx_word' id='word_1_165' title='bbox 256 2100 389 2175; x_wconf 89' lang='lat' dir='ltr'>impetus</span> <span class='ocrx_word' id='word_1_166' title='bbox 404 2105 566 2159; x_wconf 89' lang='lat' dir='ltr'>ventormn</span> <span class='ocrx_word' id='word_1_167' title='bbox 580 2099 722 2158; x_wconf 90' lang='lat' dir='ltr'>sustineri</span> <span class='ocrx_word' id='word_1_168' title='bbox 740 2114 776 2157; x_wconf 90' lang='lat' dir='ltr'>ac</span> <span class='ocrx_word' id='word_1_169' title='bbox 791 2105 874 2158; x_wconf 88' lang='lat' dir='ltr'>tanta</span> <span class='ocrx_word' id='word_1_170' title='bbox 889 2115 984 2167; x_wconf 87' lang='lat' dir='ltr'>onera</span> <span class='ocrx_word' id='word_1_171' title='bbox 998 2115 1051 2158; x_wconf 87' lang='lat' dir='ltr'>no-</span> 
     </span>
     <span class='ocr_line' id='line_1_24' title="bbox 83 2183 1050 2261; baseline -0.006 -16"><span class='ocrx_word' id='word_1_172' title='bbox 83 2184 155 2246; x_wconf 80' lang='lat' dir='ltr'>nium</span> <span class='ocrx_word' id='word_1_173' title='bbox 168 2185 234 2261; x_wconf 80' lang='lat' dir='ltr'>regi</span> <span class='ocrx_word' id='word_1_174' title='bbox 252 2185 328 2243; x_wconf 88' lang='lat' dir='ltr'>velis</span> <span class='ocrx_word' id='word_1_175' title='bbox 344 2198 406 2243; x_wconf 93' lang='lat' dir='ltr'>non</span> <span class='ocrx_word' id='word_1_176' title='bbox 427 2183 686 2245; x_wconf 84' lang='lat' dir='ltr'>satiscommode</span> <span class='ocrx_word' id='word_1_177' title='bbox 701 2197 797 2256; x_wconf 90' lang='lat' dir='ltr'>posse</span> <span class='ocrx_word' id='word_1_178' title='bbox 818 2183 1050 2242; x_wconf 87' lang='lat' dir='ltr'>arbitrabantur.</span> 
     </span>
     <span class='ocr_line' id='line_1_25' title="bbox 83 2267 1051 2341; baseline -0.006 -10"><span class='ocrx_word' id='word_1_179' title='bbox 83 2269 148 2331; x_wconf 82' lang='lat' dir='ltr'>curn</span> <span class='ocrx_word' id='word_1_180' title='bbox 159 2269 209 2330; x_wconf 92' lang='lat' dir='ltr'>his</span> <span class='ocrx_word' id='word_1_181' title='bbox 222 2267 355 2328; x_wconf 88' lang='lat' dir='ltr'>navibus</span> <span class='ocrx_word' id='word_1_182' title='bbox 366 2273 491 2326; x_wconf 90' lang='lat' dir='ltr'>nostrae</span> <span class='ocrx_word' id='word_1_183' title='bbox 504 2268 596 2327; x_wconf 88' lang='lat' dir='ltr'>classi</span> <span class='ocrx_word' id='word_1_184' title='bbox 612 2267 762 2326; x_wconf 90' lang='lat' dir='ltr'>eiusmodi</span> <span class='ocrx_word' id='word_1_185' title='bbox 776 2281 963 2341; x_wconf 83' lang='lat' dir='ltr'>congressus</span> <span class='ocrx_word' id='word_1_186' title='bbox 979 2275 1051 2341; x_wconf 88' lang='lat' dir='ltr'>erat,</span> 
     </span>
     <span class='ocr_line' id='line_1_26' title="bbox 82 2351 1052 2426; baseline -0.004 -12"><span class='ocrx_word' id='word_1_187' title='bbox 82 2361 109 2414; x_wconf 86' lang='lat' dir='ltr'>et</span> <span class='ocrx_word' id='word_1_188' title='bbox 126 2370 188 2415; x_wconf 87' lang='lat' dir='ltr'>una</span> <span class='ocrx_word' id='word_1_189' title='bbox 209 2351 366 2413; x_wconf 90' lang='lat' dir='ltr'>eeleritate</span> <span class='ocrx_word' id='word_1_190' title='bbox 387 2357 417 2411; x_wconf 88' lang='lat' dir='ltr'>et</span> <span class='ocrx_word' id='word_1_191' title='bbox 438 2352 530 2425; x_wconf 90' lang='lat' dir='ltr'>pulsu</span> <span class='ocrx_word' id='word_1_192' title='bbox 551 2367 705 2411; x_wconf 89' lang='lat' dir='ltr'>remorum</span> <span class='ocrx_word' id='word_1_193' title='bbox 726 2357 911 2426; x_wconf 87' lang='lat' dir='ltr'>praestaret,</span> <span class='ocrx_word' id='word_1_194' title='bbox 933 2352 1052 2426; x_wconf 89' lang='lat' dir='ltr'>reliqua</span> 
     </span>
     <span class='ocr_line' id='line_1_27' title="bbox 83 2434 1051 2512; baseline -0.004 -14"><span class='ocrx_word' id='word_1_195' title='bbox 83 2455 131 2512; x_wconf 87' lang='lat' dir='ltr'>pro</span> <span class='ocrx_word' id='word_1_196' title='bbox 153 2437 213 2499; x_wconf 88' lang='lat' dir='ltr'>loci</span> <span class='ocrx_word' id='word_1_197' title='bbox 230 2442 355 2508; x_wconf 90' lang='lat' dir='ltr'>natura,</span> <span class='ocrx_word' id='word_1_198' title='bbox 378 2451 435 2509; x_wconf 88' lang='lat' dir='ltr'>pro</span> <span class='ocrx_word' id='word_1_199' title='bbox 450 2436 480 2493; x_wconf 90' lang='lat' dir='ltr'>vi</span> <span class='ocrx_word' id='word_1_200' title='bbox 496 2442 709 2510; x_wconf 89' lang='lat' dir='ltr'>tempestatum</span> <span class='ocrx_word' id='word_1_201' title='bbox 733 2434 791 2495; x_wconf 93' lang='lat' dir='ltr'>illis</span> <span class='ocrx_word' id='word_1_202' title='bbox 813 2444 919 2496; x_wconf 89' lang='lat' dir='ltr'>essent</span> <span class='ocrx_word' id='word_1_203' title='bbox 933 2436 1051 2510; x_wconf 89' lang='lat' dir='ltr'>aptiora</span> 
     </span>
     <span class='ocr_line' id='line_1_28' title="bbox 81 2519 1049 2594; baseline -0.005 -11"><span class='ocrx_word' id='word_1_204' title='bbox 81 2531 107 2583; x_wconf 88' lang='lat' dir='ltr'>et</span> <span class='ocrx_word' id='word_1_205' title='bbox 119 2519 408 2583; x_wconf 88' lang='lat' dir='ltr'>accommodatiora.</span> <span class='ocrx_word' id='word_1_206' title='bbox 438 2519 545 2594; x_wconf 91' lang='lat' dir='ltr'>Neque</span> <span class='ocrx_word' id='word_1_207' title='bbox 567 2521 647 2578; x_wconf 91' lang='lat' dir='ltr'>enim</span> <span class='ocrx_word' id='word_1_208' title='bbox 669 2520 717 2578; x_wconf 93' lang='lat' dir='ltr'>his</span> <span class='ocrx_word' id='word_1_209' title='bbox 732 2526 858 2579; x_wconf 89' lang='lat' dir='ltr'>nostrae</span> <span class='ocrx_word' id='word_1_210' title='bbox 878 2528 979 2581; x_wconf 89' lang='lat' dir='ltr'>rostro</span> <span class='ocrx_word' id='word_1_211' title='bbox 995 2536 1049 2579; x_wconf 93' lang='lat' dir='ltr'>no-</span> 
     </span>
     <span class='ocr_line' id='line_1_29' title="bbox 81 2604 1051 2682; baseline -0.003 -15"><span class='ocrx_word' id='word_1_212' title='bbox 81 2622 143 2667; x_wconf 91' lang='lat' dir='ltr'>cere</span> <span class='ocrx_word' id='word_1_213' title='bbox 163 2609 311 2682; x_wconf 89' lang='lat' dir='ltr'>poterent</span> <span class='ocrx_word' id='word_1_214' title='bbox 332 2635 375 2646; x_wconf 92' lang='lat'><em>-</em></span> <span class='ocrx_word' id='word_1_215' title='bbox 395 2608 479 2662; x_wconf 90' lang='lat' dir='ltr'>tanta</span> <span class='ocrx_word' id='word_1_216' title='bbox 499 2605 529 2663; x_wconf 91' lang='lat' dir='ltr'>in</span> <span class='ocrx_word' id='word_1_217' title='bbox 557 2604 594 2663; x_wconf 93' lang='lat' dir='ltr'>iis</span> <span class='ocrx_word' id='word_1_218' title='bbox 616 2610 681 2663; x_wconf 92' lang='lat' dir='ltr'>erat</span> <span class='ocrx_word' id='word_1_219' title='bbox 705 2604 857 2664; x_wconf 85' lang='lat' dir='ltr'>firmitudo</span> <span class='ocrx_word' id='word_1_220' title='bbox 879 2635 922 2647; x_wconf 89' lang='lat'><em>-</em></span> <span class='ocrx_word' id='word_1_221' title='bbox 948 2620 1051 2679; x_wconf 89' lang='lat' dir='ltr'>neque</span> 
     </span>
     <span class='ocr_line' id='line_1_30' title="bbox 82 2688 1051 2767; baseline -0.007 -15"><span class='ocrx_word' id='word_1_222' title='bbox 82 2698 202 2767; x_wconf 89' lang='lat' dir='ltr'>propter</span> <span class='ocrx_word' id='word_1_223' title='bbox 215 2688 406 2749; x_wconf 88' lang='lat' dir='ltr'>altitudinem</span> <span class='ocrx_word' id='word_1_224' title='bbox 420 2688 510 2747; x_wconf 88' lang='lat' dir='ltr'>laeile</span> <span class='ocrx_word' id='word_1_225' title='bbox 523 2689 616 2748; x_wconf 93' lang='lat' dir='ltr'>telum</span> <span class='ocrx_word' id='word_1_226' title='bbox 631 2688 827 2761; x_wconf 91' lang='lat' dir='ltr'>adiciebatur,</span> <span class='ocrx_word' id='word_1_227' title='bbox 845 2693 875 2746; x_wconf 88' lang='lat' dir='ltr'>et</span> <span class='ocrx_word' id='word_1_228' title='bbox 888 2688 995 2748; x_wconf 91' lang='lat' dir='ltr'>eadem</span> <span class='ocrx_word' id='word_1_229' title='bbox 1013 2689 1051 2746; x_wconf 88' lang='lat' dir='ltr'>de</span> 
     </span>
     <span class='ocr_line' id='line_1_31' title="bbox 82 2772 1049 2847; baseline -0.007 -10"><span class='ocrx_word' id='word_1_230' title='bbox 82 2791 169 2837; x_wconf 89' lang='lat' dir='ltr'>eausa</span> <span class='ocrx_word' id='word_1_231' title='bbox 189 2773 292 2834; x_wconf 91' lang='lat' dir='ltr'>minus</span> <span class='ocrx_word' id='word_1_232' title='bbox 315 2772 475 2832; x_wconf 91' lang='lat' dir='ltr'>commode</span> <span class='ocrx_word' id='word_1_233' title='bbox 496 2773 616 2847; x_wconf 91' lang='lat' dir='ltr'>copulis</span> <span class='ocrx_word' id='word_1_234' title='bbox 639 2772 882 2831; x_wconf 87' lang='lat' dir='ltr'>continebantur.</span> <span class='ocrx_word' id='word_1_235' title='bbox 911 2773 1049 2832; x_wconf 82' lang='lat' dir='ltr'>Accede-</span> 
     </span>
     <span class='ocr_line' id='line_1_32' title="bbox 82 2856 1051 2935; baseline -0.007 -14"><span class='ocrx_word' id='word_1_236' title='bbox 82 2858 135 2935; x_wconf 88' lang='lat' dir='ltr'>bet,</span> <span class='ocrx_word' id='word_1_237' title='bbox 144 2866 187 2935; x_wconf 87' lang='lat' dir='ltr'>ut,</span> <span class='ocrx_word' id='word_1_238' title='bbox 202 2873 271 2919; x_wconf 91' lang='lat' dir='ltr'>cum</span> <span class='ocrx_word' id='word_1_239' title='bbox 285 2856 521 2917; x_wconf 88' lang='lat' dir='ltr'>saevireventus</span> <span class='ocrx_word' id='word_1_240' title='bbox 532 2856 690 2930; x_wconf 90' lang='lat' dir='ltr'>coepisset</span> <span class='ocrx_word' id='word_1_241' title='bbox 701 2863 730 2914; x_wconf 89' lang='lat' dir='ltr'>et</span> <span class='ocrx_word' id='word_1_242' title='bbox 741 2864 875 2916; x_wconf 89' lang='lat' dir='ltr'>sevento</span> <span class='ocrx_word' id='word_1_243' title='bbox 885 2856 1051 2928; x_wconf 90' lang='lat' dir='ltr'>dedissent,</span> 
     </span>
     <span class='ocr_line' id='line_1_33' title="bbox 82 2940 1052 3020; baseline -0.009 -15"><span class='ocrx_word' id='word_1_244' title='bbox 82 2950 108 3005; x_wconf 85' lang='lat' dir='ltr'>et</span> <span class='ocrx_word' id='word_1_245' title='bbox 125 2947 341 3020; x_wconf 89' lang='lat' dir='ltr'>tempestatem</span> <span class='ocrx_word' id='word_1_246' title='bbox 363 2941 480 2999; x_wconf 90' lang='lat' dir='ltr'>lerrent</span> <span class='ocrx_word' id='word_1_247' title='bbox 499 2940 619 3000; x_wconf 89' lang='lat' dir='ltr'>lacilius</span> <span class='ocrx_word' id='word_1_248' title='bbox 641 2948 671 3000; x_wconf 92' lang='lat' dir='ltr'>ct</span> <span class='ocrx_word' id='word_1_249' title='bbox 691 2941 823 3000; x_wconf 90' lang='lat' dir='ltr'>invadis</span> <span class='ocrx_word' id='word_1_250' title='bbox 847 2941 1052 3000; x_wconf 88' lang='lat' dir='ltr'>consisterent</span> 
     </span>
     <span class='ocr_line' id='line_1_34' title="bbox 84 3023 1053 3091; baseline -0.007 -3"><span class='ocrx_word' id='word_1_251' title='bbox 84 3029 167 3090; x_wconf 79' lang='lat' dir='ltr'>bibus</span> <span class='ocrx_word' id='word_1_252' title='bbox 189 3034 221 3088; x_wconf 92' lang='lat' dir='ltr'>et</span> <span class='ocrx_word' id='word_1_253' title='bbox 234 3026 275 3087; x_wconf 89' lang='lat' dir='ltr'>ab</span> <span class='ocrx_word' id='word_1_254' title='bbox 297 3028 388 3085; x_wconf 87' lang='lat' dir='ltr'>aestu</span> <span class='ocrx_word' id='word_1_255' title='bbox 402 3025 527 3085; x_wconf 88' lang='lat' dir='ltr'>relictae</span> <span class='ocrx_word' id='word_1_256' title='bbox 543 3025 614 3084; x_wconf 91' lang='lat' dir='ltr'>nibil</span> <span class='ocrx_word' id='word_1_257' title='bbox 632 3041 711 3084; x_wconf 86' lang='lat' dir='ltr'>saxa</span> <span class='ocrx_word' id='word_1_258' title='bbox 728 3033 758 3084; x_wconf 89' lang='lat' dir='ltr'>et</span> <span class='ocrx_word' id='word_1_259' title='bbox 774 3031 879 3084; x_wconf 89' lang='lat' dir='ltr'>cautes</span> <span class='ocrx_word' id='word_1_260' title='bbox 895 3023 1053 3091; x_wconf 71' lang='lat' dir='ltr'>timerent,</span> 
     </span>
     <span class='ocr_line' id='line_1_35' title="bbox 85 3107 1051 3183; baseline -0.008 -9"><span class='ocrx_word' id='word_1_261' title='bbox 85 3126 204 3183; x_wconf 76' lang='lat' dir='ltr'>quarum</span> <span class='ocrx_word' id='word_1_262' title='bbox 224 3126 331 3172; x_wconf 87' lang='lat' dir='ltr'>rerum</span> <span class='ocrx_word' id='word_1_263' title='bbox 353 3110 486 3169; x_wconf 91' lang='lat' dir='ltr'>omnium</span> <span class='ocrx_word' id='word_1_264' title='bbox 500 3109 615 3170; x_wconf 91' lang='lat' dir='ltr'>nostris</span> <span class='ocrx_word' id='word_1_265' title='bbox 631 3108 760 3168; x_wconf 91' lang='lat' dir='ltr'>navibus</span> <span class='ocrx_word' id='word_1_266' title='bbox 777 3124 869 3168; x_wconf 88' lang='lat' dir='ltr'>casus</span> <span class='ocrx_word' id='word_1_267' title='bbox 891 3113 955 3167; x_wconf 90' lang='lat' dir='ltr'>erat</span> <span class='ocrx_word' id='word_1_268' title='bbox 975 3107 1051 3168; x_wconf 83' lang='lat' dir='ltr'>exti-</span> 
     </span>
     <span class='ocr_line' id='line_1_36' title="bbox 84 3197 271 3259; baseline -0.027 0"><span class='ocrx_word' id='word_1_269' title='bbox 84 3197 271 3259; x_wconf 82' lang='lat' dir='ltr'>mescendus.</span> 
     </span>
    </p>

    <p class='ocr_par' dir='ltr' id='par_1_4' title="bbox 87 3274 1129 3527">
     <span class='ocr_line' id='line_1_37' title="bbox 155 3274 1054 3352; baseline -0.007 -10"><span class='ocrx_word' id='word_1_270' title='bbox 155 3281 237 3342; x_wconf 86' lang='lat' dir='ltr'>XIV.</span> <span class='ocrx_word' id='word_1_271' title='bbox 268 3276 475 3352; x_wconf 81' lang='lat' dir='ltr'>conpluribus</span> <span class='ocrx_word' id='word_1_272' title='bbox 497 3277 682 3352; x_wconf 78' lang='lat' dir='ltr'>expugnatis</span> <span class='ocrx_word' id='word_1_273' title='bbox 706 3274 829 3349; x_wconf 88' lang='lat' dir='ltr'>oppidis</span> <span class='ocrx_word' id='word_1_274' title='bbox 853 3275 981 3351; x_wconf 85' lang='lat' dir='ltr'>caesar,</span> <span class='ocrx_word' id='word_1_275' title='bbox 1003 3276 1054 3338; x_wconf 92' lang='lat' dir='ltr'>ubi</span> 
     </span>
     <span class='ocr_line' id='line_1_38' title="bbox 87 3360 1129 3435; baseline 0.002 -12"><span class='ocrx_word' id='word_1_276' title='bbox 87 3360 220 3427; x_wconf 85' lang='lat' dir='ltr'>intellexit</span> <span class='ocrx_word' id='word_1_277' title='bbox 234 3365 354 3425; x_wconf 75' lang='lat' dir='ltr'>trustra</span> <span class='ocrx_word' id='word_1_278' title='bbox 367 3367 484 3421; x_wconf 88' lang='lat' dir='ltr'>tantum</span> <span class='ocrx_word' id='word_1_279' title='bbox 498 3362 634 3422; x_wconf 89' lang='lat' dir='ltr'>laborem</span> <span class='ocrx_word' id='word_1_280' title='bbox 649 3360 728 3421; x_wconf 91' lang='lat' dir='ltr'>sumi</span> <span class='ocrx_word' id='word_1_281' title='bbox 743 3374 845 3435; x_wconf 89' lang='lat' dir='ltr'>neque</span> <span class='ocrx_word' id='word_1_282' title='bbox 859 3360 993 3423; x_wconf 90' lang='lat' dir='ltr'>hostium</span> <span class='ocrx_word' id='word_1_283' title='bbox 1011 3365 1055 3425; x_wconf 89' lang='lat' dir='ltr'>lu-</span> <span class='ocrx_word' id='word_1_284' title='bbox 1126 3388 1129 3391; x_wconf 96' lang='lat'>·</span> 
     </span>
     <span class='ocr_line' id='line_1_39' title="bbox 88 3444 1056 3527; baseline 0 -15"><span class='ocrx_word' id='word_1_285' title='bbox 88 3460 145 3521; x_wconf 67' lang='lat' dir='ltr'>tem</span> <span class='ocrx_word' id='word_1_286' title='bbox 154 3450 254 3527; x_wconf 85' lang='lat' dir='ltr'>caplis</span> <span class='ocrx_word' id='word_1_287' title='bbox 270 3446 397 3523; x_wconf 88' lang='lat' dir='ltr'>oppidis</span> <span class='ocrx_word' id='word_1_288' title='bbox 409 3446 535 3522; x_wconf 89' lang='lat' dir='ltr'>reprimi</span> <span class='ocrx_word' id='word_1_289' title='bbox 549 3446 699 3524; x_wconf 80' lang='lat' dir='ltr'>nequciis</span> <span class='ocrx_word' id='word_1_290' title='bbox 712 3444 1056 3525; x_wconf 60' lang='lat' dir='ltr'>reconpensante</span> 
     </span>
    </p>

    <p class='ocr_par' dir='ltr' id='par_1_5' title="bbox 817 3540 859 3596">
     <span class='ocr_line' id='line_1_40' title="bbox 817 3540 859 3596; baseline 0 -16"><span class='ocrx_word' id='word_1_291' title='bbox 817 3540 859 3596; x_wconf 68' lang='lat' dir='ltr'>a*</span> 
     </span>
    </p>
   </div>
   <div class='ocr_carea' id='block_1_3' title="bbox 0 0 1140 4176">
    <p class='ocr_par' dir='ltr' id='par_1_6' title="bbox 0 0 1140 4176">
     <span class='ocr_line' id='line_1_41' title="bbox 0 0 1140 4176; baseline 0 0"><span class='ocrx_word' id='word_1_292' title='bbox 0 0 1140 4176; x_wconf 95' lang='lat' dir='ltr'> </span> 
     </span>
    </p>
   </div>
  </div>
 </body>
</html>
