2272 4176
122 39 166 81 Ἦ,

38 170 43 213 3
197 174 200 179 .

488 157 604 219 amaa
617 158 657 216 V.
1015 155 1057 221 79

61 314 109 375 ·in
123 314 300 388 conspectu
317 308 433 368 Galliae
446 311 618 370 interficere
632 316 804 385 vereretur,
829 310 887 371 hos
903 326 1010 372 omnes
1026 312 1056 371 in

81 398 267 459 Britanniam
283 393 442 454 traductos
455 402 595 463 necaret;
610 393 703 452 iidem
713 393 840 468 reliquis
852 396 1056 471 interponere,

83 480 295 542 iusiurandum
310 491 451 552 poscere,
466 484 508 551 ut,
525 479 609 554 quod
625 493 695 536 esse
711 493 750 537 ex
765 494 825 538 usu
841 480 955 539 Galliae
970 481 1055 539 intel-

84 568 240 638 lerdssent,
257 562 412 621 communi
427 561 555 622 consilio
570 563 826 622 administrarent.
842 563 926 622 Haec
941 579 959 621 a
974 580 1055 622 com·

38 630 49 769 '¹'
86 650 222 725 pluribus
237 648 279 707 ad
295 646 457 706 Caesarem
473 648 697 707 deferebantur.

164 734 231 792 Vll.
267 730 333 804 Qua
352 745 387 801 re
407 732 528 805 cognita
549 732 675 805 caesar,
701 731 785 807 quod
807 737 922 791 tantum
946 731 1056 791 civitati

86 817 230 876 Haeduae
244 813 400 888 dignitatis
421 815 588 890 tribuebat,
616 816 822 876 coercendum
843 822 936 890 atque
957 816 1055 874 deter-

88 901 211 959 rendum
237 898 484 973 quibuscumque
508 899 602 959 rebus
629 907 738 974 posset
756 900 973 973 Dumnorigem
995 907 1048 959 sta·

90 985 203 1053 tuebat;
231 983 317 1058 quod
337 983 458 1056 longius
480 983 546 1042 elus
568 984 729 1042 amentiam
751 985 896 1057 progredi
921 983 1054 1061 videbat,

92 1066 352 1143 prospiciendum,
379 1082 418 1124 ne
434 1067 508 1141 quid
527 1066 586 1125 sibi
602 1083 638 1126 ac
651 1067 841 1141 reipublicae
855 1082 967 1127 nocere
982 1083 1054 1140 pos·

91 1159 141 1212 set.
155 1153 262 1227 ltaque
278 1150 345 1209 dies
362 1150 481 1209 circiter
492 1166 555 1208 xxv
565 1151 595 1208 in
608 1167 644 1210 eo
657 1154 726 1211 loco
740 1158 954 1225 commoratus,
972 1151 1054 1226 quod

92 1237 181 1298 Corus
194 1239 307 1296 ventus
318 1233 543 1308 navIgationem
557 1234 752 1308 impediebat,
769 1235 821 1309 qui
834 1251 974 1309 magnam
987 1253 1054 1310 par-

92 1329 144 1380 tem
166 1319 265 1380 omnis
288 1318 437 1392 temporis
459 1319 489 1376 in
510 1317 558 1377 his
579 1321 656 1379 locis
671 1317 748 1377 ilare
764 1320 937 1393 consuevit,
964 1319 1056 1380 dabat

91 1422 218 1480 operam,
232 1409 267 1463 ut
277 1403 308 1461 in
321 1402 424 1462 officio
432 1402 647 1476 Dumnorigem
659 1402 836 1477 contineret,
851 1403 943 1463 nihilo
954 1410 1055 1462 tamen

91 1490 186 1549 secius
212 1487 315 1548 omnia
341 1487 408 1545 eius
434 1487 562 1546 consilia
586 1494 804 1560 cognoscerem
844 1487 965 1546 tandem
991 1489 1055 1547 ido-

91 1589 171 1633 neam
198 1579 308 1631 naetus
336 1576 549 1645 tempestatem
569 1572 678 1630 milites
701 1573 884 1646 equitesque
907 1587 1054 1631 conscen-

91 1659 156 1717 dere
169 1657 200 1716 in
215 1670 313 1715 naves
327 1654 420 1713 iubet.
434 1656 477 1714 At
491 1654 624 1715 omnium
638 1656 790 1730 impeditis
806 1656 913 1714 animis
921 1655 1055 1716 Dumno-

90 1742 213 1801 rincum
228 1738 384 1815 equitibus
394 1738 624 1799 Haeduorum'a
639 1739 748 1799 eastris
763 1740 910 1799 insciente
926 1740 1056 1799 Caesare

90 1827 205 1887 domum
227 1821 392 1882 discedere
411 1823 522 1897 coepit.
558 1822 671 1894 Quare
686 1824 823 1882 nuntiata
838 1824 949 1881 Caesar
964 1823 1056 1882 inter-

90 1911 177 1970 missa
196 1904 391 1983 proiectione
411 1911 505 1980 atque
525 1907 666 1966 omnibus
680 1908 773 1966 rebus
795 1905 977 1981 postpositis
993 1923 1054 1968 ma·

89 2011 171 2067 gnam
185 2000 305 2067 partem
320 1989 474 2065 equitatus
489 1991 530 2050 ad
544 2006 612 2050 eum
626 1991 850 2066 insequendum
861 1990 949 2076 mittit
961 1997 1055 2051 retra·

90 2079 174 2154 hique
189 2080 336 2152 imperat;
353 2077 380 2136 si
394 2078 452 2135 vim
469 2077 559 2137 iaciat
574 2091 675 2150 neque
689 2083 804 2150 pareat,
820 2075 948 2134 interfici
964 2075 1055 2150 Iubet,

89 2165 154 2222 nihil
168 2163 251 2222 hune
266 2176 302 2220 se
318 2160 446 2219 absente
461 2178 517 2234 pro
534 2178 609 2221 sano
626 2164 774 2222 facturum
797 2163 976 2237 arbitratus,
1005 2163 1055 2238 qui

90 2248 256 2320 praesentis
271 2245 432 2319 imperium
447 2247 643 2319 neglexisset.
668 2246 721 2304 Ille
736 2246 815 2305 enim
830 2254 992 2307 revocatus
1008 2242 1054 2306 re-

88 2332 191 2391 sistere
206 2347 244 2389 ae
259 2344 296 2388 se
308 2344 401 2388 manu
413 2329 577 2388 defendere
589 2346 778 2404 suorumque
789 2331 880 2388 iidem
893 2331 1055 2404 implorare

66 2415 184 2497 ⁸coepit
205 2427 301 2487 saepe
323 2412 480 2471 clamitans
501 2413 630 2472 liberum
652 2429 687 2472 se
702 2415 880 2488 liberaeque
895 2431 967 2473 esse
983 2415 1053 2474 civi-

89 2501 158 2578 trtis.
190 2498 245 2570 Illi,
261 2503 294 2556 ut
308 2503 372 2555 erat
386 2495 581 2571 imperatum,
604 2498 830 2556 circumsistunt
845 2498 996 2558 hominem
1012 2505 1054 2556 at-

89 2599 142 2657 que
155 2580 357 2642 mterficiunt=
380 2586 411 2638 at
431 2581 549 2653 equites
571 2581 688 2640 Haedui
711 2581 750 2640 ad
765 2582 925 2641 Caesarem
947 2598 1054 2641 omnes

90 2673 283 2726 revertuntur.
868 2732 873 2745 Ι

162 2750 244 2808 VIII.
266 2749 322 2808 His
346 2747 440 2808 rebus
465 2748 561 2822 gestis
582 2748 717 2811 Labieno
738 2749 768 2808 in
791 2751 964 2810 continente
987 2767 1054 2811 cum

92 2831 178 2893 tribus
200 2833 373 2908 legionibus
396 2840 426 2892 et
447 2833 582 2908 equitum
598 2833 720 2894 milibus
736 2835 858 2894 duobus
875 2837 996 2909 reIIcto,
1024 2844 1055 2896 ut

93 2925 188 2986 portus
203 2924 342 2977 tueretur
357 2922 388 2975 et
401 2931 465 2975 rem
475 2917 701 2976 frumentariam
713 2919 896 2994 provideret,
914 2935 1054 2994 quaeque

94 2996 117 3056 in
129 3001 223 3061 Gallia
237 3009 418 3077 gererentur
434 3009 637 3075 cognosceret
657 3003 882 3078 consillumque
902 3020 959 3076 pro
981 3008 1054 3063 tem-

97 3098 159 3156 pere
171 3094 203 3147 et
216 3103 274 3163 pro
289 3102 325 3146 re
341 3092 479 3161 caperet,
505 3087 574 3161 ipse
596 3102 664 3146 cum
680 3088 816 3175 quinque
836 3087 1009 3162 legionibus
1026 3095 1055 3146 et

99 3170 150 3238 pat
162 3187 291 3232 numero
308 3171 459 3245 equitum,
483 3187 573 3245 quem
588 3171 619 3229 in
635 3172 799 3231 contInenti
814 3172 994 3246 reliquerat,
1016 3174 1054 3231 ad

99 3254 161 3314 solis
181 3271 328 3317 occasum
343 3269 439 3313 naves
459 3254 551 3315 solvit
572 3262 602 3314 et
615 3256 675 3314 leni
690 3256 794 3315 Africo
810 3263 976 3330 provectus
993 3273 1051 3314 me-

101 3332 140 3395 dia
151 3338 267 3401 circiter
287 3346 380 3400 nocte
393 3344 484 3398 vento
506 3339 680 3409 intermisso
702 3356 826 3399 cursum
841 3356 902 3400 non
917 3341 1014 3400 tenuit
1028 3349 1056 3400 et

103 3416 203 3501 begins
225 3424 350 3487 delatus
370 3429 459 3485 aestu
479 3430 546 3486 orta
567 3425 636 3485 luce
657 3422 714 3485 sub
729 3423 855 3488 sinistra
869 3425 1056 3493 Britanniasr
