2272 4176
127 474 191 541 404
398 464 557 531 BELLUM
575 462 844 527 msplrtlctlsn„

127 643 240 705 magna
257 631 434 701 comparata
450 637 542 683 manu
558 618 748 697 provinciam
763 626 898 683 vastare.
927 616 1081 697 burbonio

127 715 220 779 rebus
240 710 404 774 nonnullae
425 707 562 769 civitates
583 720 640 766 sua
660 712 773 783 sponte
794 702 910 767 auxdia
927 704 1082 781 mittebant
1121 736 1124 767 ι

128 802 200 863 item
211 797 373 857 nonnullae
384 800 489 871 portas
501 797 606 851 cenna
616 790 790 852 eludebant.
811 790 858 851 Ex
871 784 982 867 qulbus
995 791 1022 851 si
1032 808 1082 867 qua
1120 858 1124 867 ,

129 884 245 962 oppida
262 880 293 941 vi
309 885 447 956 ceperat,
467 893 537 936 cum
550 874 661 950 aliquis
673 890 712 935 ex
723 889 761 935 ea
771 873 896 937 civitate
914 874 1026 951 optime
1040 875 1081 949 [de

130 971 182 1031 Cn.
194 963 350 1042 Pompeio]
359 960 482 1023 meritus
494 958 570 1020 civis
582 966 673 1034 esset,
682 967 810 1035 propter
820 957 973 1035 pecuniae
981 959 1081 1035 magni·

129 1052 266 1117 tudinem
284 1050 387 1123 aliqua
406 1048 433 1107 el
444 1045 629 1106 inferebatur
641 1059 748 1117 eausa,
764 1050 846 1105 uteo
860 1044 1012 1106 demedio
1023 1043 1081 1105 sub
1120 1068 1124 1125 ¹.

130 1141 190 1201 lato
203 1154 241 1197 ex
258 1126 325 1196 eius
343 1130 473 1208 pecunia
491 1130 639 1190 latronum
650 1125 768 1202 largitio
779 1127 879 1189 fieret
907 1128 978 1189 lta*
988 1126 1082 1205 paucis
1121 1138 1124 1145 ’

131 1215 520 1286 commodahostelrorlato
533 1212 664 1273 maiores
682 1212 1003 1290 augebanturcopiae.
1028 1213 1083 1272 Hoe
1121 1218 1124 1291 l

131 1306 265 1370 crebrius
277 1300 389 1362 nuntiis
400 1299 429 1361 in
438 1298 554 1361 ltaliam
565 1294 668 1359 missis
683 1294 822 1359 civitates
832 1296 1084 1360 contrariaePom·

133 1392 201 1470 peio
213 1386 325 1450 auxilia
336 1385 394 1445 sibi
406 1381 651 1461 depostulabant.

212 1473 248 1532 ll.
276 1471 389 1531 Caesar
402 1471 531 1529 dictator
545 1465 648 1538 tertio,
669 1466 777 1527 consul
795 1463 978 1541 designatus
991 1471 1084 1541 quarto

131 1554 258 1617 *multis
270 1553 396 1613 iterante
405 1553 513 1613 diebus
525 1548 670 1611 coniectis
679 1550 864 1610 eumceteris
876 1547 1085 1612 festinationem

132 1640 242 1700 bellum
254 1636 477 1699 conficiendum
488 1632 702 1709 inHispaniam
713 1649 782 1694 eum
790 1631 940 1708 venisset,
948 1632 1086 1709 legatique

127 1719 357 1793 Cordubenses,
384 1719 435 1793 qui
451 1735 470 1779 a
484 1718 535 1779 Cn.
551 1718 697 1794 Pompeio
714 1717 953 1794 discessissent,
980 1720 1087 1781 Caesari

126 1803 245 1866 obviam
262 1804 426 1877 venissent,
442 1819 461 1862 a
475 1802 587 1878 quibus
600 1801 792 1863 nuntiabatur
802 1810 954 1864 nocturno
967 1811 1088 1879 tempore

127 1888 273 1961 oppidum
286 1887 457 1948 Cordubam
473 1887 541 1962 copi
557 1903 662 1961 posse,
677 1886 761 1961 quod
776 1888 1033 1962 necopinantibus
1044 1888 1086 1948 ad-

129 1972 271 2032 versariis
297 1972 363 2032 eius
391 1971 566 2045 provinciae
591 1973 705 2045 potitus
722 1977 820 2045 esset,
847 1971 1004 2049 simulque
1017 1972 1086 2048 quod

128 2056 300 2129 tabellariis,
317 2056 368 2131 qui
382 2071 400 2113 a
416 2055 466 2114 Cn.
483 2054 627 2129 Pompeio
644 2055 786 2129 dispositi
802 2056 945 2116 omnibus
961 2057 1036 2117 loeis
1049 2072 1085 2115 es-

127 2146 209 2213 sent,
238 2143 289 2215 qui
311 2140 469 2200 certiorem
491 2138 542 2198 Cn.
564 2138 739 2214 Pompeium
756 2138 795 2197 de
810 2139 952 2201 Caesaris
970 2142 1086 2200 adventu

129 2225 324 2284 lacerent**.
363 2224 457 2282 Multa
486 2229 646 2297 praeterea
675 2222 850 2283 verisimilia
874 2226 1086 2300 proponebant.

128 2308 241 2379 Quibus
257 2309 349 2368 rebus
366 2308 525 2381 adductus
542 2323 620 2381 quos
636 2310 754 2381 legatos
767 2314 837 2367 ante
848 2310 999 2369 exercitui
1015 2326 1086 2384 prae·

128 2394 254 2464 lecerat,
281 2391 313 2464 Q.
335 2391 460 2450 Pedium
482 2399 511 2450 et
525 2390 558 2464 Q.
573 2390 699 2451 Fabium
713 2390 876 2451 Maximum
921 2394 960 2452 de
976 2410 1033 2454 suo
1047 2392 1087 2451 ad·

130 2482 220 2533 ventu
235 2475 307 2534 lacit
322 2476 468 2534 certiores
485 2482 578 2551 utque
594 2476 651 2535 sibi
667 2478 834 2550 equitatus,
854 2477 906 2550 qui
922 2491 961 2536 ex
978 2477 1088 2552 provin-

128 2559 175 2616 cia
190 2560 307 2629 luisset,
324 2559 478 2634 praesidio
494 2567 585 2619 esset.
615 2561 664 2618 Ad
680 2576 759 2634 quos
775 2561 917 2633 celerius
934 2578 1028 2636 quam
1041 2560 1090 2637 ipsi

128 2644 241 2716 opinati
256 2651 335 2717 sunt,
352 2643 611 2718 adpropinquavit
625 2659 740 2719 neque,
756 2651 789 2703 ut
802 2644 871 2719 ipse
887 2646 1000 2719 voluit,
1017 2646 1092 2719 equi·

128 2732 217 2787 tetum
233 2728 291 2787 sibi
306 2727 460 2802 praesidio
476 2727 589 2786 habuit.

209 2813 258 2871 ΙΙΙ.
290 2812 363 2872 Erat
387 2813 466 2871 idem
492 2812 639 2886 temporis
667 2811 778 2873 Sextus
805 2811 975 2887 Pompeius
1001 2816 1090 2874 frater.

128 2896 178 2971 qui
194 2913 262 2956 cunr
276 2897 431 2971 praesidio
448 2895 619 2956 Cordubam
633 2896 768 2968 tenebat,
792 2897 875 2971 quod
890 2897 960 2959 eius
975 2900 1088 2975 provin·

127 2981 191 3039 cine
207 2988 299 3055 capul
313 2996 383 3041 esse
398 2980 642 3050 existimabatur3
667 2982 734 3056 ipse
750 2988 848 3040 autem
866 2981 919 3040 Cn.
936 2982 1092 3058 Pompeius

127 3066 308 3125 adulescens
328 3065 427 3127 Uliam
448 3064 594 3144 oppidum
617 3066 815 3141 oppugnabat
835 3072 865 3123 el
886 3067 952 3126 lere
974 3068 1033 3127 iam
1048 3067 1092 3125 ali·

128 3150 379 3224 quotmensibus
402 3149 442 3207 ibi
465 3149 664 3210 detinebatur.
695 3149 759 3222 Quo
782 3166 820 3208 ex
843 3151 962 3224 oppido
980 3152 1092 3227 cognito

128 3234 266 3294 Caesaris
290 3235 420 3292 adventu
442 3233 532 3306 legati
554 3236 630 3293 clam
646 3234 799 3309 praesidia
816 3234 867 3293 Cn.
883 3234 1013 3311 Pompei
1029 3237 1092 3296 Cne-

126 3335 227 3378 sarem
239 3335 306 3379 cum
318 3318 463 3386 adissent,
480 3325 584 3391 petere
599 3325 774 3393 coeperunt,
787 3318 828 3378 uti
840 3318 899 3378 sibi
912 3322 1013 3394 primo
1027 3336 1092 3395 quo·

127 3420 187 3477 que
202 3413 339 3478 tempore
360 3402 529 3462 subsidium
551 3405 688 3462 mitteret.
720 3404 832 3464 Caesar
852 3417 935 3475 leam
951 3406 1093 3465 civitatem

127 3489 207 3547 omrli
228 3496 364 3562 tempore
386 3485 498 3561 optime
520 3485 558 3545 de
580 3490 694 3563 populo
709 3489 846 3549 Romano
862 3489 1003 3548 meritam
1018 3494 1094 3555 csse)

127 3574 264 3631 celeriter
291 3588 347 3631 sex
373 3570 507 3633 cohortis
538 3573 675 3632 secunda
699 3572 802 3647 vigilia
829 3572 912 3632 iubet
935 3571 1092 3647 proficisci,

128 3656 192 3728 pavi
208 3657 327 3730 equites
343 3672 480 3716 numero.
497 3654 611 3728 Quibus
626 3657 773 3732 praefecit
784 3656 938 3717 bominem
951 3658 1019 3717 eius
1031 3672 1094 3732 pro·

127 3737 244 3798 vinciae
261 3748 366 3800 notum
381 3749 486 3801 elnon
502 3754 609 3813 parum
625 3742 779 3813 scientem,
794 3741 828 3801 L.
845 3742 965 3803 lunium
978 3743 1090 3804 Paciae

645 4032 696 4091 A
