2302 4192
66 40 250 93 r
315 40 318 43 ·

397 136 399 141 ’
473 155 589 220 unua
610 157 660 219 111.
748 124 752 129 ’
991 153 1054 223 ato

85 311 158 390 peio
184 306 264 373 le'cit
302 310 361 373 Ubi
385 309 468 372 illum
489 312 553 373 suis
574 313 651 374 locis
667 329 702 374 se
715 318 821 375 tenere
834 313 1054 393 animadvertit,

85 397 213 458 reducto
228 397 259 457 in
275 403 376 458 castra
401 396 536 458 exercitu
566 398 648 458 aliud
669 398 728 459 sibi
750 399 911 460 consilium
932 400 1053 476 capien-

86 484 158 545 dum
173 482 365 543 existimavit.
394 482 500 557 ltaque
520 490 646 558 postero
659 483 708 545 die
724 483 864 544 omnibus
879 485 977 559 copiis
988 490 1053 547 ina·

85 584 145 643 gno
162 566 289 628 circuitu
304 564 419 626 dilficili
430 575 625 644 angustoque
636 567 974 647 itinereliyrrhachium
983 586 1054 645 pro·

86 653 183 712 lectus
206 657 254 711 est
273 666 404 726 sperans
418 650 595 728 Pompeium
610 658 663 712 aut
675 652 898 731 Dyrrhachium
913 655 1054 730 compelli

86 744 137 796 aut
151 735 189 796 ab
206 750 243 795 co
259 735 418 795 intercludi
435 753 544 812 posse,
561 738 644 813 quod
660 753 779 797 omnem
795 746 994 799 commeatum
1009 746 1054 800 to·

84 822 207 897 tiusque
221 820 292 879 belli
306 827 485 895 apparatum
500 837 536 882 eo
553 823 746 895 contulisset,
772 827 804 889 ut
823 823 941 883 accidit.
966 823 1054 885 Pom·

86 906 172 980 peius
188 904 272 982 enim¹
282 905 380 980 primo
398 905 542 979 ignorans
560 906 625 966 eius
642 906 816 981 consilium,
834 907 916 982 quod
931 908 1055 970 diverso

85 989 122 1050 ab
139 1006 176 1049 ea
189 988 317 1064 regione
326 988 433 1049 itinere
443 990 614 1064 proiectum
624 990 756 1064 videbat,
771 992 919 1066 angustiis
933 992 978 1052 rei
993 994 1054 1053 iru-

86 1074 250 1136 mentariae
262 1075 450 1148 compulsum
462 1074 647 1135 discessisse
659 1075 865 1147 existimabat;
880 1083 990 1151 postea
999 1093 1055 1153 per

84 1161 298 1234 exploratores
320 1157 430 1218 certior
445 1159 542 1218 iactus
557 1166 683 1234 postero
699 1159 749 1218 die
764 1165 864 1220 castra
878 1160 973 1222 movit
986 1163 1053 1222 bre-

84 1243 168 1303 viore
191 1242 299 1302 itinere
319 1257 355 1302 se
375 1258 537 1303 occurrere
558 1245 586 1302 ei
606 1259 702 1318 posse
717 1259 856 1318 sperans.
886 1245 973 1319 Quod
988 1248 1054 1307 iore
1091 1299 1094 1306 .

84 1328 261 1402 suspicatus
278 1327 390 1387 Caesar
404 1327 575 1403 militesque
589 1328 776 1402 adhortatus,
791 1336 825 1389 ut
839 1345 937 1406 aequo
953 1330 1053 1392 animo

83 1413 219 1472 laborem
242 1412 365 1485 terrent,
394 1428 491 1487 parva
511 1418 597 1487 parte
623 1414 722 1473 noctis
748 1413 855 1473 itinere
879 1414 1054 1476 intermisso

83 1511 173 1556 mane
193 1495 415 1573 Dyrrhachium
434 1496 531 1570 venit,
558 1512 626 1557 oum
646 1498 776 1572 primum
798 1514 906 1572 agmen
927 1498 1053 1576 Pompei

84 1582 193 1655 procul
210 1586 392 1655 cerneretur,
408 1584 500 1655 atque
513 1581 555 1641 ibi
570 1588 671 1642 castra
684 1582 796 1656 posuit.

164 1664 253 1723 XLll.
276 1662 438 1740 Pompeius
453 1667 636 1725 interclusus
651 1665 858 1745 Dyrrhachio,
872 1666 925 1727 ubi
939 1682 1052 1742 propo-

82 1749 173 1810 situm
189 1755 293 1808 tenere
309 1765 369 1807 non
381 1749 487 1824 potuit,
503 1750 640 1810 secundo
652 1767 728 1811 usus
741 1750 869 1811 consilio
882 1750 962 1811 edito
974 1752 1053 1826 loco,

83 1833 133 1909 qui
147 1832 415 1908 appellaturPetra
428 1834 604 1910 aditumque
619 1834 711 1894 habet
724 1835 853 1894 navibus
868 1835 1053 1896 mediocrem

81 1925 176 1994 atque
191 1933 245 1976 eas
259 1933 278 1975 a
293 1918 476 1993 quibusdam
494 1919 625 1994 protegit
639 1919 748 1994 ventis,
764 1925 865 1978 castra
880 1920 1053 1981 communit.

79 2002 125 2063 Eo
141 2008 261 2077 partem
276 2003 398 2061 navium
419 2004 578 2078 longarum
593 2002 961 2076 convenire‚irumentum'
971 2020 1052 2066 eom-

80 2094 278 2160 meatumque
292 2086 330 2145 ab
345 2087 421 2147 Asia
438 2094 528 2162 atque
544 2088 685 2149 omnibus
699 2087 890 2164 regionibus,
917 2099 995 2164 quas¹
1009 2096 1053 2149 te-

81 2171 183 2245 nebat,
200 2172 382 2244 conrportari
398 2172 533 2245 imperat.
550 2173 795 2247 Caesarlongius
807 2172 918 2233 bellum
930 2174 1053 2235 ductum

80 2255 117 2315 iri
132 2254 312 2315 existimans
328 2261 358 2314 et
372 2256 410 2315 de
422 2256 531 2316 ltaticis
545 2258 761 2317 commeatibus
775 2256 954 2332 desperans,
971 2259 1053 2334 quod

79 2345 166 2400 tanta
191 2338 344 2413 diligentia
370 2340 470 2400 omnia
495 2341 583 2400 litora
607 2358 626 2401 a
648 2340 842 2417 Pompeianis
873 2342 1053 2404 tenebantur

80 2425 265 2498 classesque
281 2423 393 2499 ipsius,
410 2424 492 2500 quas'
503 2425 601 2485 hiemo
615 2425 645 2485 in
663 2425 772 2500 Sic'dio,
790 2426 895 2500 Gallia,
909 2427 995 2489 ltalia
1009 2429 1052 2487 le·

80 2515 181 2581 cerat,
201 2508 409 2582 morabantur,
435 2509 464 2568 in
480 2509 605 2584 Epirum
618 2511 663 2570 rei
679 2509 893 2570 frumentariae
908 2525 1002 2571 causa
1017 2511 1051 2585 Q.

78 2592 199 2652 Tillium
215 2599 244 2651 et
257 2592 289 2650 L.
306 2593 480 2653 Canuleium
494 2595 626 2668 legatum
641 2596 735 2669 misit,
759 2594 904 2669 quodque
925 2593 983 2654 hae
1003 2611 1051 2656 re

78 2677 189 2752 giooes
205 2676 331 2736 aberant
349 2679 485 2752 lougius,
511 2679 586 2738 locis
603 2680 691 2739 certis
707 2679 816 2740 horrea
832 2679 987 2739 constituit
999 2696 1051 2740 ve·

80 2767 248 2836 oturasque
273 2762 412 2821 frumenti
438 2762 570 2822 finitimis
592 2763 761 2825 civitatibus
777 2763 949 2838 descripsit.
977 2765 1051 2824 Item

78 2844 170 2905 lisso
192 2845 405 2920 Parthinisque
426 2854 455 2908 ct
476 2847 616 2925 omqibus
639 2847 772 2908 castellis
794 2848 878 2925 quod
892 2855 976 2909 esset
989 2849 1050 2909 iru-

79 2929 173 2989 menti
190 2931 328 3005 conquiri
344 2931 440 2990 iussit.
457 2932 490 2990 ld
507 2939 570 2991 erat
585 2932 784 3007 perexiguum
796 2948 864 2994 cum
876 2932 973 3008 ipsius
985 2932 1048 3008 agri

79 3021 198 3086 natura,
215 3015 298 3089 quod
312 3023 383 3074 sunt
397 3017 465 3075 loca
475 3032 586 3091 aspera
596 3023 626 3076 et
636 3025 808 3091 montuosa,
823 3032 859 3076 ac
870 3020 1050 3092 plerumque

79 3099 233 3159 irumento
245 3106 368 3159 utuntur
379 3101 538 3174 inportata,
552 3108 615 3160 tum
628 3101 883 3176 quodPompeius
895 3101 971 3160 haec
979 3118 1049 3176 pro·

78 3183 198 3242 viderat
219 3190 249 3242 et
268 3185 476 3260 superioribus
503 3186 609 3245 diebus
637 3187 770 3260 praedae
795 3187 863 3246 loco
888 3184 1048 3248 Parthinos

78 3266 229 3328 habuerat
240 3269 481 3344 frumentumque
491 3286 579 3329 omne
591 3270 793 3345 conquisitum
806 3270 943 3345 spoliatis
954 3269 1048 3333 effos-

79 3353 190 3429 sisque
204 3367 309 3414 eorum
326 3354 466 3416 domibus
480 3371 535 3430 per
549 3356 667 3432 equites
683 3360 898 3431 comportarat.

159 3437 258 3498 Xllll.
279 3438 397 3514 Quibus
410 3443 506 3506 rebus
523 3444 655 3524 cognitis
671 3444 788 3511 Caesar
804 3441 978 3509 consilum
988 3438 1078 3516 uadit
