2272 4176
64 39 196 87 retr-res

463 84 648 189 menum.
986 120 1049 189 ata

74 278 264 343 adtribuerat
282 279 541 356 muniendumque
563 285 736 355 curaverat,
756 279 922 342 Antonium
942 280 1049 357 recipit

75 365 284 441 omnibusque
302 364 396 426 rebus
411 364 494 425 iuvit.
524 363 668 424 Otacilius
684 364 742 424 sibi
756 365 865 427 timens
880 380 920 424 ex
934 364 1048 441 oppido
1126 376 1130 385 ·

74 451 151 526 ttrgtt
171 456 204 509 et
223 450 264 510 ad
283 447 460 524 Pompeium
479 449 627 522 pervenit.
661 447 819 523 Expositis
841 448 939 525 copiis
953 450 1049 511 Anto-

76 537 159 609 nius,
183 549 315 609 quarum
336 540 402 593 erat
422 549 540 594 summa
559 538 772 593 veteranarum
791 533 882 594 trium
895 533 1048 608 legionum

75 616 230 692 uniusque
250 617 382 677 tironum
401 624 430 677 et
450 617 584 691 equiturn
606 617 862 691 octingentorum,
884 618 1050 693 plerasque

75 719 171 763 naves
194 703 226 761 in
248 701 364 761 ltaliam
382 701 506 761 remittit
526 701 566 760 ad
585 701 722 776 reliquos
743 701 852 761 milites
868 702 1049 778 equitesque

74 786 348 861 transportandas,
364 793 533 861 pontones,
550 786 634 860 quod
649 793 696 846 est
709 800 807 859 genus
822 786 943 847 navium
960 786 1048 847 Galli-

75 886 189 945 carum,
203 869 285 929 Lissi
299 870 457 944 relinquit,
472 868 532 930 boc
547 870 689 944 consilio,
705 876 738 929 ut
752 869 779 930 si
794 871 872 931 forte
884 869 1048 947 Pompeius

76 971 206 1016 vacuam
221 953 401 1014 existimans
411 955 526 1014 ltaliam
541 969 578 1013 eo
594 954 764 1014 traiecisset
778 955 954 1030 exercitum,
971 970 1049 1030 quae

74 1041 180 1116 opinio
196 1044 264 1098 erat
278 1037 359 1097 edita
372 1038 403 1096 in
419 1039 539 1113 vulgus,
556 1038 687 1113 aliquam
704 1038 817 1098 Caesar
830 1040 870 1098 ed
884 1039 1048 1115 insequen-

74 1127 146 1186 dum
162 1124 336 1183 facultatem
351 1121 485 1197 haberet,
501 1122 684 1198 nuntiosque
698 1122 738 1180 ad
753 1138 822 1182 eum
834 1124 972 1184 celeriter
983 1123 1048 1185 mit-

73 1211 114 1283 tit,
131 1208 246 1283 quibus
266 1206 444 1280 regionibus
462 1207 628 1267 exercitum
648 1207 848 1281 exposuisset
862 1215 893 1268 et
906 1209 981 1285 quid
993 1209 1049 1269 mi·

74 1295 158 1355 titum
174 1290 409 1351 transvenisset.

154 1376 248 1437 XXX.
274 1376 358 1434 Haec
373 1375 483 1435 eodem
497 1376 561 1434 lere
574 1381 712 1450 tempore
727 1375 841 1436 Caesar
856 1383 946 1454 atque
960 1377 1047 1439 Pom-

75 1462 164 1538 peius
178 1465 379 1534 cognoscunt.
391 1459 466 1518 Nam
478 1467 704 1534 praetervectas
711 1460 907 1535 Apolloniam
914 1463 1048 1542 Dyrrha-

72 1547 240 1620 chiumque
261 1559 357 1604 naves
377 1544 532 1619 viderant,
558 1543 618 1618 ipsi
638 1543 695 1603 iter
715 1545 885 1605 secundum
899 1562 953 1607 cas
968 1554 1049 1609 terra

71 1631 265 1704 direxerant,
293 1629 349 1687 sed
371 1644 432 1703 quo
455 1634 560 1688 essent
581 1644 635 1687 eae
658 1628 791 1702 delatae,
816 1629 923 1703 primis
939 1631 1048 1694 diebus

72 1713 267 1790 ignorabant.
285 1712 473 1786 cognitaque
487 1727 522 1772 re
537 1712 660 1771 diversa
674 1712 732 1771 sibi
747 1712 837 1773 ambo
854 1715 982 1775 consilia
998 1732 1047 1776 ca·

71 1800 176 1877 piunt:
204 1797 326 1871 Caesar,
341 1804 480 1872 utquam
495 1796 625 1872 primum
641 1811 675 1855 se
691 1812 759 1855 cum
772 1796 906 1859 Antonio
923 1800 1047 1860 coniun-

71 1890 174 1960 geret3
199 1881 381 1957 Pompeius,
396 1886 430 1941 ut
443 1880 633 1941 venientibus
648 1880 678 1939 in
694 1879 801 1940 itinere
816 1897 851 1941 se
866 1892 1046 1961 opponeret,

71 1968 98 2028 si
113 1967 325 2042 imprudentes
341 1980 381 2025 ex
401 1965 520 2025 insidiis
536 1965 648 2024 adoriri
663 1971 786 2039 posset,
812 1966 1048 2043 eodemquedie

72 2058 205 2126 uterque
220 2066 326 2111 eorum
344 2066 382 2110 ex
396 2050 504 2110 castris
520 2049 637 2110 stativis
654 2066 672 2109 a
687 2048 811 2109 flumine
825 2052 913 2125 Apso
930 2054 1046 2114 exerci-

71 2145 135 2198 tum
152 2137 302 2194 educunt:
323 2135 488 2209 Pompeius
505 2136 581 2194 clam
594 2141 624 2193 et
636 2139 745 2208 noctu,
761 2135 875 2195 Caesar
888 2140 990 2212 palam
1004 2144 1046 2199 at-

71 2236 132 2297 que
144 2219 285 2279 interdiu.
303 2218 365 2278 Sed
374 2218 494 2278 Caesari
503 2219 629 2278 circuitu
642 2219 757 2279 maiore
770 2219 826 2278 iter
839 2228 904 2281 erat
916 2222 1047 2297 longius

71 2306 209 2366 adverso
221 2302 354 2377 flumine,
370 2310 403 2362 ut
416 2304 496 2362 vado
509 2304 637 2363 transire
649 2308 772 2378 posset:
787 2303 960 2381 Pompeius,
977 2307 1048 2382 quio

70 2389 220 2465 expedito
236 2387 342 2469 itinere
357 2386 471 2447 flumen
488 2388 515 2446 ei
531 2388 749 2448 transeundum
764 2404 825 2448 non
842 2395 914 2464 erat,
930 2391 1047 2465 magnis

70 2473 231 2534 itineribus
252 2473 292 2531 ad
308 2472 474 2533 Antonium
497 2473 652 2532 contendit
667 2479 758 2547 atque
772 2487 841 2532 curn
861 2473 913 2532 ubi
935 2490 1046 2550 appro-

70 2561 225 2635 pinquare
238 2558 390 2631 cognovit,
405 2557 547 2617 idoneum
560 2559 661 2617 locum
672 2562 779 2615 nactus
801 2556 841 2615 ibi
860 2557 966 2632 copias
984 2561 1045 2620 col-

70 2642 186 2704 locavit
207 2657 345 2716 suosque
361 2657 467 2702 omnes
483 2641 513 2700 in
529 2642 637 2701 castris
655 2640 802 2701 continuit
816 2640 968 2717 ignesque
982 2643 1047 2702 fieri

71 2726 238 2803 probibuit,
255 2743 315 2800 quo
332 2727 479 2787 occultior
491 2734 574 2785 esset
586 2726 650 2784 eius
663 2727 823 2785 adventus.
839 2726 923 2785 Haec
939 2727 1046 2787 adAn-

71 2814 187 2874 tontum
204 2810 303 2870 statim
318 2827 373 2885 per
387 2812 520 2870 Graecos
536 2811 720 2869 deseruntur.
737 2809 789 2868 lllc
805 2809 907 2868 missis
922 2812 961 2870 ad
974 2812 1044 2871 Cae-

70 2912 175 2957 sarem
187 2895 300 2954 nuntiis
312 2912 404 2954 unum
417 2896 496 2953 diem
508 2911 578 2954 sese
591 2895 698 2953 castris
715 2894 824 2962 tenuit;
840 2896 934 2955 altero
947 2894 996 2954 die
1007 2897 1047 2956 ad

70 2997 142 3043 eum
156 2980 423 3047 pervenitCaesar.
440 2981 530 3039 Cuius
544 2980 677 3038 adventu
689 2979 810 3053 cognito
818 2977 991 3054 Pompeius,
1006 2996 1045 3039 ne

71 3066 196 3126 duobus
212 3064 501 3123 circumcluderetur
516 3063 709 3136 exercitibus,
725 3079 763 3122 ex
780 3078 816 3122 eo
832 3063 900 3123 loco
918 3063 1047 3125 discedit

72 3149 281 3223 omnibusque
297 3149 395 3222 copiis
411 3149 449 3206 ad
465 3148 668 3222 Asparagium
680 3146 961 3226 Dyrrhachinorum
975 3165 1043 3224 per·
1131 3166 1134 3171 ·

71 3234 155 3295 venit
170 3240 264 3307 atque
278 3233 320 3292 ibi
334 3233 445 3292 idoneo
462 3234 529 3292 loco
546 3241 645 3291 castra
661 3233 753 3306 ponit.

156 3317 261 3379 XXXI.
285 3317 338 3375 His
364 3317 551 3391 temporibus
579 3315 682 3391 Scipio
709 3314 895 3379 detrimentis
919 3317 1043 3394 quibus

72 3402 143 3465 dam
159 3404 241 3462 circa
255 3409 387 3460 montem
401 3405 552 3464 Amanum
566 3401 699 3478 acceptis
715 3402 928 3477 imperatorem
942 3419 977 3465 se
991 3420 1044 3483 ap·

116 3504 142 3547 c.
158 3502 256 3547 tumus
273 3501 399 3546 crusna,
808 3492 846 3550 lb
