2272 4176
116 498 177 559 104
303 516 347 557 ns
367 515 471 557 110100
491 514 692 559 1101010100
717 515 746 558 0.
769 507 915 563 106.107.

113 663 271 724 adveniens
288 669 473 742 quaestorem
496 662 621 742 adpellat
636 664 763 744 dicitque
783 682 816 724 se
837 682 853 725 a
876 672 965 743 patre
987 662 1098 729 llocclro

115 746 230 807 obviarn
256 745 312 807 illis
339 745 425 806 simul
454 753 483 806 et
503 748 648 825 praesidio
669 750 800 809 missum.
848 747 965 810 Deinde
987 756 1098 811 eumet

87 844 292 909 aprorumum
307 830 383 891 diem
401 832 464 891 sine
478 837 558 892 metu
574 833 720 892 coniuncti
743 838 822 893 eunt.
846 830 920 892 Post
938 831 993 893 ubi
1010 840 1098 895 castra

113 914 207 975 locata
223 920 252 974 et
271 913 327 974 diei
344 931 446 991 vesper
465 920 536 983 erat,
553 922 674 992 repente
688 915 808 976 Maurus
823 916 940 976 incerto
955 915 1035 977 voltu
1051 934 1097 995 pa·

113 1016 184 1059 vens
199 998 236 1058 ad
255 997 365 1059 Sullam
383 997 513 1058 adcurrit
528 998 654 1077 dicitque
670 998 725 1059 sibi
748 1016 783 1059 ex
797 994 1037 1077 speculatoribus
1053 1018 1112 1060 001

114 1083 242 1161 gnitum,
273 1080 444 1159 Iugurtham
471 1081 543 1141 baut
563 1081 668 1159 procul
689 1082 808 1143 abesse:
838 1082 928 1142 simul
951 1085 1097 1145 utineam

84 1165 189 1229 telam
210 1182 312 1226 secum
332 1164 512 1242 profugeret,
536 1171 620 1243 rogat
639 1172 725 1242 atque
745 1166 893 1226 hortatur.
939 1165 995 1227 1110
1009 1168 1096 1227 animo

114 1249 207 1311 feroci
223 1255 311 1326 negat
327 1266 359 1309 se
379 1250 484 1308 totiens
502 1248 600 1309 lusum
617 1249 773 1309 Numidam
794 1250 1027 1327 pertimescere:
1047 1253 1096 1311 rir-

111 1335 168 1393 tuti
189 1350 312 1394 suorum
337 1334 406 1393 satis
429 1332 566 1392 credere:
594 1334 680 1392 etiam
706 1334 730 1391 si
756 1339 836 1393 certa
864 1336 960 1409 pestis
981 1336 1095 1403 adesset,

112 1435 285 1477 mansurum
300 1418 397 1493 potius
413 1434 499 1493 quam
516 1416 647 1494 proditis,
670 1433 744 1494 quos
764 1415 908 1485 ducebat,
933 1419 1016 1496 turpi
1036 1417 1117 1495 lugan

112 1503 242 1562 incertae
257 1519 292 1560 ac
308 1499 429 1559 forsitan
443 1505 510 1577 post
522 1498 609 1576 paulo
631 1499 735 1559 morbo
755 1501 931 1560 interiturae
946 1502 1023 1563 vitae
1036 1518 1094 1579 par·

85 1591 202 1651 4110101.
237 1583 373 1644 Ceterum
388 1582 424 1642 ab
444 1583 547 1642 eodem
565 1585 692 1642 monitus
708 1585 751 1643 uti
772 1590 861 1643 noctu
877 1585 1093 1661 proficisceren-

112 1675 175 1736 tur,
208 1665 360 1726 consilium
382 1664 539 1743 adprobat,
569 1685 604 1725 ac
628 1667 724 1726 statim
747 1666 853 1727 milites
875 1676 1021 1729 coenatos
1040 1686 1093 1729 esse

112 1753 142 1811 in
162 1752 264 1810 castris
285 1750 418 1827 ignisque
433 1767 519 1827 quam
537 1749 743 1810 creberrumos
760 1751 832 1819 fieri,
857 1751 928 1811 dein
947 1755 1042 1830 prima
1060 1753 1092 1811 ri·

85 1835 179 1911 agilia
201 1832 315 1894 silentio
338 1833 438 1910 egredi
456 1831 546 1892 iubet.
583 1832 702 1910 lamque
723 1840 870 1894 nocturno
892 1836 1001 1898 itinere
1022 1836 1112 1897 10001111

115 1917 251 1978 omnibns
265 1917 344 1977 Sulla
358 1919 468 1996 pariter
483 1934 550 1975 cum
566 1923 632 1976 ortu
648 1916 716 1975 solis
731 1924 825 1977 castra
841 1918 1023 1989 metabatur,
1037 1938 1093 1980 cun

115 2004 227 2081 equites
244 2000 337 2060 Mauri
348 2002 483 2059 nuntiant
499 1998 671 2074 Iugurtha-m
683 2002 800 2060 circiter
817 2001 911 2061 duum
931 2003 1044 2064 milium
1058 2006 1092 2061 in-

85 2085 233 2149 otervallo
249 2090 316 2145 ante
331 2102 381 2144 eos
400 2083 576 2142 consedisse.
619 2081 702 2152 Quod
718 2090 875 2161 postquam
895 2087 1031 2147 auditum
1049 2096 1092 2151 est,

111 2178 174 2230 tum
191 2186 260 2228 vero
284 2170 388 2243 ingens
403 2174 498 2227 metus
511 2173 627 2225 nostros
644 2168 765 2227 invadit:
785 2168 910 2229 credere
925 2188 959 2230 se
972 2172 1094 2248 proditos

113 2272 128 2312 a
151 2252 259 2312 Voluce
282 2259 310 2310 01
331 2251 441 2310 insidiis
464 2252 691 2318 circumventos,
716 2269 750 2310 ac
771 2252 870 2320 fuere,
896 2256 950 2330 qui
973 2255 1115 2314 dicerenta

112 2354 201 2397 manu
217 2335 421 2395 vindicandum
436 2351 532 2410 neque
548 2335 623 2410 apud
638 2333 720 2393 illum
735 2340 848 2394 tantum
864 2336 965 2396 scelus
979 2338 1094 2397 inultum

66 2418 364 2498 id7relinquendum.
398 2418 434 2476 lt
456 2416 549 2485 Sulla,
573 2434 748 2496 quamquam
771 2418 874 2478 eadem
897 2420 1093 2486 existumabat,

113 2516 211 2566 tamen
234 2501 269 2561 ab
289 2503 393 2561 iniuria
412 2500 545 2561 Maurum
563 2501 715 2577 prohibet:
738 2519 807 2561 0000
827 2502 968 2563 hortatur
981 2507 1025 2564 011
1043 2505 1093 2564 sor·

111 2597 172 2650 tem
196 2587 325 2646 animum
347 2592 498 2660 gererent:
525 2602 611 2662 saepe
633 2590 700 2645 ante
721 2587 823 2661 paucis
842 2589 974 2647 strenuis
998 2589 1093 2648 advor-

114 2689 179 2735 sum
194 2669 408 2729 multitudinem
429 2667 505 2727 bene
522 2674 700 2745 pugnatum:
724 2675 833 2746 quanto
856 2669 912 2730 sibi
935 2672 964 2731 in
990 2670 1117 2749 proelioe

114 2757 210 2818 minus
225 2753 438 2830 pepercissent,
454 2758 534 2811 tanto
553 2753 676 2811 tutiores
694 2753 771 2812 iore:
787 2770 843 2812 nec
855 2771 1037 2832 quemquam
1052 2755 1094 2814 de·

115 2857 198 2905 cere,
226 2838 276 2913 qui
298 2853 402 2895 manus
423 2837 591 2901 armaverit,
617 2835 652 2894 ab
673 2837 792 2896 inermis
813 2836 942 2912 pedibus
962 2839 1094 2898 auxilinm

7 2984 12 2991 ,
114 2928 230 3000 petere,
254 2922 282 2977 in
300 2937 437 2978 maxumo
453 2925 533 2979 metu
547 2919 659 2979 nudum
679 2926 707 2978 01
724 2937 843 2979 caecum
866 2938 978 2997 corpus
994 2923 1031 2981 ad
1050 2922 1094 2980 bo·

90 3008 167 3067 10110
186 3009 310 3062 vortere.
360 3002 470 3062 Deinde
491 3002 648 3070 Volucem,
678 3005 815 3080 quoniam
836 3003 953 3064 hostilia
982 3004 1094 3071 iaceret,

114 3090 211 3150 lovem
233 3104 401 3146 maxumum
418 3086 577 3146 obtestatus
589 3094 622 3146 ut
634 3085 751 3145 sceleris
769 3094 856 3164 atque
871 3087 1017 3162 perfidiae
1029 3088 1121 3149 Boc-tt

88 3174 162 3242 30111
180 3173 261 3232 100110
287 3171 414 3238 adesset,
436 3189 471 3230 ex
494 3173 595 3230 castris
617 3169 697 3229 abire
724 3169 813 3229 iubet.
858 3169 912 3230 llle
934 3171 1097 3232 lacrumans

114 3275 200 3318 orare
214 3273 252 3316 nc
269 3273 302 3314 ea
319 3254 552 3314 010110101εο11111
570 3254 635 3313 dolo
650 3253 767 3321 tactum,
785 3272 819 3312 ac
836 3256 932 3331 magis
948 3255 1098 3316 calliditate

114 3341 282 3419 Iugurthae,
303 3341 349 3399 cui
364 3337 496 3398 videlicet
507 3337 668 3415 speculanti
678 3339 734 3396 iter
744 3354 830 3398 suum
844 3341 997 3415 cognitum
1010 3346 1098 3401 esset:

7 3415 13 3435 ¹
86 3434 245 3490 1001010111
269 3424 406 3501 quoniam
425 3440 521 3501 neque
533 3423 679 3497 ingentem
694 3420 912 3481 multitudinem
929 3421 1057 3484 haberet
1074 3431 1100 3483 01

113 3528 181 3589 spes
209 3525 338 3584 opesque
357 3508 418 3565 eius
441 3524 477 3566 01
498 3510 582 3583 patre
604 3522 656 3564 suo
672 3503 845 3580 penderent,
870 3505 999 3566 credere
1022 3507 1126 3567 illumat

87 3592 187 3656 51111111
208 3590 304 3672 palam
319 3607 469 3660 ausurum,
486 3590 630 3666 cumipse
646 3586 722 3647 filius
738 3589 818 3647 testis
841 3589 974 3650 adesset:
998 3609 1056 3670 qua
1069 3606 1101 3651 re

114 3685 266 3755 optumum
289 3673 367 3734 lactu
384 3674 490 3742 videri,
513 3691 567 3751 per
586 3672 681 3732 media
701 3672 763 3730 cius
779 3677 875 3732 castra
891 3671 996 3750 palam
1009 3683 1101 3735 trans·

108 3762 170 3823 irc:
201 3776 266 3820 sese
293 3757 340 3818 rel
364 3758 531 3837 praemissis
552 3755 596 3815 vel
614 3754 720 3815 ibidem
742 3751 853 3813 relictis
873 3755 989 3819 Mauris
1011 3757 1101 3819 solum
