2272 4176
340 160 499 226 BELLUM
519 164 698 227 AFRICAE.
941 158 1002 227 367

10 294 69 393 fle
95 334 155 379 suo
181 316 315 377 adventu
341 318 496 379 certiores
536 319 655 378 Interim
676 318 795 380 nobiles
811 318 949 378 homines
964 333 1004 378 ex

10 402 95 465 mis
117 401 241 479 oppidis
262 401 426 477 profugere
447 403 526 462 ein
548 410 649 463 castra
663 403 802 463 Caesaris
817 402 960 463 devenire
974 410 1005 463 et

14 488 68 549 de
83 486 332 548 adversariorum
350 487 416 547 eius
436 487 611 548 crudelitate
632 487 857 562 acerbitateque
872 502 1003 547 comme·

22 580 152 634 morare
167 576 346 646 coeperunt.
377 571 510 644 Quorum
531 571 662 633 lacrimis
679 571 875 645 querelisque
891 572 1004 631 caesar

24 662 201 718 commotus
211 670 279 715 oum
288 661 377 714 antea
388 656 596 716 constituisset
607 671 625 714 e
637 656 754 715 stativis
767 656 874 715 castris
888 662 1003 715 aestate

22 740 102 801 inita
116 740 237 801 cunctis
253 739 350 814 copiis
378 739 562 813 auxiliisque
584 740 688 799 accitis
710 739 823 799 bellum
847 756 916 799 cum
938 740 1002 799 suis

10 825 216 897 ‚adversariis
229 838 344 898 gerere,
356 824 462 883 litteris
476 823 613 882 celeriter
628 824 659 882 in
668 822 801 883 Siciliam
816 823 855 882 ad
861 824 1003 883 Alienum

22 915 56 970 et
67 909 228 970 Rabirium
240 906 418 967 Postumum
431 908 613 983 conscriptis
628 923 684 983 per
700 916 897 982 catascopum
907 909 1001 983 mittit,

10 999 58 1055 ·ut
78 992 150 1054 sine
169 1007 257 1053 mora
277 1007 313 1050 ao
327 993 410 1051 nulla
430 993 630 1052 excusatione
649 991 758 1051 hiemis
779 1000 1002 1068 ventorumque

22 1093 120 1155 quam
138 1077 296 1139 celerrime
312 1077 465 1137 exereitus
486 1075 545 1135 sibi
566 1082 837 1152 transportaretur:
866 1077 1002 1136 Africam

15 1162 220 1239 'provinciam
246 1160 347 1236 perire
373 1160 571 1235 funditusque
597 1162 691 1220 everti
717 1160 755 1219 ab
777 1161 841 1220 suis
857 1160 1001 1230 inimiols3

23 1247 112 1322 quod
127 1245 189 1305 nisi
203 1245 341 1304 celeriter
355 1245 449 1306 sociis
464 1244 543 1305 loret
557 1245 747 1318 subventum,
766 1252 888 1320 praeter
901 1245 1001 1321 ipsam

22 1330 163 1391 Africam
178 1334 288 1389 terram
303 1329 390 1404 nihil,
416 1344 456 1388 ne
470 1335 582 1392 tectum
598 1329 734 1402 quidem,
757 1345 818 1404 quo
834 1345 869 1389 se
883 1329 1000 1405 recipe·

21 1421 106 1489 rent,
135 1413 173 1473 ab
198 1414 318 1473 illorum
345 1414 462 1473 scelere
483 1413 665 1488 insidiisque
685 1412 837 1487 reliquum
858 1415 999 1473 futurum.

22 1500 129 1574 Atque
149 1497 218 1573 ipse
240 1497 269 1555 in
284 1502 367 1556 tanta
381 1504 446 1557 erat
460 1497 654 1557 festinatione
670 1503 700 1556 et
713 1497 941 1572 expectatione,
967 1504 1001 1557 ut

21 1589 154 1659 postero
170 1581 240 1655 die,¹
251 1597 342 1656 quam
357 1581 494 1642 misisset
507 1583 622 1642 litteras
637 1580 850 1656 nuntiumque,
867 1582 999 1642 classem

22 1666 256 1741 exercitumque
270 1665 384 1726 morari
399 1665 522 1740 diceret,
538 1666 604 1725 dies
616 1670 786 1740 noctesque
798 1666 904 1725 oeulos
915 1681 998 1726 men·

21 1756 150 1827 temque
164 1751 204 1809 ad
217 1765 301 1809 mare
316 1750 485 1825 dispositos
502 1750 697 1825 directosque
712 1749 846 1808 haberet.
868 1749 930 1810 Nec
944 1750 998 1809 mi-

17 1851 100 1897 rum.
137 1834 409 1895 Animadvertebat
429 1834 508 1893 enirn
530 1835 616 1894 villas
638 1833 739 1907 exuri,
768 1849 859 1908 agros
873 1834 997 1909 vastari,

18 1934 122 1997 pecus
138 1918 243 1993 diripi,
270 1918 429 1992 trucidari,
457 1918 573 1994 oppida
589 1918 776 1993 castellaque
790 1918 868 1978 dirui
884 1919 997 1979 deseri-

20 2018 92 2081 que,
108 2003 265 2078 principes
282 2002 433 2061 civitatum
447 2010 499 2062 aut
512 2003 640 2062 interfici
656 2008 708 2062 aut
722 2003 752 2061 in
764 2003 877 2063 eatenis
893 2003 997 2077 teneri,

17 2088 139 2149 liberos
161 2102 267 2148 eorum
288 2086 429 2147 obsidum
445 2087 567 2148 nomine
581 2088 612 2146 in
628 2087 803 2148 servitutem
818 2088 933 2163 abripi;
959 2088 996 2148 iis

18 2188 56 2233 se
71 2172 103 2232 in
122 2171 254 2231 miseriis
271 2187 419 2246 suamque
434 2171 527 2231 fidem
544 2171 775 2248 implorantibus
797 2173 909 2233 auxilio
925 2189 994 2248 pro-

17 2264 89 2333 pter
111 2257 270 2331 copiarum
292 2256 475 2331 paucitatem
496 2271 566 2316 esse
586 2273 648 2317 non
663 2271 768 2332 posse.
795 2256 906 2317 Milites
921 2258 995 2317 inte-

19 2340 120 2401 rimin
130 2355 224 2416 opere
232 2355 377 2401 exercere
390 2347 482 2415 atque
495 2347 595 2400 castra
604 2341 730 2415 munire,
747 2346 855 2414 turres,
872 2343 997 2401 castella

17 2424 126 2487 iacere
138 2425 301 2499 molesque
315 2425 416 2484 iacere
430 2425 461 2482 in
476 2441 560 2484 mare
574 2442 636 2488 non
651 2425 854 2485 intermittere.

104 2508 226 2569 XXVII.
250 2507 353 2583 Scipio
369 2509 486 2567 interim
502 2510 682 2585 elephantos
697 2509 756 2569 hoo
771 2510 863 2569 modo
880 2510 994 2571 condo·

18 2594 162 2655 deiecere
177 2593 312 2653 instituit.
342 2593 425 2652 Duas
441 2593 582 2655 instruxit
596 2595 688 2669 acies,
703 2610 794 2653 unam
810 2595 994 2654 funditorum

16 2684 127 2741 eontra
142 2676 331 2755 elephantos
349 2692 428 2751 quae
442 2677 529 2752 quasi
544 2679 788 2738 adversariorum
803 2679 902 2739 locum
918 2680 993 2740 obti-

16 2772 106 2827 neret
121 2772 152 2823 et
165 2771 271 2825 contra
286 2779 391 2824 eorum
406 2762 537 2824 frontem
548 2763 709 2826 adversam
723 2763 844 2839 lapillos
860 2764 993 2826 minutos

16 2848 166 2916 mitterem
194 2849 305 2909 deinde
324 2849 355 2908 in
377 2849 513 2909 ordinem
529 2851 709 2925 elephantos
728 2850 895 2923 constituit,
921 2857 994 2925 post

15 2932 87 2994 illos
104 2939 205 2992 autem
221 2949 308 2993 suam
324 2933 419 2993 aciem
434 2934 591 3007 instruxit,
608 2943 654 3008 ut,
671 2949 739 2994 eum
755 2933 793 2992 ab
808 2934 991 2994 adversariis

15 3016 138 3092 lapides
152 3018 226 3078 mitti
242 3017 420 3094 coepissent
435 3027 465 3078 et
479 3018 631 3093 elephanti
648 3017 796 3094 perterriti
812 3034 846 3077 se
861 3018 900 3078 ad
916 3035 992 3078 suos

18 3102 261 3176 convertissent,
287 3119 394 3162 rursus
416 3102 454 3162 ab
476 3120 531 3163 sua
554 3104 619 3162 acie
641 3102 794 3177 lapidibus
817 3103 919 3162 missis
936 3119 990 3164 eos

16 3192 232 3247 converterent
246 3188 396 3247 adversus
412 3187 548 3255 hostem3
572 3188 653 3261 quod
669 3200 760 3260 aegre
775 3188 922 3262 tardeque
937 3188 990 3247 fie-

15 3268 76 3331 bat
108 3270 214 3331 Rudes
235 3270 315 3331 eninr
336 3271 489 3347 elephanti
511 3272 671 3331 multorum
688 3284 836 3329 annorum
853 3272 991 3331 doctrina

15 3369 140 3430 usuque
165 3361 284 3416 vetusto
309 3355 363 3415 vix
388 3356 489 3416 edocti
513 3363 613 3415 tamen
635 3354 786 3416 communi
807 3356 943 3432 periculo
958 3375 988 3418 m

15 3440 113 3501 telem
128 3441 346 3516 producuntur.
