2272 4176
131 456 190 519 112
398 478 579 521 ouamonus
599 480 640 520 uu
661 480 842 523 umsuuuau

128 625 184 686 sibi
197 628 320 705 quisque
334 642 406 707 opes
417 634 468 687 aut
482 628 643 704 patrocinia
657 627 830 705 quaerundo
848 610 1007 691 consilium
1018 628 1099 708 publ·

94 722 196 787 tcum
217 716 427 787 conruperunt.
448 710 485 770 dt
503 717 566 771 tum
585 717 648 772 erat
664 709 791 788 Lepidus
811 711 887 771 latro
914 730 986 773 eum
1006 714 1099 775 caloni¹

127 792 184 853 bns
204 800 233 854 et
252 794 352 871 paucis
373 794 498 863 sicariis,
520 811 646 872 quorum
660 810 747 853 nemo
766 811 825 854 non
845 794 953 856 diurna
975 798 1100 859 mercado

126 878 214 937 vitam
234 878 402 938 mutaverit:
432 894 511 939 nunc
536 884 580 938 est
605 895 661 955 pro
683 877 803 938 consule
825 896 894 938 cum
914 881 1032 957 inperio
1051 898 1099 941 uon
1135 905 1136 908 ¹

78 1000 81 1005 -
127 968 226 1038 empto
248 967 293 1021 set
314 960 381 1021 dato
400 979 417 1021 a
439 962 535 1031 vobis,
561 979 630 1021 oum
650 960 752 1038 legatis
773 960 870 1021 adhuc
893 964 960 1023 iure
984 966 1115 1042 parenti-¹

125 1042 198 1103 bus:
215 1050 245 1105 et
259 1044 297 1104 ad
314 1063 382 1106 eum
396 1062 574 1106 concurrere
590 1043 725 1104 homines
739 1045 870 1105 omnium
890 1047 1032 1108 ordinum
1043 1066 1100 1109 cou-

125 1130 305 1205 ruptissumi,
323 1127 480 1207 flagrantes
496 1128 593 1205 iuopia
606 1134 635 1188 et
650 1127 848 1205 cupidinibus,
870 1129 1024 1192 scelerum
1043 1149 1100 1192 cou·
1135 1185 1136 1188 ,

126 1213 247 1273 scientia
280 1214 429 1290 exagitati,
460 1211 566 1291 quibus
588 1212 670 1291 quies
691 1213 721 1271 iu
751 1211 952 1282 seditionibus,
977 1216 1009 1274 in
1040 1233 1101 1293 paco

125 1294 230 1356 turbae
246 1303 328 1356 sunt:
352 1297 378 1356 ei
393 1296 548 1357 tumultum
567 1313 603 1356 ex
617 1294 753 1365 tumultu,
774 1294 886 1354 bellum
909 1314 946 1357 ex
968 1297 1047 1359 bebo
1064 1317 1101 1359 sc·

126 1385 209 1448 runt,
231 1379 379 1440 Saturnini
401 1378 484 1447 olim,
508 1385 574 1456 post
595 1377 718 1455 Sulpici,
742 1378 809 1438 dein
831 1378 906 1439 llari
927 1379 1101 1460 Damasippi·

91 1470 110 1524 8
127 1480 199 1540 que,
220 1481 300 1523 nunc
316 1463 417 1540 Lepidi
435 1462 581 1523 satellites.
600 1464 757 1523 Praeterea
770 1461 887 1522 Etruria
904 1469 995 1541 atque
1011 1482 1102 1537 omues

126 1545 266 1624 reliquiae
284 1546 353 1606 belli
375 1546 519 1614 adrectae,
541 1547 696 1624 Hispaniae
715 1547 804 1605 armis
823 1546 976 1615 sollicitae,
1000 1548 1101 1609 llitbri·

126 1630 208 1689 dates
228 1632 258 1689 in
280 1629 370 1690 latere
390 1630 573 1707 vectigalium
594 1636 778 1696 nostrorum,
798 1629 907 1707 quibus
927 1630 1028 1692 adhuc
1047 1650 1101 1692 sus·

125 1718 282 1782 tentamur,
306 1712 381 1773 diem
401 1712 479 1773 bello
500 1714 710 1791 circumspicit:
739 1714 809 1791 quin
830 1720 952 1790 praeter
974 1715 1101 1777 idoneum

126 1796 232 1858 ducem
252 1796 323 1856 nibil
345 1797 428 1857 abest
449 1796 485 1856 ad
505 1796 739 1857 subvortundum
760 1798 917 1872 inperium.

89 1896 108 1949 9
210 1881 294 1952 Quod
310 1899 364 1958 ego
379 1898 429 1940 vos
445 1899 497 1939 oro
513 1888 599 1958 atque
615 1880 749 1949 obsecro,
771 1886 870 1956 patres
889 1885 1057 1960 conscripti,
1075 1888 1101 1941 ut

125 1965 369 2032 animadvortatis,
393 1982 451 2025 neu
473 1965 622 2041 patiamini
636 1964 782 2024 licentiam
799 1963 949 2025 scelerum
967 1968 1049 2045 quasi
1062 1984 1100 2025 ra·

124 2047 203 2107 biom
221 2048 257 2108 ad
273 2049 403 2124 integros
416 2056 551 2108 contactu
565 2048 737 2124 procedere.
761 2048 834 2107 Nam
850 2047 903 2108 ubi
915 2050 1012 2110 malos
1026 2067 1100 2127 prae

124 2135 181 2192 mia
203 2138 357 2201 secuntur,
384 2132 455 2191 liant
481 2130 567 2191 lacile
589 2133 742 2209 quisquam
771 2133 898 2207 gratuito
927 2132 1028 2194 bonus
1055 2140 1099 2193 est

74 2226 107 2278 10
124 2216 168 2278 dn
191 2218 367 2292 expectatis,
393 2215 463 2275 dum
488 2217 617 2275 exercitu
640 2233 744 2275 rursus
768 2215 887 2275 admoto
918 2216 1002 2276 ferro
1024 2224 1122 2295 atquett

124 2299 242 2359 flamma
262 2299 367 2360 urbem
383 2300 515 2359 invadat?
537 2298 615 2376 quod
635 2297 726 2358 multo
748 2301 870 2375 propius
886 2308 930 2360 est
948 2298 986 2361 ab
1005 2320 1040 2362 eo
1052 2316 1100 2377 quo

125 2385 214 2460 agitat
234 2389 325 2451 statu,
355 2402 442 2462 quarn
466 2402 500 2442 ex
519 2400 591 2459 pace
614 2389 643 2442 et
663 2383 820 2442 concordia
842 2383 880 2442 ad
903 2403 988 2445 arma
1009 2383 1099 2451 civilia,

125 2484 200 2544 quae
216 2465 263 2527 ille
279 2467 434 2527 advorsum
450 2467 545 2528 diviua
562 2473 590 2526 et
608 2467 734 2526 humana
752 2466 849 2526 omnia
868 2470 957 2544 cepit,
981 2487 1039 2528 non
1055 2483 1100 2543 pro
1135 2513 1136 2546 3

65 2570 68 2575 ·
125 2568 178 2610 sua
197 2557 246 2610 aut
273 2568 398 2629 quorum
420 2550 536 2609 simulat
560 2551 680 2619 iniuria,
707 2555 751 2609 set
777 2549 877 2626 legum
907 2570 943 2611 ac
971 2551 1099 2613 libertatis
1135 2579 1136 2586 κ

76 2650 107 2703 11
125 2634 350 2695 subvortundae.
371 2636 472 2712 Agitur
495 2636 571 2694 enim
595 2651 629 2694 ac
647 2633 793 2693 laceratur
812 2636 902 2694 animi
925 2636 1061 2712 cupidine
1077 2640 1120 2692 etit

126 2736 268 2778 noxarum
289 2725 382 2787 metu,
417 2735 522 2795 expers
544 2717 661 2785 consili,
688 2719 818 2794 inquies,
845 2717 921 2779 haec
956 2727 1042 2798 atque
1062 2716 1098 2777 illa

127 2809 287 2878 temptanS,
316 2803 419 2862 metuit
440 2803 531 2862 otium
550 2802 610 2862 odit
631 2799 757 2870 bellum,
786 2801 858 2861 luxu
886 2809 978 2880 atque
1000 2802 1097 2862 licentia

129 2886 287 2945 carendum
308 2887 385 2946 videt
402 2919 443 2929 -
455 2892 541 2963 atque
560 2887 675 2945 interim
697 2884 826 2945 abutitur
846 2892 947 2946 vostra
968 2886 1095 2946 socordia.

80 2979 111 3030 12
128 2970 228 3046 Neque
244 2969 314 3029 mibi
334 2971 402 3029 satis
423 2970 524 3030 consili
546 2976 597 3037 est,
619 2975 728 3029 metum
754 2986 792 3027 au
817 2971 967 3044 ignaviam
996 2990 1031 3032 an
1057 2969 1095 3028 de·

129 3054 265 3114 mentiam
286 3071 349 3113 eam
371 3053 527 3131 adpellem:
548 3054 597 3131 qui
611 3052 747 3113 videmini
765 3053 913 3114 intuentes
933 3055 1010 3115 mala
1030 3050 1116 3131 quasit

129 3137 238 3198 fulmen
263 3145 364 3215 optare
394 3156 425 3198 se
451 3140 572 3216 quisque
592 3155 630 3197 nc
650 3136 794 3211 adtingat,
825 3144 870 3196 set
892 3139 1050 3215 probibere
1067 3150 1096 3193 ue

13 3290 17 3309 .
80 3231 112 3285 13
130 3224 229 3284 conari
254 3222 379 3300 quidem.
424 3222 461 3282 Et
490 3239 598 3300 quaeso
624 3220 821 3288 considerate,
852 3240 942 3300 quam
971 3234 1095 3282 corrrorsa

11 3316 13 3319 ’
130 3325 230 3368 rerum
249 3314 353 3367 natura
374 3308 419 3366 sit.
438 3309 530 3366 Antea
552 3304 661 3365 malum
682 3303 832 3380 publicum
856 3305 983 3374 occulte,
1007 3302 1096 3365 auxilia

130 3392 225 3470 palam
246 3390 466 3451 instruebantur
496 3397 524 3450 et
550 3408 585 3450 eo
610 3388 679 3447 boni
711 3384 803 3447 malos
830 3389 917 3450 lacile
948 3390 1096 3450 arrteibant:
1127 3397 1128 3400 ’

130 3493 208 3537 nunc
234 3493 290 3552 pax
314 3480 342 3532 et
364 3474 520 3534 concordia
547 3472 746 3533 disturbantur
768 3470 880 3549 palam,
912 3474 1116 3533 defenduntur!

131 3559 259 3620 occulte:
285 3557 391 3636 quibus
410 3557 457 3618 illa
479 3556 595 3634 placent
616 3558 645 3616 in
666 3556 755 3614 armis
776 3564 860 3624 suut,
890 3575 943 3616 vos
970 3560 999 3616 iu
1021 3563 1096 3616 metr.

81 3652 114 3705 14
131 3643 205 3712 Quid
233 3642 407 3718 expectatis?
434 3643 489 3701 nisi
518 3641 595 3700 lortc
615 3639 705 3717 pudet
727 3644 777 3698 aut
798 3641 880 3716 piget
901 3649 985 3701 recte
1005 3642 1097 3699 lacere

131 3728 173 3786 An
194 3725 295 3804 Lepidi
323 3725 458 3785 mandata
485 3726 596 3785 animos
622 3722 758 3783 movere?
786 3725 835 3801 qui
858 3724 979 3802 placere
1001 3726 1035 3783 ait
1056 3736 1098 3780 sua
1134 3747 1136 3802 ς
