2272 4176
120 496 187 561 290
437 494 489 555 ott
510 492 635 557 BELLO
656 494 774 557 clvun

123 651 217 712 inlato
232 648 359 726 reliquis
373 646 558 723 cohortibus,
574 653 604 708 et
616 646 657 708 M.
672 648 841 723 Antonius,
856 646 907 725 qui
921 649 1082 725 proximum

122 736 225 796 locum
241 734 464 810 praesidiorum
478 734 608 809 tenebat,
623 748 661 793 ea
674 748 709 793 re
723 734 865 794 nuntiata
878 748 947 793 com
961 735 1083 797 cohorti

121 819 180 880 bus
198 818 359 879 duodecim
374 818 566 878 descendens
589 833 628 877 ex
642 820 711 880 loco
728 817 891 893 superiore
905 819 1083 881 cernebatm.

26 908 30 915 '
122 904 216 964 Cuius
240 904 389 962 adventus
409 901 614 977 Pompeianos
635 902 818 979 compressit
837 908 1025 979 nostrosque
1043 904 1083 963 lir-

123 989 230 1062 mavit,
245 993 278 1047 ut
293 1003 327 1046 se
342 1002 381 1046 ex
395 987 527 1055 maximo
542 987 650 1047 timore
666 988 853 1062 colligerent
882 987 990 1063 Neque
1002 989 1084 1049 multo

123 1080 195 1147 post
210 1072 322 1131 Caesar
337 1070 559 1145 significatione
573 1087 629 1147 per
644 1073 769 1132 castella
782 1072 867 1131 fumo
882 1073 972 1147 lacta,
986 1079 1020 1131 ut
1031 1078 1085 1131 erat

123 1156 293 1231 superioris
307 1157 454 1231 temporis
470 1157 670 1231 consuetudo,
687 1156 827 1217 deductis
845 1156 1029 1230 quibusdam
1043 1170 1083 1214 co

124 1241 260 1301 hortibus
283 1255 322 1298 ex
342 1234 506 1315 praesidiis
529 1241 637 1299 eodem
658 1240 750 1299 venit.
781 1239 837 1313 Qui
861 1240 985 1314 cognito
1005 1240 1083 1298 detri-

122 1331 223 1384 mento
245 1339 314 1383 cunr
336 1324 600 1384 animadvertisset
612 1324 790 1399 Pompeium
811 1330 900 1383 extra
913 1323 1083 1385 munitiones

122 1424 291 1483 egressum,
306 1414 340 1467 ut
353 1408 447 1467 libere
463 1408 601 1483 pabulari
616 1415 723 1483 posset
735 1423 792 1467 neo
803 1407 905 1467 nnnus
918 1409 1031 1469 aditum
1041 1423 1082 1467 nu

122 1492 211 1552 vibus
225 1491 365 1565 haberet,
392 1500 573 1553 commutata
585 1493 704 1553 ratione
714 1492 800 1567 belli,
825 1492 973 1567 quoniam
984 1507 1083 1567 propo·

124 1576 213 1637 situm
234 1592 295 1635 non
316 1583 469 1651 tenuerat,
495 1584 596 1637 castra
617 1578 786 1637 secundum
806 1591 891 1635 mare
911 1576 997 1636 iuxta
1009 1576 1083 1637 Pom·

123 1660 223 1735 poium
239 1661 357 1719 munire
373 1660 470 1721 iussit.
1126 1726 1128 1739 ,

205 1743 308 1803 LXVI.
333 1744 398 1817 Qua
418 1746 554 1820 perlecta
573 1745 738 1804 munitione
754 1744 1004 1805 animadversum
1018 1750 1083 1803 esta

124 1828 368 1903 speculatoribus
385 1829 522 1889 Caesaris
545 1830 687 1889 cobortes
709 1829 875 1904 quasdam,
903 1830 989 1904 quod
1003 1829 1083 1889 instar

122 1912 252 1987 legionis
274 1913 443 1988 videretur,
469 1928 541 1973 csse
562 1921 634 1988 post
655 1914 762 1972 silvam
777 1920 807 1972 et
826 1912 857 1970 in
872 1920 981 1972 vetera
996 1920 1084 1972 eastra

123 1995 203 2056 duci.
221 1997 394 2057 Castrorum
408 1998 458 2057 hic
473 1999 550 2057 situs
565 2004 638 2057 erat.
656 1995 873 2072 Superioribus
889 1997 1000 2057 diebus
1015 2010 1082 2056 nom

124 2080 263 2141 Caesaris
279 2083 357 2155 legio
374 2098 441 2141 eum
457 2098 491 2141 se
507 2080 871 2154 obiecissetPompcianis
889 2082 989 2156 copiis
1005 2088 1083 2155 atque

123 2180 227 2240 opere,
243 2170 276 2225 ut
290 2166 573 2239 demonstravimus,
588 2165 837 2238 circummuniret‚
855 2172 960 2225 castra
976 2181 1012 2225 eo
1027 2167 1083 2224 loco

123 2250 235 2324 posuit.
265 2250 348 2309 Haec
369 2250 477 2309 silvam
500 2251 652 2322 quandam
674 2249 890 2322 contingebant
911 2264 1016 2324 neque
1030 2251 1074 2310 lon

123 2333 192 2407 gius
208 2349 226 2391 a
240 2333 315 2391 mari
330 2334 473 2407 passibus
488 2334 631 2393 trecentis
648 2333 782 2393 aberant.
803 2331 877 2392 Post
890 2340 1008 2393 mutato
1024 2349 1083 2393 con·

123 2416 191 2475 silio
209 2416 395 2491 quibusdam
410 2418 449 2476 de
465 2419 568 2478 causis
584 2420 696 2478 Caesar
710 2419 800 2492 paulo
816 2419 896 2476 ultra
911 2433 981 2477 enm
997 2420 1083 2477 locun

123 2501 390 2574 castratranstulit‚
406 2501 882 2576 paucisqneintermissisdiebus
892 2502 1083 2562 eademPom-

124 2585 211 2658 peius
228 2594 434 2658 occupaverat
448 2593 491 2659 et,
517 2587 600 2660 quod
621 2587 742 2646 coloro
759 2587 861 2658 plures
878 2593 945 2645 crat
959 2587 1084 2661 legiones

123 2665 290 2741 habiturus
305 2669 410 2729 relicto
425 2670 567 2729 interiore
581 2673 661 2729 vallo
676 2671 821 2729 maiorem
833 2669 991 2731 adiecerat
1000 2669 1084 2730 muni·

122 2752 244 2812 tionem.
260 2754 305 2812 lta
317 2753 436 2813 minora
450 2761 551 2813 castra
564 2754 681 2814 inclusa
695 2754 860 2813 maioribus
873 2755 992 2815 castelli
1004 2762 1086 2830 atque

123 2837 204 2896 arcis
226 2839 325 2898 locum
347 2838 530 2897 obtinebant.
560 2840 632 2898 ltem
653 2839 691 2897 ab
708 2841 818 2911 angulo
835 2845 1008 2899 castrorum
1023 2838 1085 2899 sini·

124 2928 187 2981 stro
210 2922 406 2981 munitionem
426 2923 465 2981 ad
486 2922 597 2982 flumen
620 2923 818 2998 perduxerat,
845 2922 968 2982 circiter
982 2937 1086 2998 passus

123 3006 379 3080 quadringentos
402 3022 461 3080 quo
483 3007 607 3066 liberius
628 3023 647 3065 a
668 3008 803 3080 periculo
818 3006 929 3066 milites
945 3024 1087 3084 aquaren·

122 3096 181 3150 tur.
198 3089 260 3150 Sed
274 3091 300 3149 is
317 3106 440 3165 quoque
456 3098 569 3151 mutato
585 3091 712 3149 consilio
729 3090 911 3165 quibusdum
928 3092 1087 3161 decausis,

122 3190 200 3248 quas
216 3175 445 3234 commemorari
461 3191 589 3235 necesse
605 3191 665 3234 non
682 3182 742 3247 est,
766 3190 803 3233 eo
818 3176 887 3234 loco
904 3184 1087 3237 excesserat

122 3259 166 3318 lta
180 3260 355 3333 complures
367 3259 433 3318 dies
446 3267 621 3318 manserant
636 3266 754 3326 castra;
768 3259 954 3320 munitiones
971 3261 1087 3337 quidem

124 3359 228 3403 omnes
245 3343 381 3416 integrae
396 3350 490 3401 erant.

202 3427 318 3486 LXVll.
342 3427 386 3486 Εο
409 3428 497 3501 signo
519 3427 647 3501 legionis
669 3427 760 3486 inlato
786 3428 999 3504 speculatores
1020 3429 1086 3490 cae

121 3511 181 3569 sari
192 3527 256 3571 rem
272 3512 454 3572 nuntiarunt.
469 3513 535 3572 Hoc
550 3512 629 3571 idem
644 3512 742 3571 visum
754 3512 1016 3586 exsuperioribus
1029 3516 1087 3590 qui-

120 3592 249 3654 busdam
265 3597 397 3656 castellis
413 3597 674 3656 confirmaverant.
704 3597 732 3654 ls
747 3598 833 3657 locus
850 3597 958 3658 aberat
971 3615 991 3659 a
1004 3597 1088 3659 novis

120 3674 245 3752 Pompei
277 3681 386 3740 castris
408 3681 526 3740 circiter
548 3696 660 3754 passus
676 3682 867 3755 quingentos
897 3682 985 3745 Hanc
998 3683 1086 3760 legio

120 3777 189 3822 nem
204 3777 335 3837 sperans
351 3762 464 3824 Caesar
484 3779 519 3822 se
540 3764 713 3837 opprimere
727 3780 822 3837 posse
836 3772 867 3825 et
881 3768 1013 3842 cupiens
1026 3768 1086 3829 eiu
