2272 4176
473 167 626 230 amant.
969 169 1032 235 205

62 324 189 393 solacim
214 321 296 383 adeo
317 337 389 384 esse
401 323 580 400 perterritos
595 325 774 399 nonnullos,
802 330 835 386 ut
856 341 931 386 suae
950 327 1032 388 vitae

61 408 168 469 durius
184 408 350 469 considere
364 415 518 485 cogantur.
546 407 640 467 Facta
653 415 804 484 potestate
819 409 957 470 discedit.

142 492 250 552 XXIII.
275 491 404 569 Caesar,
429 493 482 554 ubi
496 493 587 566 luxit,
613 508 720 553 omnes
735 501 893 555 senatores
908 502 1029 557 senato-

60 592 191 653 rumque
204 577 335 650 liberos,
343 577 481 639 tribunos
497 577 621 636 militum
636 579 815 654 equitesque
821 579 976 640 Romanos
991 581 1030 641 ad

60 677 94 720 se
108 660 242 738 produci
257 659 347 720 iubet.
378 663 473 723 Erant
488 661 623 736 quinque
638 663 781 722 senatorii
798 662 913 722 ordinis
928 664 1029 725 L.D0·

59 748 178 820 mitius,
203 744 236 802 P.
258 745 403 807 Lentulus
420 745 576 822 Spinther,
601 747 634 804 L.
649 746 801 806 Vibullius
816 747 929 820 Rufus,
957 748 1028 808 Sex.

60 830 222 904 QuIntillus
243 830 345 888 Varus
368 837 527 905 quaestor,
552 830 584 887 L.
599 830 748 900 Rubrius,
774 837 935 906 praeterea
949 832 1029 893 filius

57 913 171 976 Domiti
193 914 305 988 aliique
327 917 498 990 complures
515 914 727 974 adulescentes
743 923 772 974 et
782 930 911 989 magnus
926 932 1029 976 nume-

59 1016 109 1060 rus
127 998 263 1073 equitum
277 999 483 1060 Romanorum
504 1003 534 1056 et
547 999 760 1074 decurionum,
787 1014 865 1074 quos
881 1015 919 1058 ex
933 1001 1028 1062 muni-

60 1082 150 1159 cipiis
165 1082 315 1142 Domitius
331 1088 523 1144 evocaverat.
537 1082 602 1143 Hos
619 1099 724 1143 omnes
740 1084 907 1158 productos
924 1101 943 1143 a
957 1102 1028 1145 con-

59 1167 191 1228 tumeliis
207 1166 333 1226 militum
353 1167 564 1240 conviciisque
578 1168 734 1242 prohibet3
760 1183 860 1243 pauca
875 1171 957 1244 apud
973 1185 1028 1230 eos

59 1251 208 1328 loquitur,
236 1253 319 1324 quod
340 1252 398 1311 sibi
419 1269 437 1311 a
457 1258 544 1325 parte
565 1267 669 1312 eorum
690 1253 787 1327 gratia
800 1254 896 1312 relata
913 1269 975 1312 non
990 1254 1030 1315 sit

59 1352 116 1412 pro
132 1335 199 1395 suis
213 1334 244 1392 in
260 1351 315 1395 eos
329 1336 469 1395 maximis
485 1335 660 1404 beneficiis;
684 1336 802 1396 dimittit
823 1352 929 1396 omnes
944 1337 1027 1399 ineo·

60 1423 167 1481 tunes.
196 1435 234 1477 us
248 1435 296 1494 ux,
313 1421 396 1495 quod
410 1420 577 1479 advexerat
590 1420 739 1480 Domitius
756 1428 846 1496 atque
860 1421 891 1479 in
905 1423 1026 1496 publico

58 1505 263 1581 deposuerat,
289 1505 421 1564 adlatum
443 1504 482 1563 ad
497 1517 532 1562 se
547 1505 584 1563 ab
606 1504 771 1564 duumviris
788 1504 1026 1567 Corfiniensibus

58 1589 189 1648 Domitio
206 1588 316 1662 reddit,
332 1604 370 1647 nc
386 1588 586 1648 continentior
601 1588 631 1647 in
645 1590 707 1648 vita
720 1588 876 1663 hominurn
891 1607 982 1663 quam
996 1591 1027 1649 in

57 1674 191 1749 pecunia
201 1673 298 1731 luisse
308 1673 456 1745 videatur,
473 1671 530 1730 etsi
542 1689 608 1730 cam
620 1675 781 1748 pecuniam
793 1673 943 1748 publicam
956 1690 1027 1734 esse

58 1757 220 1819 constabat
241 1756 404 1832 datamque
427 1755 609 1831 aPompeio
631 1758 661 1815 ln
683 1758 876 1831 stipendium.
916 1757 1026 1818 Milites

56 1842 248 1902 DomitIanos
270 1847 494 1899 sacramentum
515 1842 598 1916 apud
619 1857 653 1900 se
668 1841 770 1900 dicere
784 1841 867 1900 iubet
881 1850 972 1916 atque
988 1858 1025 1904 eo

58 1927 107 1986 dle
122 1932 225 1985 eastra
245 1932 348 1985 movet
368 1925 542 1998 iustumque
564 1926 619 1983 iter
635 1926 756 1985 conticit
771 1932 888 1998 septem
904 1927 1025 1989 omnino

57 2011 124 2071 dles
151 2009 192 2069 ad
217 2008 380 2068 Corfinium
401 2018 605 2069 commoratus
628 2016 657 2068 et
671 2025 726 2083 per
740 2009 817 2069 fines
838 2009 1025 2071 Marrucino-

58 2112 134 2170 rum,
148 2094 379 2167 Frentanorum,
394 2094 578 2153 Larinatium
592 2095 622 2152 in
636 2094 778 2168 Apuliam
794 2096 940 2168 pervenit.

139 2178 246 2237 XXIV.
269 2176 433 2252 Pompeius
448 2178 496 2236 his
511 2178 603 2237 rebus
621 2178 765 2252 cognitiS,
793 2194 871 2253 quae
887 2186 973 2240 erant
987 2182 1024 2242 ad

57 2263 223 2324 Corfinium
243 2269 363 2337 gestae,
389 2262 516 2321 Luceria
537 2263 741 2336 proficiscitur
756 2264 918 2323 Canusium
934 2273 1022 2340 atquc

56 2349 127 2408 inde
141 2347 348 2406 Brundisium.
378 2347 488 2421 Copias
510 2347 644 2423 undique
665 2364 771 2406 omnes
787 2364 825 2407 ex
840 2349 928 2407 novis
944 2349 1025 2408 dele-

56 2433 154 2492 ctibus
170 2432 209 2490 ad
226 2447 260 2490 se
276 2432 343 2505 cogi
359 2431 455 2500 iubet;
472 2447 595 2506 servos,
617 2440 756 2507 pastores
773 2439 868 2491 armat
883 2439 974 2507 atque
988 2434 1026 2493 iis

57 2532 156 2591 equos
177 2515 337 2574 adtribuit:
365 2531 403 2573 ex
424 2515 472 2575 his
493 2516 611 2574 circiter
632 2533 681 2574 ccc
697 2517 815 2589 equites
833 2517 962 2575 conficit.
991 2517 1024 2575 L.

56 2600 187 2659 Manlius
203 2607 326 2674 praetor
340 2600 419 2658 Alba
434 2615 501 2658 cum
518 2600 692 2660 cohortibus
709 2617 764 2659 sex
779 2601 926 2674 profugit,
941 2601 1025 2662 Ruti-

56 2686 111 2744 lius
122 2684 230 2757 Lupus
256 2689 378 2757 praetor
397 2685 558 2742 Tarracina
584 2701 652 2744 curn
676 2685 787 2743 tribus:
815 2700 893 2757 quae
918 2688 1025 2758 procul

56 2769 224 2844 equitatum
241 2767 380 2826 Caesaris
396 2768 606 2842 conspicatae,
632 2769 678 2827 cui
693 2776 833 2842 praeerat
845 2768 953 2828 Vibius
969 2769 1024 2828 Cu-

56 2853 133 2926 riuS,
159 2851 267 2910 relicto
284 2859 425 2925 praetore
442 2853 530 2925 signa
545 2854 581 2911 ad
599 2853 718 2912 Curium
734 2854 920 2912 transierunt
934 2861 1024 2926 atque

56 2938 178 2996 adeum
194 2941 361 2995 transeunt.
391 2936 464 2994 Item
479 2937 603 3010 reliquis
624 2938 779 2996 itineribus
795 2939 958 2996 nonnullae
973 2953 1024 2997 co·

56 3021 159 3080 hortes
174 3020 206 3078 in
224 3036 331 3093 agmen
348 3021 502 3094 Caesaris,
526 3022 601 3080 aliae
616 3023 644 3079 ln
661 3023 777 3096 equites
793 3022 936 3081 incidunt.
964 3024 1023 3082 Re·

56 3105 176 3165 ducitur
191 3104 232 3163 ad
248 3119 316 3163 eurn
331 3105 502 3179 deprensus
519 3120 557 3163 ex
572 3106 677 3165 itinere
691 3106 724 3164 N.
733 3107 851 3180 Magius
867 3106 1023 3181 Cremona,

55 3192 230 3264 praelectus
246 3189 363 3247 labrum
380 3190 430 3248 Cn.
446 3189 580 3263 Pompei.
607 3190 699 3262 Quem
712 3191 824 3249 Caesar
839 3190 876 3248 ad
893 3205 960 3249 eum
976 3208 1022 3251 re-

55 3273 139 3333 mitat
154 3288 225 3333 curn
238 3274 403 3333 mandatis:
427 3273 569 3348 quoniam
584 3275 623 3333 ad
638 3275 670 3332 id
683 3281 802 3349 tempus
818 3275 945 3334 facultas
961 3277 1022 3335 eol·

53 3356 200 3433 loquendi
222 3372 285 3416 non
306 3358 393 3417 luerit
412 3366 503 3432 atque
525 3358 591 3433 ipsc
604 3358 799 3418 Brundisium
814 3358 854 3418 sit
866 3369 1021 3429 venturus,

54 3440 206 3503 iuteresse
225 3440 410 3511 reipublicae
433 3449 462 3501 et
481 3443 647 3502 communis
663 3444 783 3507 salutis.
803 3458 838 3503 se
853 3458 922 3507 cum
934 3442 1020 3505 Pom-
