2272 4176
117 464 180 529 246
436 464 487 527 DE
507 462 632 527 netto
655 464 771 529 ctvlta

119 623 228 701 panico
244 622 323 682 enirn
336 627 440 681 vetere
455 627 546 697 atque
561 621 656 681 ordeo
676 628 822 698 corrupto
838 635 946 685 ¹omnes
965 626 1082 691 aleban-
1123 701 1126 707 ¹

119 717 180 784 tur,
207 708 290 784 quod
304 707 344 767 ad
358 705 533 767 huiusmodi
547 721 639 767 casus
654 707 820 782 antiquitus
834 716 973 785 paratum
986 712 1018 772 in
1031 730 1082 791 pu·
1124 765 1126 773 ,

118 794 229 854 blieum
241 794 431 852 contulerant
443 825 482 836 -
494 791 613 850 deiecta
623 792 707 866 turri,
723 792 875 855 labefacta
885 806 1083 873 magnaparto

118 880 202 953 muri,
216 878 336 938 auxiliis
348 876 573 952 provinciarum
581 881 611 934 et
617 877 805 936 exercituum
813 878 996 955 desperatis,
1010 901 1082 959 quos
1124 898 1126 907 ·

118 964 147 1022 in
164 963 302 1024 Caesaris
319 968 500 1036 potestatem
515 960 639 1020 venisse
655 970 872 1038 cognoverant,
888 980 961 1024 sese
975 967 1082 1029 dedere
1124 1016 1126 1027 .

118 1048 184 1109 sine
204 1049 310 1108 iraude
331 1046 525 1107 constituunt.
563 1043 626 1104 Sed
647 1046 754 1121 paucis
769 1054 839 1107 ante
855 1048 966 1110 diebus
980 1052 1013 1111 L.
1028 1054 1081 1115 Do·

118 1134 218 1193 mitius
250 1132 370 1207 cognita
393 1129 631 1189 Massiliensium
654 1132 809 1192 voluntate
835 1133 967 1194 navibus
991 1138 1081 1199 tribus
1124 1170 1126 1177 ·

119 1217 312 1293 comparatis,
334 1232 372 1275 ex
388 1215 499 1290 quibus
515 1215 592 1273 duas
607 1215 804 1289 lumiliaribus
820 1218 887 1278 suis
902 1220 1080 1297 attribuerat,
1124 1254 1126 1263 ·

101 1319 208 1363 unam
228 1302 295 1376 ipse
317 1300 554 1373 conscenderat,
574 1305 682 1359 nactus
704 1300 854 1361 turbidam
877 1310 1081 1379 tempestatem

118 1389 273 1463 profectus
289 1392 344 1446 cst.
365 1386 453 1444 Hunc
468 1382 664 1458 conspicatae
679 1400 782 1459 naves,
798 1402 878 1460 quae
893 1389 991 1449 missu
1004 1393 1081 1452 Bruti
1123 1394 1126 1421 ¹

119 1471 340 1533 consuetudine
361 1469 512 1530 cotidiana
532 1469 572 1527 ad
593 1475 714 1543 portum
728 1470 937 1548 excubabant,
961 1476 1081 1537 sublatis
1123 1466 1126 1477 '

118 1557 238 1616 ancoris
260 1556 349 1630 sequi
370 1559 544 1629 coeperunt.
578 1552 625 1612 Ex
644 1553 692 1613 lris
712 1571 806 1614 unum
820 1554 920 1630 ipsius
936 1561 1081 1635 navigium

118 1641 273 1702 contendit
293 1649 322 1700 et
342 1641 446 1714 lugere
466 1639 675 1713 perseveravit
699 1639 875 1715 auxilioque
897 1646 1081 1719 tempestatis

118 1742 157 1785 ex
178 1732 347 1800 conspectu
368 1725 454 1799 abiit,
476 1724 537 1782 duo
558 1723 718 1797 perterrita
740 1740 893 1785 concursu
914 1738 1081 1790 nostrarum

118 1810 239 1870 navium
260 1825 330 1869 sese
350 1810 380 1869 in
402 1815 521 1884 portum
542 1815 734 1882 receperunt.
768 1809 984 1873 Massilienses
1006 1830 1082 1873 arma

118 1900 326 1971 tormentaque
333 1909 372 1954 ex
384 1893 507 1969 oppido,
520 1898 607 1951 utest
617 1891 804 1967 imperatum,
818 1896 988 1972 proterunt,
1001 1899 1081 1959 navis

118 1997 156 2040 ex
170 1987 262 2056 portu
276 1979 496 2054 navalibusque
511 1977 652 2050 educunt,
667 1978 828 2052 pecuniam
840 1995 879 2037 ex
891 1982 1016 2055 publico
1028 1990 1081 2042 tra-

118 2068 201 2127 dunt.
238 2065 353 2140 Quibus
374 2064 466 2123 rebus
489 2061 635 2120 conlectis
652 2061 763 2121 Caesar
777 2064 874 2137 magis
890 2081 946 2126 eos
962 2083 1019 2142 pro
1034 2085 1081 2127 uo-

118 2153 198 2212 mine
219 2157 249 2211 et
269 2155 419 2210 vetustate
442 2163 531 2224 quam
554 2161 609 2220 pro
631 2147 745 2206 meritis
766 2148 796 2205 in
819 2164 853 2206 se
869 2149 1001 2212 civitatis
1017 2169 1081 2213 eon-

119 2252 246 2297 servans
269 2236 345 2294 duas
368 2234 409 2292 ibi
429 2233 566 2307 legiones
590 2231 742 2305 praesidio
764 2232 900 2308 reliquit,
924 2244 1043 2298 ceteras
1056 2238 1082 2296 in

119 2321 232 2380 ltaliam
247 2319 348 2387 mittit;
371 2318 438 2392 ipse
454 2317 494 2375 ad
507 2315 613 2375 urbem
628 2315 839 2389 proficiscitur.

200 2403 304 2465 XXlll.
347 2403 448 2462 Isdem
463 2401 651 2474 temporibus
668 2400 698 2460 C.
715 2400 802 2461 Curio
819 2402 849 2460 in
865 2404 1002 2464 Africam
1019 2423 1081 2481 pro-

121 2491 213 2549 'eclus
240 2504 278 2546 ex
305 2485 407 2547 Sicilia
431 2493 461 2546 et
485 2485 545 2543 iam
570 2485 607 2544 ab
633 2485 716 2545 initio
743 2487 849 2561 copias
875 2487 907 2546 P.
929 2490 993 2550 Atti
1014 2492 1082 2551 Vari

117 2574 291 2648 despiciens
314 2573 390 2631 duas
412 2570 548 2645 legiones
572 2585 610 2628 cx
633 2577 788 2645 quattuor,
816 2566 933 2647 quasa
957 2575 1083 2636 Caesare

117 2665 293 2734 acceperat,
316 2657 498 2732 quingentos
514 2655 632 2728 equites
647 2656 872 2729 transportabat
886 2657 1044 2735 biduoque
1057 2668 1084 2720 et

117 2745 257 2804 noctibus
278 2741 374 2801 tribus
397 2739 588 2814 navigatione
610 2741 797 2814 consumptis
819 2742 936 2816 adpulit
958 2746 997 2803 ad
1019 2762 1083 2805 oum

117 2833 226 2901 locum,
241 2827 291 2903 qui
305 2824 647 2901 appellaturAquilaria.
670 2825 726 2883 Hic
737 2827 823 2884 locus
836 2827 925 2885 abest
936 2828 1082 2905 aClupeis

119 2930 265 2990 passuum
279 2930 345 2971 xxu
359 2910 440 2968 milia
460 2909 612 2983 habetque
639 2926 699 2969 non
725 2910 951 2970 incommodam
972 2922 1084 2974 aestate

118 3000 276 3059 stationem
292 3003 321 3055 et
332 2996 452 3054 duobus
465 2994 663 3053 eminentibus
676 2996 893 3068 promontoriis
906 2999 1082 3059 continetur.

117 3085 213 3143 Huius
230 3082 392 3140 adventum
406 3079 438 3137 L.
456 3079 568 3138 Caesar
583 3079 661 3138 lilius
680 3095 748 3138 eum
764 3081 870 3138 decem
886 3082 986 3155 longis
1002 3085 1081 3143 navi·

117 3170 173 3229 bus
189 3169 228 3227 ad
243 3166 387 3239 Clupeam
402 3165 603 3238 praestolans,
621 3180 696 3238 quas
712 3181 806 3223 naves
822 3165 927 3224 Uticae
944 3183 983 3225 ex
999 3184 1083 3243 prac-

118 3254 230 3314 donum
251 3251 331 3309 bello
354 3249 522 3308 subductas
537 3248 568 3306 P.
584 3250 684 3308 Attius
706 3249 888 3308 reficiendas
911 3250 1001 3311 liuius
1016 3252 1084 3312 belli

118 3354 212 3398 causa
232 3340 403 3408 curaverat,
429 3334 543 3392 veritus
570 3334 691 3393 navium
715 3334 935 3393 multitudinem
961 3352 1000 3395 ex
1025 3339 1083 3397 alto

118 3425 283 3497 relegerat,
311 3420 504 3494 adpulsaque
525 3419 563 3477 ad
586 3420 756 3493 proximum
777 3420 847 3478 titus
871 3419 993 3480 trireme
1015 3438 1083 3481 oon-

118 3514 212 3565 strata
226 3515 256 3564 et
270 3506 299 3564 in
316 3506 402 3565 litore
419 3505 523 3563 relicta
538 3505 668 3578 pedibus
684 3505 882 3563 Adrumetum
898 3506 1082 3581 perfugerat.

116 3589 150 3647 ld
165 3592 311 3663 oppidum
324 3588 354 3648 C.
369 3590 529 3649 Considius
541 3588 664 3664 Longus
681 3590 769 3648 unius
785 3589 913 3663 legionis
929 3591 1082 3664 praesidio

118 3673 264 3733 tuebatur.
300 3675 447 3748 Reliquae
470 3674 608 3733 Caesaris
632 3690 726 3733 naves
749 3690 813 3732 erus
837 3674 909 3747 luga
930 3689 964 3732 sc
987 3677 1082 3734 Adru-

117 3764 227 3821 metum
239 3764 429 3830 receperunt.
451 3758 540 3817 Hunc
552 3770 675 3818 secutus
687 3758 819 3818 Marcius
833 3759 928 3819 Rulus
941 3766 1082 3835 quaestor
