<?xml version="1.0" encoding="UTF-8"?>
<!DOCTYPE html PUBLIC "-//W3C//DTD XHTML 1.0 Transitional//EN"
    "http://www.w3.org/TR/xhtml1/DTD/xhtml1-transitional.dtd">
<html xmlns="http://www.w3.org/1999/xhtml" xml:lang="en" lang="en">
 <head>
  <title>
</title>
<meta http-equiv="Content-Type" content="text/html;charset=utf-8" />
  <meta name='ocr-system' content='tesseract 3.04.00' />
  <meta name='ocr-capabilities' content='ocr_page ocr_carea ocr_par ocr_line ocrx_word'/>
</head>
<body>
  <div class='ocr_page' id='page_1' title='image "./commentarii00caesgoog_0395.png"; bbox 0 0 2272 4176; ppageno 0'>
   <div class='ocr_carea' id='block_1_1' title="bbox 63 415 722 517">
    <p class='ocr_par' dir='ltr' id='par_1_1' title="bbox 63 415 722 517">
     <span class='ocr_line' id='line_1_1' title="bbox 63 415 722 517; baseline -0.008 -1"><span class='ocrx_word' id='word_1_1' title='bbox 63 452 126 517; x_wconf 79' lang='lat' dir='ltr'><strong>aaa</strong></span> <span class='ocrx_word' id='word_1_2' title='bbox 368 415 525 516; x_wconf 76' lang='lat' dir='ltr'><strong>annuum</strong></span> <span class='ocrx_word' id='word_1_3' title='bbox 545 446 722 515; x_wconf 72' lang='lat' dir='ltr'><strong>marcar.</strong></span> 
     </span>
    </p>
   </div>
   <div class='ocr_carea' id='block_1_2' title="bbox 63 602 1061 3802">
    <p class='ocr_par' dir='ltr' id='par_1_2' title="bbox 64 602 1014 850">
     <span class='ocr_line' id='line_1_2' title="bbox 64 602 1013 683; baseline -0.004 -16"><span class='ocrx_word' id='word_1_4' title='bbox 64 605 225 667; x_wconf 84' lang='lat' dir='ltr'>luminibus</span> <span class='ocrx_word' id='word_1_5' title='bbox 242 606 380 666; x_wconf 83' lang='lat' dir='ltr'><strong>accensis</strong></span> <span class='ocrx_word' id='word_1_6' title='bbox 399 621 468 666; x_wconf 90' lang='lat' dir='ltr'><strong>cum</strong></span> <span class='ocrx_word' id='word_1_7' title='bbox 486 606 575 683; x_wconf 89' lang='lat' dir='ltr'><strong>equis</strong></span> <span class='ocrx_word' id='word_1_8' title='bbox 594 605 817 682; x_wconf 78' lang='lat' dir='ltr'><strong>calonibusque</strong></span> <span class='ocrx_word' id='word_1_9' title='bbox 833 602 896 665; x_wconf 89' lang='lat' dir='ltr'><strong>suis</strong></span> <span class='ocrx_word' id='word_1_10' title='bbox 908 602 1013 665; x_wconf 76' lang='lat' dir='ltr'><strong>circiter</strong></span> 
     </span>
     <span class='ocr_line' id='line_1_3' title="bbox 64 689 1014 766; baseline -0.001 -16"><span class='ocrx_word' id='word_1_11' title='bbox 64 692 142 750; x_wconf 89' lang='lat' dir='ltr'><strong>mille</strong></span> <span class='ocrx_word' id='word_1_12' title='bbox 160 690 333 765; x_wconf 76' lang='lat' dir='ltr'><strong>perfugiunt</strong></span> <span class='ocrx_word' id='word_1_13' title='bbox 349 691 379 749; x_wconf 93' lang='lat' dir='ltr'><strong>in</strong></span> <span class='ocrx_word' id='word_1_14' title='bbox 393 690 533 751; x_wconf 80' lang='lat' dir='ltr'><strong>Caesaris</strong></span> <span class='ocrx_word' id='word_1_15' title='bbox 553 699 667 765; x_wconf 89' lang='lat' dir='ltr'><strong>castra,</strong></span> <span class='ocrx_word' id='word_1_16' title='bbox 688 704 769 766; x_wconf 88' lang='lat' dir='ltr'><strong>quae</strong></span> <span class='ocrx_word' id='word_1_17' title='bbox 781 694 866 751; x_wconf 90' lang='lat' dir='ltr'><strong>eraut</strong></span> <span class='ocrx_word' id='word_1_18' title='bbox 877 689 906 749; x_wconf 91' lang='lat' dir='ltr'><strong>in</strong></span> <span class='ocrx_word' id='word_1_19' title='bbox 917 704 1014 764; x_wconf 88' lang='lat' dir='ltr'><strong>campo</strong></span> 
     </span>
     <span class='ocr_line' id='line_1_4' title="bbox 65 775 560 850; baseline -0.004 -15"><span class='ocrx_word' id='word_1_20' title='bbox 65 776 201 850; x_wconf 83' lang='lat' dir='ltr'><strong>proxime</strong></span> <span class='ocrx_word' id='word_1_21' title='bbox 212 775 313 837; x_wconf 90' lang='lat' dir='ltr'><strong>locum</strong></span> <span class='ocrx_word' id='word_1_22' title='bbox 323 775 439 835; x_wconf 87' lang='lat' dir='ltr'><strong>Uzittae</strong></span> <span class='ocrx_word' id='word_1_23' title='bbox 450 777 560 838; x_wconf 86' lang='lat' dir='ltr'><strong>locata.</strong></span> 
     </span>
    </p>

    <p class='ocr_par' dir='ltr' id='par_1_3' title="bbox 63 858 1061 2707">
     <span class='ocr_line' id='line_1_5' title="bbox 146 858 1017 936; baseline 0.001 -19"><span class='ocrx_word' id='word_1_24' title='bbox 146 859 235 919; x_wconf 88' lang='lat' dir='ltr'><strong>LVll.</strong></span> <span class='ocrx_word' id='word_1_25' title='bbox 259 858 347 932; x_wconf 86' lang='lat' dir='ltr'><strong>Quod</strong></span> <span class='ocrx_word' id='word_1_26' title='bbox 366 866 531 935; x_wconf 90' lang='lat' dir='ltr'><strong>postquam</strong></span> <span class='ocrx_word' id='word_1_27' title='bbox 548 858 652 936; x_wconf 89' lang='lat' dir='ltr'><strong>Scipio</strong></span> <span class='ocrx_word' id='word_1_28' title='bbox 673 860 791 936; x_wconf 92' lang='lat' dir='ltr'><strong>quique</strong></span> <span class='ocrx_word' id='word_1_29' title='bbox 808 875 878 919; x_wconf 87' lang='lat' dir='ltr'><strong>curn</strong></span> <span class='ocrx_word' id='word_1_30' title='bbox 894 874 932 919; x_wconf 87' lang='lat' dir='ltr'><strong>eo</strong></span> <span class='ocrx_word' id='word_1_31' title='bbox 944 864 1017 919; x_wconf 85' lang='lat' dir='ltr'><strong>eruat</strong></span> 
     </span>
     <span class='ocr_line' id='line_1_6' title="bbox 64 942 1016 1018; baseline -0.003 -15"><span class='ocrx_word' id='word_1_32' title='bbox 64 951 279 1018; x_wconf 80' lang='lat' dir='ltr'><strong>cognoverunt,</strong></span> <span class='ocrx_word' id='word_1_33' title='bbox 291 959 359 1003; x_wconf 92' lang='lat' dir='ltr'><strong>cum</strong></span> <span class='ocrx_word' id='word_1_34' title='bbox 371 944 512 1005; x_wconf 92' lang='lat' dir='ltr'><strong>commoti</strong></span> <span class='ocrx_word' id='word_1_35' title='bbox 524 959 563 1003; x_wconf 87' lang='lat' dir='ltr'><strong>ex</strong></span> <span class='ocrx_word' id='word_1_36' title='bbox 573 946 624 1004; x_wconf 91' lang='lat' dir='ltr'><strong>tali</strong></span> <span class='ocrx_word' id='word_1_37' title='bbox 637 942 831 1005; x_wconf 92' lang='lat' dir='ltr'><strong>incommodo</strong></span> <span class='ocrx_word' id='word_1_38' title='bbox 844 948 953 1015; x_wconf 88' lang='lat' dir='ltr'><strong>essent,</strong></span> <span class='ocrx_word' id='word_1_39' title='bbox 964 942 1016 1001; x_wconf 87' lang='lat' dir='ltr'><strong>lere</strong></span> 
     </span>
     <span class='ocr_line' id='line_1_7' title="bbox 64 1027 1017 1104; baseline -0.003 -16"><span class='ocrx_word' id='word_1_40' title='bbox 64 1044 119 1104; x_wconf 87' lang='lat' dir='ltr'><strong>per</strong></span> <span class='ocrx_word' id='word_1_41' title='bbox 129 1028 160 1087; x_wconf 92' lang='lat' dir='ltr'><strong>id</strong></span> <span class='ocrx_word' id='word_1_42' title='bbox 170 1036 289 1104; x_wconf 90' lang='lat' dir='ltr'><strong>tempus</strong></span> <span class='ocrx_word' id='word_1_43' title='bbox 299 1028 338 1086; x_wconf 88' lang='lat' dir='ltr'><strong>M.</strong></span> <span class='ocrx_word' id='word_1_44' title='bbox 351 1028 507 1104; x_wconf 87' lang='lat' dir='ltr'><strong>Aquinum</strong></span> <span class='ocrx_word' id='word_1_45' title='bbox 519 1044 588 1089; x_wconf 91' lang='lat' dir='ltr'><strong>cum</strong></span> <span class='ocrx_word' id='word_1_46' title='bbox 600 1029 630 1090; x_wconf 84' lang='lat' dir='ltr'><strong>G.</strong></span> <span class='ocrx_word' id='word_1_47' title='bbox 644 1027 781 1089; x_wconf 84' lang='lat' dir='ltr'><strong>Saserna</strong></span> <span class='ocrx_word' id='word_1_48' title='bbox 798 1029 1017 1102; x_wconf 80' lang='lat' dir='ltr'><strong>conloquentem</strong></span> 
     </span>
     <span class='ocr_line' id='line_1_8' title="bbox 63 1111 1017 1188; baseline -0.002 -17"><span class='ocrx_word' id='word_1_49' title='bbox 63 1113 211 1172; x_wconf 91' lang='lat' dir='ltr'><strong>viderunt.</strong></span> <span class='ocrx_word' id='word_1_50' title='bbox 245 1111 347 1186; x_wconf 89' lang='lat' dir='ltr'><strong>Scipio</strong></span> <span class='ocrx_word' id='word_1_51' title='bbox 365 1113 452 1172; x_wconf 92' lang='lat' dir='ltr'><strong>mittit</strong></span> <span class='ocrx_word' id='word_1_52' title='bbox 469 1113 508 1173; x_wconf 92' lang='lat' dir='ltr'><strong>ad</strong></span> <span class='ocrx_word' id='word_1_53' title='bbox 523 1114 692 1188; x_wconf 83' lang='lat' dir='ltr'><strong>Aquinum=</strong></span> <span class='ocrx_word' id='word_1_54' title='bbox 714 1112 789 1174; x_wconf 92' lang='lat' dir='ltr'><strong>nihil</strong></span> <span class='ocrx_word' id='word_1_55' title='bbox 807 1111 943 1172; x_wconf 82' lang='lat' dir='ltr'><strong>adtinere</strong></span> <span class='ocrx_word' id='word_1_56' title='bbox 960 1125 1017 1169; x_wconf 91' lang='lat' dir='ltr'><strong>eum</strong></span> 
     </span>
     <span class='ocr_line' id='line_1_9' title="bbox 64 1197 1061 1273; baseline -0.002 -17"><span class='ocrx_word' id='word_1_57' title='bbox 64 1212 132 1257; x_wconf 91' lang='lat' dir='ltr'><strong>cum</strong></span> <span class='ocrx_word' id='word_1_58' title='bbox 145 1197 328 1257; x_wconf 88' lang='lat' dir='ltr'><strong>adversariis</strong></span> <span class='ocrx_word' id='word_1_59' title='bbox 341 1198 484 1273; x_wconf 89' lang='lat' dir='ltr'><strong>colloqui.</strong></span> <span class='ocrx_word' id='word_1_60' title='bbox 514 1197 587 1258; x_wconf 85' lang='lat' dir='ltr'><strong>cum</strong></span> <span class='ocrx_word' id='word_1_61' title='bbox 605 1197 697 1258; x_wconf 89' lang='lat' dir='ltr'><strong>nihilo</strong></span> <span class='ocrx_word' id='word_1_62' title='bbox 715 1197 817 1258; x_wconf 93' lang='lat' dir='ltr'><strong>minus</strong></span> <span class='ocrx_word' id='word_1_63' title='bbox 837 1197 904 1256; x_wconf 90' lang='lat' dir='ltr'><strong>eius</strong></span> <span class='ocrx_word' id='word_1_64' title='bbox 917 1209 1018 1255; x_wconf 88' lang='lat' dir='ltr'><strong>sermo·</strong></span> <span class='ocrx_word' id='word_1_65' title='bbox 1058 1214 1061 1245; x_wconf 82' lang='grc' dir='ltr'>ι</span> 
     </span>
     <span class='ocr_line' id='line_1_10' title="bbox 63 1280 1061 1356; baseline 0.003 -16"><span class='ocrx_word' id='word_1_66' title='bbox 63 1296 132 1341; x_wconf 89' lang='lat' dir='ltr'><strong>nem</strong></span> <span class='ocrx_word' id='word_1_67' title='bbox 143 1281 265 1341; x_wconf 90' lang='lat' dir='ltr'><strong>nuntius</strong></span> <span class='ocrx_word' id='word_1_68' title='bbox 279 1281 317 1340; x_wconf 91' lang='lat' dir='ltr'><strong>ad</strong></span> <span class='ocrx_word' id='word_1_69' title='bbox 330 1296 363 1341; x_wconf 89' lang='lat' dir='ltr'><strong>se</strong></span> <span class='ocrx_word' id='word_1_70' title='bbox 375 1283 517 1341; x_wconf 82' lang='lat' dir='ltr'><strong>referret:</strong></span> <span class='ocrx_word' id='word_1_71' title='bbox 540 1283 596 1342; x_wconf 89' lang='lat' dir='ltr'><strong>sed</strong></span> <span class='ocrx_word' id='word_1_72' title='bbox 607 1291 738 1355; x_wconf 89' lang='lat' dir='ltr'><strong>restare,</strong></span> <span class='ocrx_word' id='word_1_73' title='bbox 757 1289 791 1342; x_wconf 93' lang='lat' dir='ltr'><strong>ut</strong></span> <span class='ocrx_word' id='word_1_74' title='bbox 802 1280 935 1356; x_wconf 88' lang='lat' dir='ltr'><strong>reliqua,</strong></span> <span class='ocrx_word' id='word_1_75' title='bbox 952 1293 1019 1354; x_wconf 87' lang='lat' dir='ltr'><strong>quae</strong></span> <span class='ocrx_word' id='word_1_76' title='bbox 1059 1284 1061 1343; x_wconf 90' lang='lat' dir='ltr'><strong>l</strong></span> 
     </span>
     <span class='ocr_line' id='line_1_11' title="bbox 63 1362 1061 1442; baseline -0.004 -17"><span class='ocrx_word' id='word_1_77' title='bbox 63 1368 161 1438; x_wconf 85' lang='lat' dir='ltr'><strong>vellet,</strong></span> <span class='ocrx_word' id='word_1_78' title='bbox 176 1372 343 1440; x_wconf 79' lang='lat' dir='ltr'><strong>perageret,</strong></span> <span class='ocrx_word' id='word_1_79' title='bbox 355 1366 453 1426; x_wconf 85' lang='lat' dir='ltr'><strong>viator</strong></span> <span class='ocrx_word' id='word_1_80' title='bbox 465 1375 624 1442; x_wconf 89' lang='lat' dir='ltr'><strong>praeterea</strong></span> <span class='ocrx_word' id='word_1_81' title='bbox 635 1367 672 1427; x_wconf 93' lang='lat' dir='ltr'><strong>ab</strong></span> <span class='ocrx_word' id='word_1_82' title='bbox 683 1365 759 1426; x_wconf 92' lang='lat' dir='ltr'><strong>luba</strong></span> <span class='ocrx_word' id='word_1_83' title='bbox 770 1366 809 1426; x_wconf 92' lang='lat' dir='ltr'><strong>ad</strong></span> <span class='ocrx_word' id='word_1_84' title='bbox 821 1382 892 1426; x_wconf 87' lang='lat' dir='ltr'><strong>eum</strong></span> <span class='ocrx_word' id='word_1_85' title='bbox 904 1370 951 1424; x_wconf 89' lang='lat' dir='ltr'><strong>est</strong></span> <span class='ocrx_word' id='word_1_86' title='bbox 959 1362 1016 1422; x_wconf 88' lang='lat' dir='ltr'><strong>mis·</strong></span> <span class='ocrx_word' id='word_1_87' title='bbox 1058 1436 1061 1441; x_wconf 27' lang='grc' dir='ltr'>Ι</span> 
     </span>
     <span class='ocr_line' id='line_1_12' title="bbox 65 1446 1061 1533; baseline 0.001 -23"><span class='ocrx_word' id='word_1_88' title='bbox 65 1467 133 1521; x_wconf 90' lang='lat' dir='ltr'><strong>sus,</strong></span> <span class='ocrx_word' id='word_1_89' title='bbox 158 1450 209 1524; x_wconf 90' lang='lat' dir='ltr'><strong>qui</strong></span> <span class='ocrx_word' id='word_1_90' title='bbox 228 1450 341 1511; x_wconf 86' lang='lat' dir='ltr'><strong>diceret</strong></span> <span class='ocrx_word' id='word_1_91' title='bbox 359 1451 499 1510; x_wconf 85' lang='lat' dir='ltr'><strong>audiente</strong></span> <span class='ocrx_word' id='word_1_92' title='bbox 512 1450 660 1512; x_wconf 87' lang='lat' dir='ltr'><strong>Saserna:</strong></span> <span class='ocrx_word' id='word_1_93' title='bbox 691 1452 881 1512; x_wconf 77' lang='lat' dir='ltr'><strong>Vctotterex</strong></span> <span class='ocrx_word' id='word_1_94' title='bbox 890 1446 1019 1522; x_wconf 78' lang='lat' dir='ltr'><strong>cmtooat</strong></span> <span class='ocrx_word' id='word_1_95' title='bbox 1059 1480 1061 1533; x_wconf 67' lang='lat'>5</span> 
     </span>
     <span class='ocr_line' id='line_1_13' title="bbox 65 1530 1061 1609; baseline 0 -15"><span class='ocrx_word' id='word_1_96' title='bbox 65 1534 130 1607; x_wconf 84' lang='lat' dir='ltr'><strong>Quo</strong></span> <span class='ocrx_word' id='word_1_97' title='bbox 145 1533 249 1593; x_wconf 92' lang='lat' dir='ltr'><strong>nuntio</strong></span> <span class='ocrx_word' id='word_1_98' title='bbox 263 1535 439 1609; x_wconf 86' lang='lat' dir='ltr'><strong>perterritus</strong></span> <span class='ocrx_word' id='word_1_99' title='bbox 452 1536 596 1596; x_wconf 86' lang='lat' dir='ltr'><strong>discessit</strong></span> <span class='ocrx_word' id='word_1_100' title='bbox 614 1542 644 1595; x_wconf 90' lang='lat' dir='ltr'><strong>et</strong></span> <span class='ocrx_word' id='word_1_101' title='bbox 655 1535 735 1596; x_wconf 90' lang='lat' dir='ltr'><strong>dieto</strong></span> <span class='ocrx_word' id='word_1_102' title='bbox 749 1535 880 1595; x_wconf 87' lang='lat' dir='ltr'><strong>audiens</strong></span> <span class='ocrx_word' id='word_1_103' title='bbox 892 1530 1018 1607; x_wconf 76' lang='lat' dir='ltr'><strong>luitregi.</strong></span> <span class='ocrx_word' id='word_1_104' title='bbox 1059 1600 1061 1607; x_wconf 61' lang='grc'>,</span> 
     </span>
     <span class='ocr_line' id='line_1_14' title="bbox 63 1618 1019 1696; baseline -0.003 -17"><span class='ocrx_word' id='word_1_105' title='bbox 63 1619 130 1679; x_wconf 90' lang='lat' dir='ltr'><strong>Usu</strong></span> <span class='ocrx_word' id='word_1_106' title='bbox 140 1619 263 1678; x_wconf 82' lang='lat' dir='ltr'><strong>venisse</strong></span> <span class='ocrx_word' id='word_1_107' title='bbox 275 1618 334 1679; x_wconf 90' lang='lat' dir='ltr'><strong>hoc</strong></span> <span class='ocrx_word' id='word_1_108' title='bbox 346 1619 552 1680; x_wconf 82' lang='lat' dir='ltr'><strong>civiltomano</strong></span> <span class='ocrx_word' id='word_1_109' title='bbox 565 1621 642 1693; x_wconf 90' lang='lat' dir='ltr'><strong>etei,</strong></span> <span class='ocrx_word' id='word_1_110' title='bbox 656 1620 706 1696; x_wconf 94' lang='lat' dir='ltr'><strong>qui</strong></span> <span class='ocrx_word' id='word_1_111' title='bbox 718 1620 756 1679; x_wconf 91' lang='lat' dir='ltr'><strong>ab</strong></span> <span class='ocrx_word' id='word_1_112' title='bbox 768 1618 1019 1694; x_wconf 89' lang='lat' dir='ltr'><strong>populoRomano</strong></span> 
     </span>
     <span class='ocr_line' id='line_1_15' title="bbox 64 1702 1018 1779; baseline -0.001 -18"><span class='ocrx_word' id='word_1_113' title='bbox 64 1703 198 1764; x_wconf 89' lang='lat' dir='ltr'><strong>honores</strong></span> <span class='ocrx_word' id='word_1_114' title='bbox 211 1704 396 1777; x_wconf 84' lang='lat' dir='ltr'><strong>accepisset,</strong></span> <span class='ocrx_word' id='word_1_115' title='bbox 416 1704 559 1764; x_wconf 89' lang='lat' dir='ltr'><strong>incolumi</strong></span> <span class='ocrx_word' id='word_1_116' title='bbox 577 1704 674 1779; x_wconf 90' lang='lat' dir='ltr'><strong>patria</strong></span> <span class='ocrx_word' id='word_1_117' title='bbox 684 1703 880 1779; x_wconf 85' lang='lat' dir='ltr'><strong>fortunisque</strong></span> <span class='ocrx_word' id='word_1_118' title='bbox 892 1702 1018 1763; x_wconf 87' lang='lat' dir='ltr'><strong>omnibus</strong></span> 
     </span>
     <span class='ocr_line' id='line_1_16' title="bbox 66 1785 1020 1863; baseline -0.001 -18"><span class='ocrx_word' id='word_1_119' title='bbox 66 1788 157 1847; x_wconf 89' lang='lat' dir='ltr'><strong>lubae</strong></span> <span class='ocrx_word' id='word_1_120' title='bbox 168 1787 297 1847; x_wconf 89' lang='lat' dir='ltr'><strong>barbaro</strong></span> <span class='ocrx_word' id='word_1_121' title='bbox 318 1789 420 1863; x_wconf 92' lang='lat' dir='ltr'><strong>potius</strong></span> <span class='ocrx_word' id='word_1_122' title='bbox 434 1789 624 1849; x_wconf 89' lang='lat' dir='ltr'><strong>obedientem</strong></span> <span class='ocrx_word' id='word_1_123' title='bbox 636 1788 734 1848; x_wconf 90' lang='lat' dir='ltr'><strong>luisse</strong></span> <span class='ocrx_word' id='word_1_124' title='bbox 746 1804 839 1863; x_wconf 91' lang='lat' dir='ltr'><strong>quam</strong></span> <span class='ocrx_word' id='word_1_125' title='bbox 851 1795 904 1847; x_wconf 88' lang='lat' dir='ltr'><strong>aut</strong></span> <span class='ocrx_word' id='word_1_126' title='bbox 916 1785 1020 1861; x_wconf 83' lang='lat' dir='ltr'><strong>Scipio</strong></span> 
     </span>
     <span class='ocr_line' id='line_1_17' title="bbox 66 1870 1020 1946; baseline -0.001 -16"><span class='ocrx_word' id='word_1_127' title='bbox 66 1872 111 1932; x_wconf 92' lang='lat' dir='ltr'><strong>nis</strong></span> <span class='ocrx_word' id='word_1_128' title='bbox 123 1872 352 1946; x_wconf 89' lang='lat' dir='ltr'><strong>obtemperasse</strong></span> <span class='ocrx_word' id='word_1_129' title='bbox 364 1873 466 1932; x_wconf 91' lang='lat' dir='ltr'><strong>nuntio</strong></span> <span class='ocrx_word' id='word_1_130' title='bbox 479 1880 530 1933; x_wconf 92' lang='lat' dir='ltr'><strong>aut</strong></span> <span class='ocrx_word' id='word_1_131' title='bbox 542 1873 641 1933; x_wconf 91' lang='lat' dir='ltr'><strong>eaesis</strong></span> <span class='ocrx_word' id='word_1_132' title='bbox 653 1872 791 1931; x_wconf 89' lang='lat' dir='ltr'><strong>ciusdem</strong></span> <span class='ocrx_word' id='word_1_133' title='bbox 804 1872 902 1946; x_wconf 91' lang='lat' dir='ltr'><strong>partis</strong></span> <span class='ocrx_word' id='word_1_134' title='bbox 916 1870 1020 1930; x_wconf 88' lang='lat' dir='ltr'><strong>civibus</strong></span> 
     </span>
     <span class='ocr_line' id='line_1_18' title="bbox 67 1953 1020 2032; baseline -0.004 -17"><span class='ocrx_word' id='word_1_135' title='bbox 67 1957 246 2016; x_wconf 89' lang='lat' dir='ltr'><strong>incolumem</strong></span> <span class='ocrx_word' id='word_1_136' title='bbox 262 1957 373 2016; x_wconf 91' lang='lat' dir='ltr'><strong>reverti</strong></span> <span class='ocrx_word' id='word_1_137' title='bbox 391 1958 495 2016; x_wconf 88' lang='lat' dir='ltr'><strong>mallet</strong></span> <span class='ocrx_word' id='word_1_138' title='bbox 527 1958 629 2032; x_wconf 85' lang='lat' dir='ltr'><strong>Atque</strong></span> <span class='ocrx_word' id='word_1_139' title='bbox 647 1956 737 2017; x_wconf 87' lang='lat' dir='ltr'><strong>etiam</strong></span> <span class='ocrx_word' id='word_1_140' title='bbox 757 1956 925 2030; x_wconf 89' lang='lat' dir='ltr'><strong>superbius</strong></span> <span class='ocrx_word' id='word_1_141' title='bbox 942 1953 1020 2014; x_wconf 90' lang='lat' dir='ltr'><strong>lubae</strong></span> 
     </span>
     <span class='ocr_line' id='line_1_19' title="bbox 66 2040 1020 2115; baseline -0.005 -14"><span class='ocrx_word' id='word_1_142' title='bbox 66 2043 175 2101; x_wconf 89' lang='lat' dir='ltr'><strong>lactum</strong></span> <span class='ocrx_word' id='word_1_143' title='bbox 186 2057 247 2100; x_wconf 94' lang='lat' dir='ltr'><strong>non</strong></span> <span class='ocrx_word' id='word_1_144' title='bbox 258 2041 288 2098; x_wconf 90' lang='lat' dir='ltr'><strong>in</strong></span> <span class='ocrx_word' id='word_1_145' title='bbox 299 2040 337 2098; x_wconf 88' lang='lat' dir='ltr'><strong>M.</strong></span> <span class='ocrx_word' id='word_1_146' title='bbox 351 2042 520 2115; x_wconf 85' lang='lat' dir='ltr'><strong>Aquinum,</strong></span> <span class='ocrx_word' id='word_1_147' title='bbox 542 2041 695 2101; x_wconf 90' lang='lat' dir='ltr'><strong>hominem</strong></span> <span class='ocrx_word' id='word_1_148' title='bbox 711 2057 825 2100; x_wconf 89' lang='lat' dir='ltr'><strong>novum</strong></span> <span class='ocrx_word' id='word_1_149' title='bbox 843 2042 1020 2115; x_wconf 79' lang='lat' dir='ltr'><strong>parvumque</strong></span> 
     </span>
     <span class='ocr_line' id='line_1_20' title="bbox 65 2121 1019 2201; baseline -0.006 -16"><span class='ocrx_word' id='word_1_150' title='bbox 65 2134 245 2197; x_wconf 87' lang='lat' dir='ltr'><strong>senatorem,</strong></span> <span class='ocrx_word' id='word_1_151' title='bbox 258 2125 354 2184; x_wconf 90' lang='lat' dir='ltr'><strong>sedin</strong></span> <span class='ocrx_word' id='word_1_152' title='bbox 367 2124 556 2201; x_wconf 87' lang='lat' dir='ltr'><strong>Scipionem,</strong></span> <span class='ocrx_word' id='word_1_153' title='bbox 568 2126 721 2185; x_wconf 90' lang='lat' dir='ltr'><strong>hominem</strong></span> <span class='ocrx_word' id='word_1_154' title='bbox 732 2126 783 2184; x_wconf 91' lang='lat' dir='ltr'><strong>illa</strong></span> <span class='ocrx_word' id='word_1_155' title='bbox 795 2125 924 2197; x_wconf 80' lang='lat' dir='ltr'><strong>familia,</strong></span> <span class='ocrx_word' id='word_1_156' title='bbox 939 2121 1019 2197; x_wconf 82' lang='lat' dir='ltr'><strong>digni·</strong></span> 
     </span>
     <span class='ocr_line' id='line_1_21' title="bbox 66 2208 1061 2289; baseline -0.006 -20"><span class='ocrx_word' id='word_1_157' title='bbox 66 2218 138 2284; x_wconf 88' lang='lat' dir='ltr'><strong>tate,</strong></span> <span class='ocrx_word' id='word_1_158' title='bbox 156 2209 324 2268; x_wconf 90' lang='lat' dir='ltr'><strong>honoribus</strong></span> <span class='ocrx_word' id='word_1_159' title='bbox 337 2217 549 2283; x_wconf 88' lang='lat' dir='ltr'><strong>praestantem.</strong></span> <span class='ocrx_word' id='word_1_160' title='bbox 578 2209 714 2285; x_wconf 87' lang='lat' dir='ltr'><strong>Namque</strong></span> <span class='ocrx_word' id='word_1_161' title='bbox 726 2225 795 2269; x_wconf 93' lang='lat' dir='ltr'><strong>cum</strong></span> <span class='ocrx_word' id='word_1_162' title='bbox 807 2209 914 2284; x_wconf 92' lang='lat' dir='ltr'><strong>Scipio</strong></span> <span class='ocrx_word' id='word_1_163' title='bbox 928 2208 1020 2281; x_wconf 75' lang='lat' dir='ltr'><strong>sagulo</strong></span> <span class='ocrx_word' id='word_1_164' title='bbox 1059 2254 1061 2289; x_wconf 62' lang='grc' dir='ltr'>Ι</span> 
     </span>
     <span class='ocr_line' id='line_1_22' title="bbox 65 2291 1061 2369; baseline -0.005 -16"><span class='ocrx_word' id='word_1_165' title='bbox 65 2310 220 2369; x_wconf 88' lang='lat' dir='ltr'><strong>purpureo</strong></span> <span class='ocrx_word' id='word_1_166' title='bbox 240 2301 307 2353; x_wconf 90' lang='lat' dir='ltr'><strong>anto</strong></span> <span class='ocrx_word' id='word_1_167' title='bbox 325 2295 405 2368; x_wconf 82' lang='lat' dir='ltr'><strong>regis</strong></span> <span class='ocrx_word' id='word_1_168' title='bbox 430 2295 593 2353; x_wconf 89' lang='lat' dir='ltr'><strong>adventum</strong></span> <span class='ocrx_word' id='word_1_169' title='bbox 609 2295 651 2354; x_wconf 92' lang='lat' dir='ltr'><strong>uti</strong></span> <span class='ocrx_word' id='word_1_170' title='bbox 670 2294 777 2354; x_wconf 89' lang='lat' dir='ltr'><strong>solitus</strong></span> <span class='ocrx_word' id='word_1_171' title='bbox 796 2301 898 2368; x_wconf 90' lang='lat' dir='ltr'><strong>esset,</strong></span> <span class='ocrx_word' id='word_1_172' title='bbox 928 2291 1020 2351; x_wconf 92' lang='lat' dir='ltr'><strong>dicitur</strong></span> <span class='ocrx_word' id='word_1_173' title='bbox 1059 2312 1061 2317; x_wconf 95' lang='lat'>·</span> 
     </span>
     <span class='ocr_line' id='line_1_23' title="bbox 65 2374 1061 2455; baseline -0.005 -18"><span class='ocrx_word' id='word_1_174' title='bbox 65 2379 220 2438; x_wconf 90' lang='lat' dir='ltr'><strong>lubacum</strong></span> <span class='ocrx_word' id='word_1_175' title='bbox 232 2393 268 2437; x_wconf 89' lang='lat' dir='ltr'><strong>eo</strong></span> <span class='ocrx_word' id='word_1_176' title='bbox 282 2378 398 2453; x_wconf 83' lang='lat' dir='ltr'><strong>egisse,</strong></span> <span class='ocrx_word' id='word_1_177' title='bbox 417 2396 478 2438; x_wconf 95' lang='lat' dir='ltr'><strong>non</strong></span> <span class='ocrx_word' id='word_1_178' title='bbox 498 2386 640 2453; x_wconf 89' lang='lat' dir='ltr'><strong>oportere</strong></span> <span class='ocrx_word' id='word_1_179' title='bbox 651 2379 735 2437; x_wconf 93' lang='lat' dir='ltr'><strong>illum</strong></span> <span class='ocrx_word' id='word_1_180' title='bbox 747 2379 858 2438; x_wconf 89' lang='lat' dir='ltr'><strong>eodem</strong></span> <span class='ocrx_word' id='word_1_181' title='bbox 869 2377 914 2438; x_wconf 93' lang='lat' dir='ltr'><strong>uti</strong></span> <span class='ocrx_word' id='word_1_182' title='bbox 925 2374 1020 2435; x_wconf 91' lang='lat' dir='ltr'><strong>vestitu</strong></span> <span class='ocrx_word' id='word_1_183' title='bbox 1058 2392 1061 2455; x_wconf 70' lang='grc' dir='ltr'><strong>ς</strong></span> 
     </span>
     <span class='ocr_line' id='line_1_24' title="bbox 66 2459 1061 2538; baseline -0.003 -18"><span class='ocrx_word' id='word_1_184' title='bbox 66 2471 156 2537; x_wconf 90' lang='lat' dir='ltr'><strong>atque</strong></span> <span class='ocrx_word' id='word_1_185' title='bbox 170 2463 237 2537; x_wconf 89' lang='lat' dir='ltr'><strong>ipse</strong></span> <span class='ocrx_word' id='word_1_186' title='bbox 249 2469 391 2521; x_wconf 89' lang='lat' dir='ltr'><strong>uteretur.</strong></span> <span class='ocrx_word' id='word_1_187' title='bbox 414 2465 519 2538; x_wconf 88' lang='lat' dir='ltr'><strong>ltaque</strong></span> <span class='ocrx_word' id='word_1_188' title='bbox 531 2463 643 2523; x_wconf 85' lang='lat' dir='ltr'><strong>laetum</strong></span> <span class='ocrx_word' id='word_1_189' title='bbox 655 2469 708 2535; x_wconf 88' lang='lat' dir='ltr'><strong>est,</strong></span> <span class='ocrx_word' id='word_1_190' title='bbox 720 2470 753 2523; x_wconf 92' lang='lat' dir='ltr'><strong>ut</strong></span> <span class='ocrx_word' id='word_1_191' title='bbox 765 2461 871 2537; x_wconf 89' lang='lat' dir='ltr'><strong>Scipio</strong></span> <span class='ocrx_word' id='word_1_192' title='bbox 884 2461 925 2520; x_wconf 93' lang='lat' dir='ltr'><strong>ad</strong></span> <span class='ocrx_word' id='word_1_193' title='bbox 937 2459 1018 2520; x_wconf 86' lang='lat' dir='ltr'><strong>album</strong></span> <span class='ocrx_word' id='word_1_194' title='bbox 1059 2462 1061 2473; x_wconf 93' lang='lat'>&#39;</span> 
     </span>
     <span class='ocr_line' id='line_1_25' title="bbox 66 2543 1018 2622; baseline -0.005 -16"><span class='ocrx_word' id='word_1_195' title='bbox 66 2562 137 2606; x_wconf 91' lang='lat' dir='ltr'><strong>sese</strong></span> <span class='ocrx_word' id='word_1_196' title='bbox 154 2547 297 2606; x_wconf 85' lang='lat' dir='ltr'><strong>vestitum</strong></span> <span class='ocrx_word' id='word_1_197' title='bbox 314 2547 490 2607; x_wconf 86' lang='lat' dir='ltr'><strong>transferret</strong></span> <span class='ocrx_word' id='word_1_198' title='bbox 508 2548 655 2622; x_wconf 89' lang='lat' dir='ltr'><strong>etiubae,</strong></span> <span class='ocrx_word' id='word_1_199' title='bbox 677 2546 791 2606; x_wconf 90' lang='lat' dir='ltr'><strong>homini</strong></span> <span class='ocrx_word' id='word_1_200' title='bbox 810 2543 1018 2622; x_wconf 87' lang='lat' dir='ltr'><strong>superbissimo</strong></span> 
     </span>
     <span class='ocr_line' id='line_1_26' title="bbox 66 2631 565 2707; baseline -0.002 -17"><span class='ocrx_word' id='word_1_201' title='bbox 66 2631 321 2705; x_wconf 89' lang='lat' dir='ltr'><strong>inertissimoque‚</strong></span> <span class='ocrx_word' id='word_1_202' title='bbox 334 2632 565 2707; x_wconf 87' lang='lat' dir='ltr'><strong>obtemperaret.</strong></span> 
     </span>
    </p>

    <p class='ocr_par' dir='ltr' id='par_1_4' title="bbox 66 2714 1061 3802">
     <span class='ocr_line' id='line_1_27' title="bbox 148 2714 1017 2790; baseline -0.006 -17"><span class='ocrx_word' id='word_1_203' title='bbox 148 2715 250 2775; x_wconf 85' lang='lat' dir='ltr'><strong>LVlll.</strong></span> <span class='ocrx_word' id='word_1_204' title='bbox 273 2714 400 2775; x_wconf 90' lang='lat' dir='ltr'><strong>Postero</strong></span> <span class='ocrx_word' id='word_1_205' title='bbox 414 2717 463 2776; x_wconf 89' lang='lat' dir='ltr'><strong>die</strong></span> <span class='ocrx_word' id='word_1_206' title='bbox 480 2715 641 2776; x_wconf 89' lang='lat' dir='ltr'><strong>universas</strong></span> <span class='ocrx_word' id='word_1_207' title='bbox 659 2715 793 2775; x_wconf 92' lang='lat' dir='ltr'><strong>omnium</strong></span> <span class='ocrx_word' id='word_1_208' title='bbox 809 2715 920 2790; x_wconf 86' lang='lat' dir='ltr'><strong>copias</strong></span> <span class='ocrx_word' id='word_1_209' title='bbox 932 2714 968 2774; x_wconf 91' lang='lat' dir='ltr'><strong>de</strong></span> <span class='ocrx_word' id='word_1_210' title='bbox 981 2727 1017 2770; x_wconf 88' lang='lat' dir='ltr'><strong>ca·</strong></span> 
     </span>
     <span class='ocr_line' id='line_1_28' title="bbox 67 2799 1017 2875; baseline -0.008 -15"><span class='ocrx_word' id='word_1_211' title='bbox 67 2801 136 2861; x_wconf 91' lang='lat' dir='ltr'><strong>stris</strong></span> <span class='ocrx_word' id='word_1_212' title='bbox 149 2800 288 2859; x_wconf 90' lang='lat' dir='ltr'><strong>omnibus</strong></span> <span class='ocrx_word' id='word_1_213' title='bbox 301 2801 434 2860; x_wconf 88' lang='lat' dir='ltr'><strong>oducunt</strong></span> <span class='ocrx_word' id='word_1_214' title='bbox 451 2808 480 2860; x_wconf 90' lang='lat' dir='ltr'><strong>et</strong></span> <span class='ocrx_word' id='word_1_215' title='bbox 497 2800 693 2875; x_wconf 88' lang='lat' dir='ltr'><strong>supercilium</strong></span> <span class='ocrx_word' id='word_1_216' title='bbox 712 2799 870 2875; x_wconf 88' lang='lat' dir='ltr'><strong>quoddam</strong></span> <span class='ocrx_word' id='word_1_217' title='bbox 882 2799 1017 2858; x_wconf 86' lang='lat' dir='ltr'><strong>excelsum</strong></span> 
     </span>
     <span class='ocr_line' id='line_1_29' title="bbox 68 2884 1017 2958; baseline -0.008 -14"><span class='ocrx_word' id='word_1_218' title='bbox 68 2886 145 2944; x_wconf 89' lang='lat' dir='ltr'><strong>nacti</strong></span> <span class='ocrx_word' id='word_1_219' title='bbox 158 2902 219 2944; x_wconf 92' lang='lat' dir='ltr'><strong>non</strong></span> <span class='ocrx_word' id='word_1_220' title='bbox 231 2887 321 2958; x_wconf 81' lang='lat' dir='ltr'><strong>longe</strong></span> <span class='ocrx_word' id='word_1_221' title='bbox 332 2901 350 2943; x_wconf 91' lang='lat' dir='ltr'><strong>a</strong></span> <span class='ocrx_word' id='word_1_222' title='bbox 362 2884 501 2944; x_wconf 83' lang='lat' dir='ltr'><strong>Caesaris</strong></span> <span class='ocrx_word' id='word_1_223' title='bbox 514 2885 622 2944; x_wconf 90' lang='lat' dir='ltr'><strong>castris</strong></span> <span class='ocrx_word' id='word_1_224' title='bbox 636 2885 733 2944; x_wconf 89' lang='lat' dir='ltr'><strong>aciem</strong></span> <span class='ocrx_word' id='word_1_225' title='bbox 744 2884 936 2944; x_wconf 92' lang='lat' dir='ltr'><strong>constituunt</strong></span> <span class='ocrx_word' id='word_1_226' title='bbox 946 2888 1017 2954; x_wconf 89' lang='lat' dir='ltr'><strong>atque</strong></span> 
     </span>
     <span class='ocr_line' id='line_1_30' title="bbox 66 2968 1018 3044; baseline -0.007 -16"><span class='ocrx_word' id='word_1_227' title='bbox 66 2970 107 3029; x_wconf 87' lang='lat' dir='ltr'><strong>ibi</strong></span> <span class='ocrx_word' id='word_1_228' title='bbox 126 2971 304 3029; x_wconf 89' lang='lat' dir='ltr'><strong>consistunt.</strong></span> <span class='ocrx_word' id='word_1_229' title='bbox 340 2970 450 3028; x_wconf 84' lang='lat' dir='ltr'><strong>Caesar</strong></span> <span class='ocrx_word' id='word_1_230' title='bbox 468 2971 537 3029; x_wconf 90' lang='lat' dir='ltr'><strong>item</strong></span> <span class='ocrx_word' id='word_1_231' title='bbox 556 2968 698 3044; x_wconf 91' lang='lat' dir='ltr'><strong>producit</strong></span> <span class='ocrx_word' id='word_1_232' title='bbox 716 2971 823 3043; x_wconf 91' lang='lat' dir='ltr'><strong>copias</strong></span> <span class='ocrx_word' id='word_1_233' title='bbox 838 2968 1018 3038; x_wconf 87' lang='lat' dir='ltr'><strong>celeriterque</strong></span> 
     </span>
     <span class='ocr_line' id='line_1_31' title="bbox 67 3052 1017 3127; baseline -0.007 -14"><span class='ocrx_word' id='word_1_234' title='bbox 67 3055 103 3114; x_wconf 90' lang='lat' dir='ltr'><strong>iis</strong></span> <span class='ocrx_word' id='word_1_235' title='bbox 116 3055 271 3113; x_wconf 87' lang='lat' dir='ltr'><strong>instructis</strong></span> <span class='ocrx_word' id='word_1_236' title='bbox 284 3061 352 3112; x_wconf 89' lang='lat' dir='ltr'><strong>aule</strong></span> <span class='ocrx_word' id='word_1_237' title='bbox 364 3069 436 3112; x_wconf 90' lang='lat' dir='ltr'><strong>suas</strong></span> <span class='ocrx_word' id='word_1_238' title='bbox 451 3055 649 3126; x_wconf 89' lang='lat' dir='ltr'><strong>munitiones,</strong></span> <span class='ocrx_word' id='word_1_239' title='bbox 674 3069 753 3127; x_wconf 90' lang='lat' dir='ltr'><strong>quae</strong></span> <span class='ocrx_word' id='word_1_240' title='bbox 771 3060 859 3111; x_wconf 90' lang='lat' dir='ltr'><strong>erant</strong></span> <span class='ocrx_word' id='word_1_241' title='bbox 877 3052 907 3110; x_wconf 90' lang='lat' dir='ltr'><strong>in</strong></span> <span class='ocrx_word' id='word_1_242' title='bbox 921 3061 1017 3122; x_wconf 88' lang='lat' dir='ltr'><strong>carnpo,</strong></span> 
     </span>
     <span class='ocr_line' id='line_1_32' title="bbox 67 3136 1017 3208; baseline -0.008 -10"><span class='ocrx_word' id='word_1_243' title='bbox 67 3140 221 3199; x_wconf 89' lang='lat' dir='ltr'><strong>constituit</strong></span> <span class='ocrx_word' id='word_1_244' title='bbox 241 3139 307 3197; x_wconf 93' lang='lat' dir='ltr'><strong>sine</strong></span> <span class='ocrx_word' id='word_1_245' title='bbox 325 3138 417 3197; x_wconf 92' lang='lat' dir='ltr'><strong>dubio</strong></span> <span class='ocrx_word' id='word_1_246' title='bbox 438 3139 614 3198; x_wconf 84' lang='lat' dir='ltr'><strong>existimans</strong></span> <span class='ocrx_word' id='word_1_247' title='bbox 632 3139 710 3197; x_wconf 91' lang='lat' dir='ltr'><strong>ultro</strong></span> <span class='ocrx_word' id='word_1_248' title='bbox 730 3136 945 3208; x_wconf 79' lang='lat' dir='ltr'><strong>adversarioS‚</strong></span> <span class='ocrx_word' id='word_1_249' title='bbox 968 3144 1017 3192; x_wconf 84' lang='lat' dir='ltr'><strong>cun</strong></span> 
     </span>
     <span class='ocr_line' id='line_1_33' title="bbox 68 3216 1019 3297; baseline -0.009 -15"><span class='ocrx_word' id='word_1_250' title='bbox 68 3230 126 3283; x_wconf 90' lang='lat' dir='ltr'><strong>tam</strong></span> <span class='ocrx_word' id='word_1_251' title='bbox 138 3224 255 3297; x_wconf 83' lang='lat' dir='ltr'><strong>magnis</strong></span> <span class='ocrx_word' id='word_1_252' title='bbox 269 3223 366 3296; x_wconf 89' lang='lat' dir='ltr'><strong>copiis</strong></span> <span class='ocrx_word' id='word_1_253' title='bbox 379 3222 562 3297; x_wconf 88' lang='lat' dir='ltr'><strong>auxiliisque</strong></span> <span class='ocrx_word' id='word_1_254' title='bbox 577 3223 658 3296; x_wconf 82' lang='lat' dir='ltr'><strong>regis</strong></span> <span class='ocrx_word' id='word_1_255' title='bbox 678 3228 785 3280; x_wconf 89' lang='lat' dir='ltr'><strong>essent</strong></span> <span class='ocrx_word' id='word_1_256' title='bbox 796 3216 926 3295; x_wconf 85' lang='lat' dir='ltr'><strong>praediti</strong></span> <span class='ocrx_word' id='word_1_257' title='bbox 939 3230 1019 3294; x_wconf 90' lang='lat' dir='ltr'><strong>prom·</strong></span> 
     </span>
     <span class='ocr_line' id='line_1_34' title="bbox 68 3305 1019 3384; baseline -0.007 -17"><span class='ocrx_word' id='word_1_258' title='bbox 68 3309 211 3384; x_wconf 92' lang='lat' dir='ltr'><strong>ptiusquc</strong></span> <span class='ocrx_word' id='word_1_259' title='bbox 220 3308 442 3382; x_wconf 88' lang='lat' dir='ltr'><strong>prosiluissent,</strong></span> <span class='ocrx_word' id='word_1_260' title='bbox 453 3313 564 3366; x_wconf 87' lang='lat' dir='ltr'><strong>antcse</strong></span> <span class='ocrx_word' id='word_1_261' title='bbox 577 3321 784 3366; x_wconf 89' lang='lat' dir='ltr'><strong>concursuros</strong></span> <span class='ocrx_word' id='word_1_262' title='bbox 798 3305 985 3379; x_wconf 90' lang='lat' dir='ltr'><strong>propiusque</strong></span> <span class='ocrx_word' id='word_1_263' title='bbox 995 3311 1019 3356; x_wconf 81' lang='lat' dir='ltr'><strong>se</strong></span> 
     </span>
     <span class='ocr_line' id='line_1_35' title="bbox 68 3388 1020 3466; baseline -0.015 -14"><span class='ocrx_word' id='word_1_264' title='bbox 68 3408 261 3453; x_wconf 50' lang='lat' dir='ltr'><strong>accessuros,</strong></span> <span class='ocrx_word' id='word_1_265' title='bbox 293 3391 380 3466; x_wconf 87' lang='lat' dir='ltr'><strong>Equo</strong></span> <span class='ocrx_word' id='word_1_266' title='bbox 405 3393 623 3450; x_wconf 89' lang='lat' dir='ltr'><strong>circumvectus</strong></span> <span class='ocrx_word' id='word_1_267' title='bbox 647 3389 851 3464; x_wconf 78' lang='lat' dir='ltr'><strong>legionesque</strong></span> <span class='ocrx_word' id='word_1_268' title='bbox 865 3388 1020 3449; x_wconf 84' lang='lat' dir='ltr'><strong>cohortatus</strong></span> 
     </span>
     <span class='ocr_line' id='line_1_36' title="bbox 69 3471 1022 3552; baseline -0.012 -15"><span class='ocrx_word' id='word_1_269' title='bbox 69 3478 156 3552; x_wconf 81' lang='lat' dir='ltr'><strong>signo</strong></span> <span class='ocrx_word' id='word_1_270' title='bbox 174 3478 244 3537; x_wconf 87' lang='lat' dir='ltr'><strong>dato</strong></span> <span class='ocrx_word' id='word_1_271' title='bbox 264 3492 423 3536; x_wconf 86' lang='lat' dir='ltr'><strong>accessum</strong></span> <span class='ocrx_word' id='word_1_272' title='bbox 437 3475 568 3534; x_wconf 89' lang='lat' dir='ltr'><strong>bostium</strong></span> <span class='ocrx_word' id='word_1_273' title='bbox 586 3475 808 3548; x_wconf 90' lang='lat' dir='ltr'><strong>aucupabatur.</strong></span> <span class='ocrx_word' id='word_1_274' title='bbox 840 3474 912 3547; x_wconf 86' lang='lat' dir='ltr'><strong>lpse</strong></span> <span class='ocrx_word' id='word_1_275' title='bbox 924 3471 1022 3531; x_wconf 84' lang='lat' dir='ltr'><strong>anima</strong></span> 
     </span>
     <span class='ocr_line' id='line_1_37' title="bbox 69 3551 1021 3634; baseline -0.015 -13"><span class='ocrx_word' id='word_1_276' title='bbox 69 3562 133 3621; x_wconf 91' lang='lat' dir='ltr'><strong>suis</strong></span> <span class='ocrx_word' id='word_1_277' title='bbox 151 3561 367 3622; x_wconf 88' lang='lat' dir='ltr'><strong>munitionibus</strong></span> <span class='ocrx_word' id='word_1_278' title='bbox 386 3560 506 3634; x_wconf 80' lang='lat' dir='ltr'><strong>longius</strong></span> <span class='ocrx_word' id='word_1_279' title='bbox 526 3576 586 3619; x_wconf 90' lang='lat' dir='ltr'><strong>non</strong></span> <span class='ocrx_word' id='word_1_280' title='bbox 606 3559 672 3618; x_wconf 89' lang='lat' dir='ltr'><strong>sine</strong></span> <span class='ocrx_word' id='word_1_281' title='bbox 685 3559 805 3618; x_wconf 87' lang='lat' dir='ltr'><strong>ratione</strong></span> <span class='ocrx_word' id='word_1_282' title='bbox 817 3574 880 3617; x_wconf 95' lang='lat' dir='ltr'><strong>non</strong></span> <span class='ocrx_word' id='word_1_283' title='bbox 893 3551 1021 3630; x_wconf 89' lang='lat' dir='ltr'><strong>procede·</strong></span> 
     </span>
     <span class='ocr_line' id='line_1_38' title="bbox 67 3637 1061 3722; baseline -0.012 -17"><span class='ocrx_word' id='word_1_284' title='bbox 67 3646 127 3717; x_wconf 87' lang='lat' dir='ltr'><strong>bat,</strong></span> <span class='ocrx_word' id='word_1_285' title='bbox 141 3648 265 3722; x_wconf 86' lang='lat' dir='ltr'><strong>quadiu</strong></span> <span class='ocrx_word' id='word_1_286' title='bbox 279 3645 395 3720; x_wconf 90' lang='lat' dir='ltr'><strong>oppido</strong></span> <span class='ocrx_word' id='word_1_287' title='bbox 407 3644 532 3714; x_wconf 91' lang='lat' dir='ltr'><strong>Uzittae,</strong></span> <span class='ocrx_word' id='word_1_288' title='bbox 546 3643 628 3718; x_wconf 93' lang='lat' dir='ltr'><strong>quod</strong></span> <span class='ocrx_word' id='word_1_289' title='bbox 642 3641 746 3716; x_wconf 88' lang='lat' dir='ltr'><strong>Scipio</strong></span> <span class='ocrx_word' id='word_1_290' title='bbox 763 3642 895 3712; x_wconf 86' lang='lat' dir='ltr'><strong>tenebat,</strong></span> <span class='ocrx_word' id='word_1_291' title='bbox 910 3637 1023 3701; x_wconf 87' lang='lat' dir='ltr'><strong>hostium</strong></span> <span class='ocrx_word' id='word_1_292' title='bbox 1059 3640 1061 3693; x_wconf 66' lang='lat' dir='ltr'><strong>t</strong></span> 
     </span>
     <span class='ocr_line' id='line_1_39' title="bbox 69 3724 1061 3802; baseline -0.014 -10"><span class='ocrx_word' id='word_1_293' title='bbox 69 3737 155 3792; x_wconf 85' lang='lat' dir='ltr'><strong>erant</strong></span> <span class='ocrx_word' id='word_1_294' title='bbox 166 3731 306 3793; x_wconf 88' lang='lat' dir='ltr'><strong>cobortes</strong></span> <span class='ocrx_word' id='word_1_295' title='bbox 319 3738 466 3800; x_wconf 87' lang='lat' dir='ltr'><strong>armatae;</strong></span> <span class='ocrx_word' id='word_1_296' title='bbox 486 3729 583 3787; x_wconf 91' lang='lat' dir='ltr'><strong>eidem</strong></span> <span class='ocrx_word' id='word_1_297' title='bbox 596 3733 696 3787; x_wconf 89' lang='lat' dir='ltr'><strong>autem</strong></span> <span class='ocrx_word' id='word_1_298' title='bbox 710 3727 828 3802; x_wconf 85' lang='lat' dir='ltr'><strong>oppido</strong></span> <span class='ocrx_word' id='word_1_299' title='bbox 848 3724 888 3787; x_wconf 88' lang='lat' dir='ltr'><strong>ad</strong></span> <span class='ocrx_word' id='word_1_300' title='bbox 905 3727 1023 3786; x_wconf 80' lang='lat' dir='ltr'><strong>derium</strong></span> <span class='ocrx_word' id='word_1_301' title='bbox 1059 3724 1061 3729; x_wconf 86' lang='lat'>&#39;</span> 
     </span>
    </p>
   </div>
   <div class='ocr_carea' id='block_1_3' title="bbox 0 0 1148 4176">
    <p class='ocr_par' dir='ltr' id='par_1_5' title="bbox 0 0 1148 4176">
     <span class='ocr_line' id='line_1_40' title="bbox 0 0 1148 4176; baseline 0 0"><span class='ocrx_word' id='word_1_302' title='bbox 0 0 1148 4176; x_wconf 95' lang='lat' dir='ltr'><strong> </strong></span> 
     </span>
    </p>
   </div>
  </div>
 </body>
</html>
