2272 4176
182 152 420 195 nuenarianae
444 154 684 196 conrvnsnaonn
707 155 733 197 c.
756 146 799 200 17.
824 147 866 200 18.
992 139 1014 197 9

26 300 137 369 voluit,
158 302 188 361 in
210 317 302 361 unum
326 301 420 360 omnis
435 310 582 372 convocat,
604 302 710 381 quibus
732 321 867 364 maxuma
884 306 1009 365 necessi·

25 386 100 445 tudo
116 388 147 444 et
159 383 329 462 plurumum
346 384 484 445 audaciae
501 388 602 446 inerat.
631 387 673 446 Ec
690 404 853 446 convenere
874 389 1039 449 senatorii3

26 468 143 529 ordinis
158 467 191 527 P.
210 466 351 527 Lentulus
366 467 455 535 Sura,
477 468 509 528 P.
528 469 699 538 Autronius,
723 469 755 529 L.
772 468 887 530 Cassius
903 470 1013 547 Longi-

25 569 101 621 nus,
120 551 156 611 C.
180 550 338 628 Cetbeprs,
360 550 439 611 Pet
461 552 578 613 Servius
594 553 691 614 Sullae
713 553 794 613 Serri
808 553 873 621 filii,
891 553 923 612 L.
939 554 1013 614 Var-

10 635 177 713 igunteiuS,
190 632 225 704 Q.
240 634 360 702 Annius,
372 633 409 693 Μ.
422 634 544 695 Porcius
555 634 657 704 Laeca,
671 636 702 695 L.
719 636 824 704 Bestia,
841 637 875 707 Q.
889 636 1011 697 Curius:

25 724 184 797 praetcrea
202 736 238 778 ex
260 719 388 795 equestri
410 718 512 778 ordine
534 718 571 778 Μ.
594 719 712 780 Fulvius
726 719 873 787 Nobilior,
896 719 927 778 L.
946 721 1038 780 Sta-4

24 800 116 870 tilius,
130 801 163 860 P.
186 800 326 861 Gabinius
347 799 463 878 Capito,
487 802 521 861 G.
546 801 712 862 Cornelius:
737 803 772 863 ad
791 802 849 862 boc
867 801 949 862 multi
973 823 1008 863 ex

26 883 151 947 coloniis
167 890 196 944 et
213 884 385 960 municipiis,
408 884 485 944 domi
500 885 623 946 nobiles.
658 885 749 946 Erant
770 893 923 962 praeterea
939 899 1035 949 oon-5

23 967 130 1045 plures
149 966 238 1045 paulo
260 965 402 1027 occultius
431 967 540 1031 consili
559 969 680 1029 huiusce
702 971 858 1046 participes
884 969 1007 1040 nobiles,

10 1069 103 1131 iquos
123 1053 217 1129 magis
239 1051 443 1117 dominationis
458 1069 525 1129 spes
543 1052 716 1112 hortabatur
734 1070 820 1130 quam
842 1053 938 1131 inopia
960 1060 1011 1114 aut

26 1134 82 1196 alia
100 1134 296 1195 necessitudo.
331 1133 467 1195 Ceterum
483 1138 616 1196 iuventus
632 1135 786 1214 pleraque,
809 1145 853 1196 set
871 1144 1035 1197 manumet

25 1218 188 1287 nobilium,
212 1216 349 1279 Catilinae
364 1220 487 1296 inceptis
500 1219 630 1279 favebat:
646 1219 752 1297 quibus
768 1220 798 1278 in
814 1220 872 1279 otio
887 1219 931 1279 vel
946 1239 1008 1280 ma-

28 1303 133 1381 gnifice
148 1301 194 1362 vel
209 1300 335 1362 molliter
349 1304 446 1362 vivere
462 1304 544 1383 copia
556 1310 626 1371 erat,
639 1304 749 1363 incerta
764 1321 819 1380 pro
831 1305 926 1372 certis,
945 1304 1007 1364 bel-

28 1385 89 1447 lum
109 1404 200 1466 quam
214 1403 316 1464 pacem
337 1384 492 1446 malebant.
526 1386 622 1447 Fuere
638 1388 706 1446 item
722 1405 756 1446 ea
768 1392 940 1465 tempestate
958 1389 1035 1466 quit

10 1470 185 1531 accederent
205 1469 243 1529 Μ.
266 1469 409 1531 Licinium
432 1468 568 1531 Crassum
585 1488 645 1529 non
664 1471 799 1546 ignarum
821 1471 883 1530 eins
906 1470 1009 1531 consili

28 1554 132 1615 luisse:
148 1554 217 1633 quia
232 1554 286 1613 Gn.
303 1553 468 1632 Pompeius,
485 1555 594 1615 invisus
611 1554 674 1630 ipsi,
691 1571 830 1631 magnum
848 1556 1009 1614 exercitum

29 1638 176 1708 ductabat,
192 1638 318 1699 cuiusvis
334 1656 405 1718 opes
418 1637 543 1699 voluisse
559 1644 660 1697 contra
677 1637 753 1697 illius
768 1637 928 1716 potentiam
943 1654 1006 1696 cro-

29 1738 128 1792 scere,
152 1720 240 1783 simul
255 1722 412 1792 confisum,
433 1722 458 1782 si
476 1723 637 1783 coniuratio
652 1720 803 1790 valuisset,
824 1719 908 1780 facile
930 1721 1009 1800 apud

38 1804 92 1876 llos
106 1807 273 1897 principem
289 1825 321 1871 se
337 1806 409 1869 iore.

10 1918 22 1961 o
114 1900 167 1961 Set
188 1906 274 1961 antea
295 1896 364 1962 item
387 1899 576 1965 coniuravere
596 1899 682 1983 pauci
703 1907 805 1964 contra
827 1918 891 1964 rem
912 1890 1006 1983 publi·
1021 1897 1060 1961 18

30 2002 102 2053 carn,
115 1986 147 2044 in
159 1983 265 2064 quibus
277 1982 396 2046 Catilina
406 1988 475 2048 suit:
492 1988 528 2048 de
541 2006 607 2066 qua,
623 2005 709 2066 quam
722 1989 881 2048 verissume
895 1996 1009 2067 potero,

30 2070 134 2129 dicam.
157 2068 190 2129 L.
216 2063 301 2129 Tullo
320 2068 356 2128 M’
376 2070 485 2150 Lepido
506 2070 674 2131 consulibus
695 2070 727 2129 P.
749 2072 908 2131 Autronius
929 2078 958 2131 et
977 2072 1037 2131 P.2

31 2151 120 2221 SuMa,
136 2150 277 2230 designati
291 2154 434 2223 consules,
450 2153 564 2231 legibus
579 2153 704 2213 ambitus
719 2155 889 2231 interrogati
900 2172 1011 2232 poenas

30 2237 180 2297 dederant.
220 2236 289 2296 Post
311 2236 398 2314 paulo
422 2237 555 2306 Catilina,
571 2239 762 2315 pecuniarum
780 2239 1038 2316 repetundarum3

10 2338 112 2391 arcus,
135 2319 301 2399 prohibitus
326 2328 389 2380 erat
413 2320 593 2381 consulatum
612 2327 712 2398 petere
739 2320 832 2400 [quod
846 2323 922 2382 intra
938 2320 1009 2397 legi-

29 2412 127 2465 tumos
142 2405 203 2464 dids
216 2404 348 2481 profiteri
368 2402 554 2483 nequiverit]
591 2402 662 2463 Erat
683 2404 786 2464 eodem
800 2411 934 2483 tempore
949 2405 1038 2462 soa

30 2506 95 2549 mue
108 2486 164 2548 Gn.
179 2487 256 2556 Piso,
273 2485 446 2547 adulescens
460 2486 575 2556 nobilis,
593 2504 724 2546 summae
744 2487 891 2555 audaciae,
910 2503 1008 2562 egens,

31 2572 177 2641 factiosus
190 2571 324 2649 quemad
336 2570 567 2647 perturbandam
578 2569 798 2647 rempublicam
813 2571 910 2647 inopia
922 2577 1008 2648 atque

31 2656 97 2715 mali
121 2671 220 2714 mores
240 2652 436 2713 stimulabant.
486 2653 557 2713 Cum
581 2652 638 2712 hoc
660 2651 779 2713 Catilina
803 2660 830 2712 et
851 2655 1035 2713 Autroniusb

10 2740 146 2801 ooirciter
162 2737 261 2797 Nonas
275 2737 445 2797 Decembris
458 2735 577 2796 consilio
594 2737 798 2796 conmunicato
815 2735 958 2813 parabant
979 2737 1009 2794 in

32 2820 170 2899 Capitolio
185 2818 322 2881 Kalendis
337 2821 478 2881 ianuariis
489 2818 520 2879 L.
533 2817 645 2879 Cottam
662 2827 691 2878 et
702 2819 733 2878 L.
746 2819 928 2897 Torquatum
941 2836 1009 2878 con·

33 2904 109 2965 sules
125 2905 305 2973 interlicere,
322 2905 376 2981 ipsi
391 2903 518 2963 fascibus
533 2904 680 2980 conreptis
695 2902 830 2962 Pisonem
848 2920 913 2962 cum
926 2919 1009 2961 exer-

36 2990 91 3048 citu
113 2989 148 3049 ad
172 2987 345 3049 obtinendas
366 2987 438 3047 duas
459 2986 611 3064 Hispanias
633 2987 757 3046 mittere.
781 2983 892 3019 ΗΜ*
914 2985 955 3044 Ea
977 2994 1038 3046 reo

35 3074 147 3148 cognita
164 3088 268 3132 rursus
285 3072 315 3131 in
332 3071 430 3131 Nonas
444 3069 620 3131 Februarias
638 3068 790 3130 consilinm
804 3068 900 3129 caedis
916 3076 1010 3128 trans-

10 3154 167 3215 ·stulerant.
212 3155 273 3215 lam
293 3161 355 3214 tum
383 3172 443 3214 non
473 3153 640 3214 consulibus
662 3152 764 3220 modo,
794 3158 838 3212 set
864 3151 1037 3231 plerisquet

35 3238 216 3299 senatoribus
230 3241 385 3316 pernitiem
398 3237 647 3298 machinabantur.
672 3234 755 3303 Quod
771 3238 800 3294 ni
816 3234 935 3294 Catilina
949 3246 1039 3297 ma-8

35 3328 160 3381 turasset
179 3340 234 3400 pro
256 3323 338 3382 curia
361 3323 477 3396 signum
495 3320 580 3381 sociis
600 3320 684 3388 dare,
708 3336 742 3378 eo
760 3319 806 3379 die
824 3327 890 3396 post
912 3319 1011 3379 condi·

35 3409 94 3463 tam
106 3404 208 3465 rubam
224 3404 346 3465 Romam
358 3421 528 3483 pessumum
539 3404 653 3462 lacinus
666 3408 814 3480 patratum
830 3403 915 3462 soret.
938 3401 1011 3471 Quia
