2272 4176
465 173 578 238 LlBllR
598 176 622 236 l.
985 180 1025 247 17

10 324 45 391 ul
57 342 140 390 aum
156 325 358 400 venissent,
375 325 484 402 quibus
496 327 584 389 locus
600 345 637 389 ac
652 330 744 392 sedes
756 339 944 407 pararentur.
965 336 1026 399 Fu·

10 414 115 475 lurum
139 426 231 472 esse
256 411 377 487 paucis
398 411 500 487 annis,
521 413 565 473 uti
587 429 694 473 omnes
716 430 755 474 ex
778 418 891 478 Galliae
910 419 1023 482 linibus

10 496 223 595 pellerentur
241 502 346 570 atque
361 510 467 554 ornnes
476 495 616 555 Germani
623 497 763 558 Rhenum
777 501 955 564 transirent·
970 522 1022 565 ne-

16 597 77 657 que
91 581 188 642 enim
215 579 450 641 conterendum
471 595 542 639 esse
557 581 704 642 Gallicum
720 598 788 643 cum
805 584 1022 650 Germanorum

10 680 103 753 agro,
125 680 251 741 neque
267 663 351 722 hanc
367 670 496 724 consuet
484 665 619 724 tudinem
633 665 733 726 victus
750 684 819 727 cunr
835 669 886 727 illa
900 686 1021 768 compa-

10 726 165 811 rendam.
206 747 410 808 Ariovistum
431 754 548 822 autern,
569 754 603 809 ut
623 751 718 809 semel
741 751 895 812 Gallorum
917 758 1021 830 copias

25 835 147 911 proelio
158 832 295 905 vicerit,
309 830 394 906 quod
407 832 558 905 proelium
569 832 680 894 lactum
694 834 733 893 sit
744 834 1020 914 adltlagetobriam,

37 918 167 995 superbe
181 922 217 976 et
230 915 421 976 crudeliter
412 930 573 990 imperare,
587 915 712 976 obsides
725 919 906 980 nobilissimi
919 923 1019 982 cuius-

43 1017 93 1079 que
105 1002 233 1063 liberos
250 1014 388 1075 poscere
403 1007 433 1060 et
446 999 476 1059 in
495 1014 551 1060 eos
573 1001 676 1060 omnia
697 1005 838 1077 exempla
852 1005 1014 1066 cruciatus·

48 1101 96 1163 que
112 1086 232 1159 edere,
257 1084 286 1144 si
302 1099 365 1159 qua
385 1099 436 1144 res
451 1100 513 1144 non
528 1083 687 1144 adnutum
702 1091 754 1145 aut
773 1087 813 1145 ad
834 1088 1017 1149 voluntatem

47 1172 103 1237 ,tius
114 1170 202 1229 lacta
218 1168 273 1229 sit.
302 1166 464 1228 Hominem
479 1168 744 1243 esscharbarum,
767 1170 959 1248 iracundum,
975 1179 1015 1234 le-

55 1253 219 1315 netariume
234 1268 302 1314 non
313 1267 411 1328 posse
425 1252 491 1313 eius
505 1251 634 1327 imperia
645 1251 758 1312 diutius
771 1255 932 1315 sustinere.
954 1257 1017 1319 Nisi

58 1338 156 1414 siquid
171 1338 205 1397 in
222 1337 360 1397 caesare
373 1338 553 1412 populoque
566 1338 705 1397 Romano
721 1337 761 1398 sit
781 1340 901 1414 auxilii,
923 1343 1004 1402 omni

59 1420 101 1483 lus
114 1421 210 1481 Gallis
224 1421 309 1481 idern
327 1436 399 1481 esso
419 1421 608 1495 laciendum,
631 1421 715 1496 quod
729 1422 858 1482 Helvetii
880 1425 1016 1503 fecerint,

52 1506 180 1588 ¹rtrlouro
196 1504 358 1580 emigrent,
374 1505 457 1565 aliud
471 1505 664 1579 domicilium,
680 1505 755 1565 alias
767 1506 869 1582 sedes,
884 1516 1017 1572 remotas

63 1590 261 1664 rtlermanis,
284 1594 390 1664 petant
408 1590 639 1664 fortunamque,
662 1604 875 1666 quaecumque
888 1594 1014 1673 accidat,

64 1674 249 1749 experiantur.
282 1675 365 1734 Haec
379 1673 406 1733 si
421 1673 576 1734 enuntiata
588 1673 745 1733 Ariovisto
760 1674 829 1749 sint,
852 1690 914 1734 non
929 1677 1002 1738 dubi

55 1762 120 1831 tore,
133 1758 206 1834 quin
218 1758 260 1818 de
274 1756 415 1816 omnibus
428 1757 597 1829 obsidibus,
615 1756 667 1832 qui
681 1757 765 1831 apud
779 1774 848 1818 eurn
863 1758 931 1834 sint,
947 1777 1013 1835 gra-

66 1840 201 1903 tissimum
222 1841 410 1917 supplicium
431 1846 539 1902 sumat.
580 1841 740 1901 Caesarem
761 1844 811 1901 vel
836 1843 1014 1904 auctoritato

66 1942 110 1987 ma
125 1934 213 2003 atque
236 1926 392 1986 exercitus
406 1927 455 2006 uel
475 1926 590 1985 recenti
604 1925 733 1985 victoria
746 1926 796 1985 vel
817 1927 939 1986 nominc
959 1944 1015 2003 po·

65 2010 115 2083 puli
124 2010 250 2071 Romani
266 2010 422 2070 deterrere
436 2025 541 2084 posse,
557 2025 596 2068 ne
610 2010 708 2068 maior
722 2011 880 2071 mullitudo
892 2011 1014 2074 Germa⁸

66 2112 152 2156 norum
166 2100 308 2160 Rhenum
323 2098 506 2172 traducatur,
525 2097 713 2171 Galliamque
729 2113 848 2157 omnem
864 2096 902 2157 ab
917 2098 1002 2160 Ario-

66 2182 121 2241 mti
133 2182 241 2243 iniuria
259 2200 357 2258 posse
375 2183 550 2242 defendere.

129 2268 246 2332 XXXII.
264 2269 329 2328 Hac
342 2265 480 2326 oratione
494 2266 532 2324 ab
544 2262 694 2324 Divitiaco
704 2264 807 2323 habita
822 2280 938 2341 omnes,
953 2265 1003 2341 qui

63 2348 185 2426 ederant,
208 2367 320 2426 magno
338 2348 414 2410 fletu
429 2349 573 2411 auxilium
589 2364 608 2407 a
626 2348 757 2408 caesare
771 2355 878 2423 petere
894 2365 1005 2423 coepe-

62 2445 122 2496 runt
149 2437 372 2496 Animadvertit
393 2436 503 2494 Caesar
524 2451 603 2494 unos
626 2449 665 2491 ex
687 2432 826 2493 omnibus
849 2433 1009 2509 Sequanos

61 2518 117 2581 llil
127 2537 229 2581 earum
240 2536 343 2580 rerum
355 2520 464 2592 lacere,
479 2534 556 2593 quas
573 2517 664 2576 ceteri
680 2517 822 2590 lacerent,
840 2518 896 2577 sed
908 2518 1010 2577 tristes

60 2606 142 2679 apim
157 2605 293 2665 demisso
310 2611 420 2664 terram
435 2603 551 2662 intueri.
575 2601 648 2660 Eius
664 2601 707 2658 rei
724 2615 803 2673 quae
819 2617 913 2660 causa
927 2607 1007 2662 esset

60 2686 165 2749 miratus
181 2704 221 2748 ex
236 2688 313 2762 ipsis
331 2687 470 2762 quaesiit.
495 2685 571 2744 Nihil
588 2684 723 2759 Sequani
737 2685 937 2759 respondere,
954 2684 1011 2744 sed

60 2770 200 2833 neodem
219 2771 340 2832 tristitia
360 2771 440 2832 taciti
454 2783 644 2845 permanere.
675 2768 748 2827 Cum
769 2768 806 2826 ab
822 2767 869 2827 his
885 2768 1009 2843 saepius

60 2864 203 2933 moereret
217 2871 319 2933 neque
333 2857 425 2915 ullam
441 2855 563 2915 omnino
578 2867 687 2912 vocem
708 2852 1010 2948 exprimere'posset

60 2938 124 3001 ilem
135 2941 304 3003 Divitiacus
319 2939 465 2999 Haeduus
487 2936 662 3013 respondit.
691 2935 757 2995 Hoc
780 2950 851 2995 esse
872 2935 1007 2995 miserio-

59 3038 109 3086 rem
126 3033 156 3087 ot
174 3026 351 3102 graviorem
371 3025 523 3084 fortunam
538 3020 749 3116 Sequanorum
765 3036 856 3094 quam
876 3019 1008 3092 reliquo

132 3111 216 3187 quod
228 3110 287 3171 soli
298 3125 339 3168 ne
350 3110 380 3168 in
393 3112 511 3170 occulto
524 3106 646 3181 quidem
658 3104 744 3179 queri
756 3117 856 3177 neque
867 3101 1011 3162 auxilium

60 3188 204 3271 inplorare
232 3195 383 3255 auderent
409 3191 606 3266 absentisque
626 3188 772 3251 Ariouisti
793 3185 1010 3260 crudelitatem,

76 3280 167 3341 clut
142 3299 169 3342 sr
192 3296 299 3341 coram
319 3279 453 3355 adesset,
469 3278 641 3349 horrerent,
665 3284 830 3350 propterea
845 3270 929 3345 quod
942 3270 1010 3330 reli-

76 3362 115 3425 uis
132 3373 233 3427 tamen
255 3365 349 3439 fugae
363 3363 491 3424 facultas
512 3361 599 3420 daret
587 3367 650 3433 tur,
673 3355 824 3432 Sequanis
845 3370 936 3429 vero,
960 3351 1012 3428 qui

76 3454 122 3511 ltro
132 3450 209 3512 lines
227 3464 305 3510 suos
319 3447 508 3509 Ariovistum
523 3444 728 3520 recepissent,
752 3456 885 3521 quorum
898 3437 1015 3519 oppida

89 3534 358 3595 cranmsdnrrsna
799 3534 817 3589 ‘l
