2302 4192
66 39 271 109 marram·-
286 40 290 47 ·

473 153 586 215 maun
608 155 657 214 m.
987 150 1047 219 att

72 307 239 386 dispositis
253 305 360 383 aquari
375 304 618 381 prohiberentur.
649 306 715 380 Qua
729 307 911 369 necessitate
924 314 953 367 et
963 308 1047 384 igno-

72 392 171 454 minia
183 398 342 470 permotus
358 391 433 451 Libo
448 391 593 452 discessit
607 409 625 452 a
638 392 803 454 Brundisio
820 392 1047 455 obsessionem·

73 495 137 556 que
155 484 330 539 nostrorum
347 476 455 536 omisit.

160 563 254 624 XXV.
296 560 382 620 Multi
397 561 457 620 iam
470 577 594 622 menses
610 570 695 624 erant
709 568 739 623 et
752 561 849 623 hiems
866 562 1046 638 praecipita·

74 656 177 720 verat,
201 662 303 723 neque
316 645 480 707 Brundisio
497 661 592 707 naves
613 648 815 723 legionesque
831 649 870 707 ad
886 648 1048 708 Caesarem

73 733 249 794 veniebant.
277 732 324 792 Ac
339 732 503 791 nonnullae
518 732 583 791 elus
599 732 643 790 rei
659 732 894 809 praetermissae
910 732 1048 793 occasio-

74 835 130 879 nes
145 816 269 878 Caesari
283 817 472 889 videhantur,
489 817 572 890 quod
589 825 670 877 certe
689 833 783 892 saepe
798 816 947 878 flaverant
956 816 1046 890 venti,

76 904 191 979 quibus
213 901 389 962 necessario
413 901 659 961 committendum
679 902 880 963 existimabat.
916 901 1046 975 Quanto-

77 1004 137 1064 que
154 988 221 1047 eius
236 985 366 1060 amplius
384 993 583 1058 processerat
596 987 759 1062 temporiS,
785 994 868 1047 tanto
885 994 970 1046 erant
987 987 1047 1045 ala-

76 1074 192 1133 criores
209 1072 248 1130 ad
264 1070 419 1129 custodias
437 1070 488 1145 qui
504 1071 656 1130 classibus
670 1078 831 1147 praeerant
840 1072 1048 1145 maioremque

76 1158 221 1218 fiduciam
242 1154 424 1230 prohibendi
439 1154 599 1228 habebant,
617 1162 646 1216 et
662 1156 776 1216 crebris
791 1155 917 1232 Pompei
941 1154 1047 1215 litteris

78 1241 319 1316 castigabantur,
345 1239 489 1314 quoniam
508 1240 606 1314 primo
622 1241 796 1300 venientem
811 1240 972 1301 Caesarem
986 1256 1046 1300 non

79 1325 323 1402 prohibuissent,
353 1331 386 1383 ut
409 1325 546 1401 reliquos
573 1325 639 1386 eius
664 1326 817 1386 exercitus
851 1325 1046 1400 impedirent;

78 1412 248 1485 duriusque
268 1408 379 1470 cotidie
399 1415 519 1483 tempus
545 1410 584 1468 ad
598 1411 866 1486 transportandum
881 1409 1047 1470 lenioribus

78 1497 175 1556 ventis
189 1494 400 1569 expectabant.
427 1493 542 1567 Quibus
553 1495 646 1555 rebus
658 1502 815 1571 permotus
828 1495 941 1555 Caesar
950 1495 1047 1555 Brun-

77 1581 189 1642 disium
205 1580 245 1638 ad
261 1595 335 1640 suos
354 1580 492 1639 severius
509 1580 645 1653 scripsit,
671 1581 749 1640 nacti
767 1580 911 1640 idoneum
924 1585 1049 1639 ventum

77 1683 113 1725 ne
139 1665 339 1726 occasionem
360 1664 525 1738 aurigandi
546 1665 741 1738 dimitterent,
769 1665 796 1724 si
819 1665 869 1723 vel
896 1665 936 1723 ad
960 1665 1048 1722 litora

76 1748 317 1827 Apolloniatium
338 1765 461 1809 cursum
486 1749 618 1823 dirigere
642 1756 734 1824 atque
760 1764 797 1809 eo
824 1764 920 1808 naves
949 1747 1048 1806 eicere

74 1842 215 1912 possent.
246 1834 330 1894 Haec
354 1833 535 1895 acustodiis
559 1833 703 1894 classium
724 1836 792 1893 loca
811 1834 943 1892 maxime
957 1846 1046 1891 vaca-

73 1921 156 1994 bant,
171 1919 257 1994 quod
269 1935 303 1978 se
314 1920 435 1994 longius
448 1919 615 1992 apartibus
628 1919 812 1978 committere
823 1935 884 1978 non
893 1917 1037 1976 auderent

158 2004 267 2065 XXVI.
311 2005 355 2063 llli
377 2003 510 2063 adhibita
526 2003 655 2064 audacia
668 2011 699 2064 et
712 2003 821 2064 virtute
837 2002 1047 2062 administran-

71 2091 156 2152 tibus
167 2088 208 2147 Μ.
224 2089 357 2148 Antonio
373 2095 403 2149 et
415 2089 501 2148 Fufio
519 2089 646 2161 Caleno,
669 2091 795 2150 multum
809 2087 886 2164 ipsis
903 2086 1047 2147 militibus

72 2174 269 2243 hortantibus
293 2189 394 2249 neque
416 2175 510 2235 ullum
531 2175 699 2249 periculum
721 2189 777 2249 pro
794 2175 892 2234 salute
907 2172 1047 2233 Caesaris

73 2259 291 2321 recusantibus
307 2258 386 2318 nacti
401 2265 537 2318 austrum
549 2275 643 2318 naves
656 2261 779 2321 solvunt
789 2265 880 2335 atque
892 2260 986 2319 altero
999 2256 1048 2315 die

71 2342 273 2420 Apolloniam
294 2344 574 2418 praetervehuntur.
604 2343 747 2417 Quicum
767 2349 873 2404 essent
893 2360 930 2403 ex
953 2341 1046 2401 conti-

74 2430 161 2491 nenti
175 2429 244 2503 visi,
262 2429 427 2504 Coponius,
451 2430 502 2503 qul
516 2428 686 2507 Dyrrhachi
701 2429 793 2488 classi
806 2427 1047 2501 Rhodiaeprae·

73 2522 149 2589 erat,
165 2529 262 2573 naves
279 2530 317 2572 ex
328 2522 418 2589 portu
430 2515 540 2587 educit,
557 2521 586 2574 et
597 2531 665 2573 cum
678 2514 736 2572 iam
748 2513 861 2574 nostris
872 2510 1048 2571 remissiore

73 2607 169 2660 vento
187 2599 475 2675 adpropinquasset,
497 2599 577 2657 idem
591 2605 695 2658 auster
709 2598 858 2658 increbuit
871 2596 1048 2671 nostrisque

74 2683 235 2762 praesidio
257 2684 320 2744 luit.
349 2686 456 2759 Neque
476 2699 549 2744 vero
571 2684 620 2742 ille
641 2683 681 2745 ob
702 2699 769 2743 cam
791 2699 915 2744 causam
936 2689 1048 2741 conatu

76 2769 261 2841 desistebat,
287 2770 342 2829 sed
363 2770 468 2829 labore
483 2776 512 2828 et
527 2769 756 2843 perseverantia
772 2775 930 2830 nautarum
945 2773 975 2829 et
989 2766 1048 2827 vim

76 2853 268 2930 tempestatis
291 2854 429 2928 superari
451 2869 547 2928 posse
569 2855 727 2930 sperabat,
757 2861 1048 2930 praetervectosque

75 2937 301 3018 Dyrrhachium
321 2955 431 3013 magna
451 2940 481 2997 vi
501 2939 584 2998 renti
605 2939 697 2999 nihilo
724 2941 826 3001 secius
853 2939 1047 3016 sequebatur.

75 3024 179 3086 Nostri
195 3023 243 3083 usi
259 3024 396 3084 lonunae
413 3024 562 3085 beneficio
575 3020 676 3083 tamen
687 3025 831 3099 impetum
844 3024 953 3085 classis
965 3023 1047 3081 time·

77 3116 158 3186 oant,
174 3108 201 3170 si
218 3109 418 3170 terreremus
432 3111 608 3170 remisisset.
636 3110 722 3170 Nacti
734 3119 864 3186 portum,
881 3110 932 3185 qui
944 3107 1048 3185 appel-

75 3196 155 3257 latur
169 3195 397 3272 Nymphaeum,
419 3198 498 3255 ultra
510 3197 632 3255 LIssum
654 3195 734 3255 milia
755 3211 903 3272 passuum
918 3193 989 3268 tria,
1011 3207 1048 3254 eo

76 3297 174 3341 naves
195 3280 483 3342 introduxerunt—
500 3282 552 3356 qui
572 3287 680 3356 portus
702 3281 740 3340 ab
754 3281 859 3341 Alrico
880 3281 1048 3355 tegebatur,

75 3366 116 3426 ab
137 3374 244 3427 austro
266 3383 326 3426 non
347 3375 412 3427 erat
425 3374 507 3427 tutus
520 3400 563 3410 —
576 3366 738 3441 leviusque
753 3365 946 3443 tempestatis
960 3381 1060 3441 quarn

77 3451 188 3514 classis
206 3451 375 3527 periculum
395 3454 649 3519 aestimaverunt.
686 3451 757 3535 Quo
778 3454 977 3533 simulatque
988 3451 1079 3511 'unua
