2302 4192
381 162 539 227 BELLUM
559 160 737 227 maleta.
982 158 1044 227 385

72 321 134 384 bus
148 318 343 397 epibatisque
364 320 496 396 complet
510 314 735 391 insidiandique
748 315 845 391 gratia
859 318 1044 393 progressus

71 408 275 468 Adrumetum
296 420 365 483 cum
384 419 422 462 av
445 402 573 463 navibus
599 400 746 476 pervenit
776 400 866 461 Cuius
893 403 1044 464 adventus

72 492 190 551 inscius
213 482 326 549 Caesar
345 485 378 546 L.
401 487 534 562 Cispium
555 502 623 546 cum
645 486 745 545 classe
765 498 854 547 xxvrr
868 487 990 546 navium
1005 489 1044 548 ad

72 577 230 650 Thapsum
244 588 354 633 versus
369 572 399 631 in
415 572 576 631 stationem
591 568 734 646 praesidii
748 570 845 644 gratia
856 579 1043 632 commeatus

74 661 122 721 sui
136 658 238 731 mittit,
264 658 396 731 itemque
419 655 451 729 Q.
466 655 608 729 Aquilam
630 669 698 713 cum
718 670 777 712 xrrr
799 654 930 714 navibus
945 656 1043 730 longis

72 744 275 804 Adrumetum
291 741 396 800 eadem
412 740 451 799 de
467 755 560 799 eausa
573 737 744 814 praemittit.
766 739 887 814 Cispius
904 756 964 814 quo
981 748 1045 799 erat

72 829 190 887 missus
207 826 344 885 celeriter
359 824 505 898 pervenit.
520 823 632 897 Aquila
643 829 821 897 tempestate
832 824 960 884 iactatus
975 840 1043 899 pro·

72 910 258 987 muntqrium
274 924 421 983 superare
437 925 497 968 non
513 908 611 981 potuit
625 913 716 981 atque
732 908 874 983 angulum
892 910 1045 982 quendam
1090 911 1092 915 ‘

72 1004 171 1058 tutum
192 1011 212 1054 a
232 999 412 1068 tempestate
433 999 541 1051 nactus
557 1008 625 1051 cum
641 992 741 1051 classe
757 1007 792 1051 se
806 992 926 1066 longius
942 1010 1043 1069 apro-

73 1087 184 1156 spectu
198 1079 336 1137 removit.
361 1077 490 1152 Reliqua
504 1076 612 1136 classis
628 1076 658 1134 in
673 1077 739 1135 salo
755 1077 795 1135 ad
808 1077 926 1151 Leptim
941 1093 1043 1152 egres·
1083 1116 1086 1121 -

73 1166 116 1226 sis
132 1162 298 1237 remigibus
314 1162 491 1236 passimque
506 1161 535 1218 in
557 1162 644 1221 litore
665 1161 862 1234 vagantibus,
886 1162 1044 1236 partimin

73 1249 221 1324 oppidum
243 1247 341 1305 victus
362 1246 409 1305 sui
429 1245 584 1304 mercandi
604 1245 700 1319 gratia
720 1241 894 1320 progressis
916 1262 1045 1309 vacuaa

74 1331 291 1394 defensoribus
307 1330 425 1389 stabat·
442 1328 555 1402 Quibus
567 1330 664 1389 rebus·
671 1330 773 1389 Varus
790 1345 829 1390 ex
843 1331 980 1405 perfugis
993 1347 1044 1391 co·
1140 1324 1143 1329 ’

74 1418 165 1492 gnitis
188 1415 383 1476 occasionem
408 1419 515 1473 nactus
535 1413 639 1488 vigilia
660 1414 797 1473 secunda
814 1415 983 1490 Adrumeto
1005 1431 1045 1476 ex
1074 1432 1078 1439 ·
1121 1470 1124 1475 .

74 1502 359 1573 cothoneegressus
375 1513 442 1557 cum
455 1499 552 1572 primo
565 1513 654 1556 mane
660 1498 777 1572 Leptim
788 1498 933 1558 universa
945 1500 1044 1561 classe

72 1593 180 1645 vectus
197 1598 291 1642 naves
307 1582 478 1655 onerarias‘
489 1598 567 1656 quae
582 1582 703 1656 longius
719 1598 737 1640 a
752 1590 843 1656 portu
857 1583 886 1640 in
903 1584 968 1643 salo
984 1591 1043 1644 sta-

73 1669 160 1741 bant,
186 1668 321 1727 incendit
341 1673 371 1726 et
390 1674 532 1742 penteres
554 1667 631 1726 duas
652 1681 767 1726 vacuas
788 1682 807 1725 a
828 1667 1042 1729 defensoribus

73 1756 156 1813 nullo
172 1760 360 1829 repugnante
376 1752 480 1825 cepit..

157 1837 259 1896 LXlll.
277 1836 388 1895 Caesar
403 1835 519 1894 interim
535 1834 672 1894 celeriter
682 1849 739 1909 per
750 1835 871 1895 nuntios
883 1836 913 1894 in
925 1837 1039 1913 castris,
1137 1896 1140 1901 .

73 1936 140 1983 tum
168 1935 264 1994 opera
289 1920 475 1992 circumiret,
505 1919 615 1979 ‘certior
640 1920 753 1991 sactae,
784 1936 863 1995 quae
884 1920 1057 1982 aberanta·

70 2012 163 2081 portu
178 2005 260 2063 milia
275 2020 422 2078 passuum
437 2019 502 2079 sex,
518 2020 598 2078 equo
614 2004 748 2064 admisso
765 2004 887 2065 omissis
903 2005 1042 2066 omnibus

69 2092 166 2151 rebus
190 2089 327 2147 celeriter
348 2089 486 2163 pervenit
505 2088 622 2163 Leptim
643 2087 745 2163 ibique
759 2089 911 2162 hortatur,
934 2105 1042 2151 omncs

66 2184 98 2236 ut
115 2190 155 2234 se
171 2188 266 2231 naves
282 2178 550 2247 consequerentur,
561 2179 671 2247 postea
690 2173 756 2247 ipse
777 2174 937 2248 parvulum
959 2175 1042 2234 navi-

66 2260 187 2334 giolum
203 2256 395 2330 conscendit,
412 2257 441 2315 in
458 2272 550 2316 cursu
564 2256 705 2333 Aquilam
720 2259 907 2319 multitudino
922 2259 1043 2319 navium

66 2341 266 2418 perterritum
291 2349 382 2414 atque
408 2341 606 2416 trepidantem
630 2349 737 2401 nactus
759 2342 891 2403 hostium
912 2336 1042 2403 classem

66 2427 162 2503 sequi
185 2425 295 2499 coepit.
324 2425 447 2483 Interim
460 2426 562 2484 Varus
579 2426 730 2486 celeritate
746 2426 885 2486 Caesaris
901 2427 1041 2486 audacia-

66 2526 135 2590 que
162 2516 331 2568 commotus
360 2524 427 2581 cum
448 2510 593 2568 universa
613 2510 712 2568 classe
734 2511 892 2570 conversis
914 2510 1042 2570 navibus

66 2598 271 2657 adrumetum
286 2608 395 2653 versus
412 2593 516 2666 lugere
532 2593 694 2653 contendit.
711 2593 804 2666 Quem
820 2593 932 2653 Caesar
947 2595 976 2653 in
988 2596 1041 2653 mi-

66 2683 152 2743 libus
175 2693 323 2751 passuum
345 2683 488 2751 quattuor
510 2684 693 2737 consecutus
708 2677 879 2752 reciperata
894 2678 1041 2754 quinque·
1087 2706 1089 2711 ·

66 2763 146 2825 remi
163 2777 232 2820 cum
248 2762 311 2821 suis
328 2761 469 2821 omnibus
490 2761 619 2835 epibatis
635 2768 725 2835 atque
740 2762 828 2822 etiam
843 2761 973 2822 bostium
990 2779 1041 2823 cu·
1084 2814 1086 2819 .

66 2846 213 2911 stodibus
229 2861 310 2904 cxxx
324 2845 353 2903 in
370 2859 406 2903 ca
421 2861 499 2904 nave
514 2846 609 2919 captis
626 2845 774 2904 triremem
790 2845 921 2906 hostium
941 2847 1042 2921 proxi·
1105 2894 1108 2899 .

66 2947 167 3003 mam,
187 2945 265 3004 quae
280 2929 309 2988 in
324 2930 524 3003 repugnando
539 2935 604 2989 erat
618 2936 818 3004 commorata,
841 2939 980 2990 onustam
994 2946 1042 2990 re-

66 3018 186 3091 migum
208 3013 459 3088 epibatarumque
487 3013 576 3089 cepit.
615 3013 764 3087 Reliquae
788 3030 883 3075 naves
910 3014 1040 3075 hostium

66 3098 313 3179 promuntorium
328 3105 511 3172 superarunt
525 3105 616 3172 atque
627 3097 824 3157 Adrumetum
836 3098 864 3158 in
881 3098 1040 3159 cothonem
1073 3130 1076 3135 ·

66 3202 104 3248 se
116 3183 281 3244 universae
295 3184 493 3242 contulerunt.
511 3182 623 3241 Caesar
637 3182 745 3241 eodem
759 3188 850 3242 vento
866 3191 1039 3258 promunto-

66 3274 148 3333 rium
165 3280 313 3341 superare
324 3283 384 3326 non
399 3266 495 3341 potuit
506 3272 597 3341 atque
609 3264 639 3322 in
651 3266 716 3324 salo
728 3266 758 3323 in
771 3267 892 3326 ancoris
904 3282 941 3326 ea
952 3274 1041 3329 nocte

66 3357 276 3417 commoratus
294 3351 392 3425 prima
413 3354 480 3410 luce
494 3350 693 3410 Adrumetum
708 3350 826 3409 accedit
839 3350 1040 3427 ibique-naui-

66 3440 129 3501 bus
144 3434 299 3507 onerariis,
318 3450 397 3508 quae
411 3442 498 3499 erant
512 3446 602 3501 extra
612 3433 792 3515 cothonem,
803 3434 952 3497 incensis
963 3434 1064 3507 cmxix-

102 3534 128 3575 c.
150 3532 249 3575 rueras
269 3532 397 3577 exesas.
676 3574 679 3579 .
824 3530 868 3587 ab
