2272 4176
384 174 542 237 BELLUM
563 174 742 237 arnicas.
989 178 1052 244 401

79 326 167 391 acne
188 328 270 389 terro
292 328 491 404 consumpsit.
520 328 638 388 Deinde
652 330 720 405 ipse
734 329 792 391 sibi
807 346 876 392 cum
891 342 1052 395 conaretur

78 412 180 489 gladio
192 413 324 473 traicere
338 419 446 489 pectus
469 428 525 473 nec
546 422 668 489 posset,
694 414 839 489 precibus
853 431 872 476 a
887 431 978 480 seruo
993 435 1050 481 suo

78 497 260 574 impetravit,
275 504 308 557 ut
322 513 356 557 se
371 497 570 566 interficerem
587 499 681 573 idque
696 499 833 560 obtinuit.

159 581 249 643 XCV.
285 580 317 640 P.
334 580 438 643 Sittius
466 582 584 642 interim
611 584 700 658 pulso
726 585 863 645 exercitu
888 583 1050 663 Saburrae,

78 667 224 744 praelecti
240 666 341 739 lubae,
358 666 489 742 ipsoque
505 667 676 741 interiecto,
702 684 770 728 cum
786 669 842 729 iter
858 686 925 730 cuna
943 672 1049 746 paucis

78 750 350 829 perMauritaniam
365 753 402 811 ad
412 751 572 813 Caesarem
590 753 710 825 laceret,
727 754 804 813 torte
819 755 922 814 incidit
937 755 1048 817 inFau·

77 843 157 898 stum
173 836 410 910 Afraniumque,
427 835 478 910 qui
493 850 559 894 eam
575 851 696 896 manum
712 836 878 911 habebant,
895 855 974 913 quae
990 841 1048 901 Uti·

77 936 143 984 cam
158 920 334 995 diripuerat
353 921 469 993 iterque
481 920 509 978 in
522 920 701 996 Hispaniam
716 922 912 982 intendebant
923 931 953 983 el
967 931 1051 985 crant

77 1020 204 1068 numero
221 1005 340 1064 circiter
356 1005 445 1064 mille.
474 1005 579 1079 ltaque
596 1007 734 1065 celeriter
750 1014 898 1068 nocturno
916 1015 1051 1084 tempore

75 1089 196 1151 insidiis
213 1089 372 1165 dispositis
388 1104 455 1148 cum
469 1089 566 1164 prima
581 1091 648 1149 luce
660 1091 785 1151 adortus
800 1099 920 1166 praeter
932 1108 1050 1168 paucos

76 1175 211 1251 equites,
235 1174 287 1248 qui
308 1174 461 1248 exprimo
477 1173 596 1248 agmine
616 1175 768 1249 lug-erant,
792 1176 926 1251 reliquos
941 1188 992 1239 aut
1006 1179 1049 1238 iu-

76 1260 185 1322 terficit
206 1266 258 1319 aut
278 1259 307 1318 in
330 1257 513 1318 deditionem
534 1259 659 1334 accipit,
684 1260 841 1320 Afranium
862 1269 892 1321 et
905 1261 1050 1323 Faustum

76 1359 144 1406 cum
166 1343 297 1418 coniuge
319 1349 349 1403 et
368 1342 471 1402 liberis
494 1343 581 1402 vivos
604 1343 691 1418 capit.
717 1343 827 1404 Paucis
854 1353 924 1418 post
940 1347 1048 1408 diebus

78 1428 274 1491 dissensione
296 1427 325 1486 in
349 1428 484 1487 exercitu
507 1434 572 1487 orta
587 1426 718 1489 Faustus
734 1429 920 1490 et·Al1·anius
937 1431 1047 1493 interfi-

76 1515 213 1581 ciuntur;
235 1510 399 1588 Pompeiae
415 1526 482 1571 cum
496 1511 600 1571 Fausti
616 1512 718 1573 liberis
735 1512 846 1573 Caesar
860 1514 1046 1577 incolumita-

77 1606 134 1659 tem
151 1612 272 1673 suaque
288 1595 390 1657 omnia
405 1597 568 1656 concessit.

158 1681 261 1743 xcvl.
279 1679 381 1756 Scipio
398 1679 516 1740 interim
532 1695 599 1741 cum
608 1680 795 1757 Damasippo
811 1683 1000 1758 etTorquato
1016 1692 1043 1747 el

76 1766 227 1828 Plaetorio
244 1766 392 1827 Rustiano
408 1765 537 1825 navibus
554 1766 652 1840 longis
668 1765 721 1826 diu
735 1767 921 1843 multumque
936 1768 1043 1845 iactati,

77 1868 144 1915 cum
158 1850 337 1927 Hispaniam
352 1856 503 1925 peterent,
528 1850 566 1908 ad
582 1850 753 1925 Hipponem
774 1852 888 1925 regium
905 1852 1040 1914 deterun·

75 1945 138 2007 tur3
164 1936 217 1997 ubi
239 1934 348 1995 classis
369 1933 401 1993 P.
418 1933 482 1994 Sitti
501 1949 555 2008 per
569 1934 600 1993 id
615 1941 735 2010 tempus
751 1943 823 1994 erat.
853 1938 880 1995 A
897 1951 957 2011 qua
972 1953 1039 2012 pau·

76 2022 159 2083 ciora
181 2020 219 2081 ab
241 2019 438 2095 amplioribus
460 2019 666 2080 circumventa
685 2019 806 2094 navigia
828 2020 1037 2096 deprimuntur,

75 2107 179 2184 ibique
196 2102 299 2179 Scipio
316 2119 383 2163 cum
400 2103 510 2178 quibus
526 2105 617 2178 paulo
633 2111 701 2163 ante
717 2104 869 2165 nominavi
885 2105 1002 2166 interiit.

158 2189 274 2249 XCVII.
299 2189 411 2248 Caesar
433 2187 549 2247 interim
569 2188 679 2248 Zamae
700 2188 840 2248 auctione
861 2190 945 2265 regio
966 2191 1041 2252 iacta

74 2275 228 2349 bonisque
243 2289 348 2334 eorum
364 2272 502 2344 venditis
519 2272 568 2346 qui
585 2273 667 2332 cives
683 2274 810 2333 Romani
826 2281 932 2334 contra
946 2290 1044 2350 popu·

74 2363 135 2422 lum
152 2361 320 2420 Horuanum
342 2374 424 2417 arma
446 2358 588 2423 tulerant,
616 2358 820 2432 praemiisque
835 2357 1043 2433 Zamensibus,

76 2447 125 2522 qui
140 2445 180 2504 de
192 2457 265 2517 rege
276 2442 468 2502 excludendo
484 2441 642 2502 eonsilium
655 2448 807 2516 ceperant,
823 2442 939 2502 tributis
952 2443 1043 2503 vecti-

74 2530 258 2605 galibusque
269 2527 360 2602 regiis
373 2526 506 2600 erogatis
519 2540 557 2583 ex
569 2540 727 2600 regnoque
740 2526 898 2600 provincia
910 2529 988 2586 lacta
1000 2533 1042 2586 at·

75 2629 134 2691 que
150 2614 190 2673 ibi
207 2612 313 2687 Crispo
331 2611 473 2671 Sallustio
496 2626 551 2685 pro
573 2612 700 2670 consule
715 2625 783 2669 curn
799 2610 925 2686 imperio
939 2610 1043 2672 relicto

74 2701 141 2774 ipse
154 2698 249 2757 Zama
269 2711 414 2771 egressus
434 2695 550 2756 Uticam
576 2710 611 2753 se
633 2695 755 2770 recepit.
786 2694 829 2752 lbi
855 2694 945 2754 bonis
970 2710 1039 2754 ven·

75 2785 141 2845 ditis
164 2797 285 2853 eorum,
310 2782 359 2855 qui
382 2781 439 2841 sub
456 2779 529 2839 iuba
544 2777 724 2852 Petreioque
739 2779 862 2838 ordines
885 2778 1042 2854 duxerant,

73 2866 266 2942 lbapsltanis
281 2865 331 2925 HS
347 2882 402 2939 xx,
429 2863 591 2925 conventui
613 2879 718 2923 eorum
737 2862 786 2922 HS
809 2879 888 2935 xxx,
911 2863 1043 2939 itemque

73 2951 281 3014 adrumetinis
299 2949 347 3009 HS
365 2967 445 3023 xxx,
467 2948 630 3009 conventui
645 2963 749 3007 eorum
765 2945 815 3007 HS
829 2963 845 3004 t
861 2948 972 3008 inultae
989 2963 1042 3008 no-

74 3038 152 3098 mine
168 3036 312 3109 imponit;
340 3036 476 3094 civitates
501 3033 642 3106 bonaque
664 3047 769 3091 eorum
786 3031 824 3090 ab
840 3033 921 3090 ouini
935 3032 1044 3092 iniuria

72 3121 253 3197 rapinisque
278 3119 422 3179 delendil.
462 3117 654 3191 Leptitanos,
681 3132 810 3191 quorum
833 3115 1042 3190 superioribus

72 3224 159 3268 annis
178 3205 258 3264 bona
272 3204 345 3264 luba
359 3204 540 3277 diripuerat,
566 3206 596 3258 et
610 3201 647 3260 ad
665 3207 801 3260 senatum
818 3200 916 3274 questi
933 3215 987 3275 per
1003 3202 1041 3260 le-

71 3300 159 3365 gatos
182 3297 275 3363 atque
296 3288 414 3348 arbitris
437 3292 576 3347 asenatu
592 3285 669 3344 datis
686 3300 743 3344 sua
758 3292 951 3358 receperant,
979 3300 1042 3345 xxx

70 3365 210 3437 ceratenis
235 3373 355 3432 milibus
381 3374 485 3447 pondo
513 3370 571 3430 olei
596 3373 625 3429 in
651 3385 747 3430 annuos
770 3368 907 3443 singulos
930 3370 1040 3442 multat,

70 3460 139 3522 ioco
158 3456 244 3533 quod
259 3457 341 3517 initio
364 3473 419 3532 per
440 3455 664 3517 dissensionem
679 3453 851 3532 principum
866 3455 1046 3516 societatem

111 3562 137 3604 c.
154 3556 252 3600 rubrus
267 3556 391 3598 carsae.
811 3547 852 3604 'lb
