2302 4192
151 192 155 199 ,
224 154 266 194 na
289 155 391 196 nanno
415 156 614 200 rvnrrrrnnro
640 159 665 198 c,
690 151 731 204 36.
752 149 795 202 ut.
822 151 864 204 38.
993 140 1028 200 61

53 299 185 378 aliaque,
202 319 276 378 quae
291 300 429 363 militibus
438 305 505 364 usui
519 303 629 372 forent,
646 314 772 364 maturat
783 306 811 363 in
822 305 949 365 Africam
964 323 1034 383 por-

53 391 140 444 tare:
156 401 191 444 ac
205 385 376 461 statimipse
391 386 555 463 proiectus,
578 388 619 447 uti
636 394 703 447 ante
722 389 850 456 comitia,
866 388 945 466 quod
959 396 1033 450 tem-

53 485 113 545 pus
127 467 198 526 hant
211 466 297 544 longe
314 468 429 538 aberat,
445 470 533 529 armis
548 477 597 530 aut
611 471 756 531 deditione
771 477 820 531 aut
832 473 931 550 quovis
945 472 1033 532 modo

53 550 167 611 bellum
181 551 348 613 conticeret.
370 552 406 611 tt
415 560 517 613 contra
531 553 672 630 Iugurtha
685 554 803 615 trahere
812 555 908 614 omnia
924 562 952 615 et
963 554 1059 615 aliast
1126 593 1129 597 -

30 634 163 694 sdeinde
177 632 246 694 alias
268 652 369 696 morae
390 654 507 698 caussas
523 636 630 706 iacere,
651 637 980 715 pollicerideditionem
1000 656 1034 697 ac

54 719 162 778 deinde
175 725 285 779 metum
300 719 446 789 simulare,
462 721 567 781 cedere
576 721 693 781 instanti
709 728 738 781 et
756 720 843 798 paulo
857 727 924 798 post
938 739 975 781 ne
989 722 1034 781 sui

54 800 221 862 diffiderent
240 803 362 862 instare:
383 805 422 863 ita
442 802 511 863 belli
529 803 617 863 modo
633 804 721 865 modo
736 805 815 882 pacis
829 821 913 864 mora
928 822 1033 865 consu-

53 884 116 945 lem
134 883 285 959 biditicari.
328 886 370 946 do
393 888 477 947 fuere
499 888 632 964 quitum
653 887 790 948 Albinum
810 886 881 948 haut
898 889 1058 966 ignarum3

54 967 159 1029 consili
170 970 251 1045 ‘regis
269 971 477 1030 existumarent
497 988 593 1048 neque
616 989 651 1031 ex
673 977 750 1031 tanta
773 973 960 1048 properantia
973 978 1033 1030 tam

13 1051 140 1113 rofacile
154 1058 279 1111 tractum
295 1051 405 1113 bellum
424 1053 557 1114 socordia
578 1055 670 1130 magis
685 1073 771 1132 quam
787 1053 853 1115 dolo
868 1055 1031 1115 crederent.

55 1135 109 1195 Set
130 1142 284 1213 postquam
299 1135 410 1213 dilapso
426 1144 558 1214 tempore
575 1139 759 1198 comitiorum
773 1137 834 1198 dies
851 1136 1033 1206 adventabat,
1051 1138 1064 1196 ι’

53 1218 179 1281 Albinus
192 1218 265 1278 Aulo
282 1219 373 1280 tratre
391 1221 540 1281 incastris
560 1239 615 1298 pro
637 1227 773 1299 praetore
795 1220 896 1282 relicto
910 1219 1034 1282 Romam

54 1303 189 1363 decessit.

140 1385 181 1446 Ea
195 1392 367 1465 tempestate
380 1386 491 1448 Romae
509 1386 698 1448 seditionibus
713 1388 876 1450 tribuniciis
896 1390 1033 1448 atrociter
1044 1387 1083 1448 37

16 1487 105 1534 mres
119 1470 236 1547 publica
256 1469 428 1548 agitabatur.
466 1471 499 1530 P.
520 1470 658 1531 Lucullus
677 1476 705 1530 et
721 1471 753 1531 L.
774 1472 902 1540 Annius,
925 1471 1060 1532 triburin

52 1553 162 1632 plebei,
182 1553 385 1616 resistentibus
406 1552 534 1632 conlegis
555 1556 726 1615 continuare
742 1556 943 1632 magistratum
960 1557 1032 1614 nite·

53 1638 178 1706 bantur,
202 1656 276 1716 quae
295 1636 434 1697 dissensio
455 1639 544 1699 totius
560 1639 629 1698 anni
647 1639 761 1698 comitia
780 1637 955 1715 inpediebat.
992 1637 1057 1698 Eat

53 1739 139 1782 mora
149 1723 179 1781 in
193 1739 276 1799 spem
290 1720 433 1781 adductus
446 1720 545 1790 Aulus,
561 1740 649 1799 quern
662 1739 717 1799 pro
732 1726 868 1800 praetore
886 1723 916 1781 in
932 1722 1034 1780 castris

54 1804 191 1867 relictum
212 1821 301 1882 supra
322 1804 461 1873 diximus,
493 1812 542 1865 aut
562 1805 736 1865 conficiundi
757 1804 827 1865 belli
848 1810 898 1866 aut
920 1811 1034 1864 terrore

17 1890 202 1953 basenens
212 1887 249 1949 ah
265 1905 335 1966 rege
350 1890 491 1966 pecuniae
509 1888 679 1966 capiundae,
696 1888 801 1949 milites
814 1906 915 1948 mense
931 1887 1033 1947 lanua·

54 1976 101 2034 rio
118 1990 155 2032 ex
166 1972 297 2033 hibernis
310 1974 340 2032 in
355 1973 568 2049 expeditionem
579 1979 688 2040 evocat,
700 1973 871 2050 magnisque
883 1970 1034 2032 itineribus

54 2058 154 2118 hieme
170 2073 274 2134 aspera
287 2058 419 2134 pervenit
440 2055 476 2115 ad
493 2055 632 2136 oppidum
652 2054 766 2124 Suthul,
789 2055 840 2116 ubi
857 2056 934 2133 regis
949 2054 1033 2115 then·

54 2141 138 2201 sauri
152 2147 245 2201 erant.
275 2139 359 2210 Quod
375 2157 551 2219 quamquam
567 2145 596 2199 et
610 2141 726 2199 saevitia
741 2140 882 2217 temporis
901 2146 929 2199 et
947 2153 1059 2215 opor-t

54 2226 179 2286 tunitate
193 2222 250 2285 loci
264 2241 361 2301 neque
378 2224 443 2300 capi
456 2241 552 2302 neque
568 2220 694 2283 obsideri
709 2229 824 2299 poterat
841 2256 876 2266 -
893 2240 961 2281 narn
978 2223 1034 2280 cir-

10 2326 126 2383 :ascrrm
140 2325 273 2376 murum,
298 2309 385 2368 situm
403 2308 432 2367 in
453 2307 604 2385 praerupti
622 2307 728 2367 montis
746 2312 887 2374 extremo,
903 2305 1034 2382 planities

10 2460 12 2467 ,
53 2392 159 2455 limosa
180 2390 375 2453 hiemantibus
397 2391 479 2469 aquis
500 2389 637 2469 paludem
658 2390 769 2464 iecerat
790 2423 842 2457 -,
867 2397 963 2448 tamen
985 2394 1035 2447 aut

54 2474 213 2537 simrdandi
227 2477 318 2553 gratia
337 2493 395 2554 quo
409 2474 473 2551 regi
486 2473 672 2534 formidinem
686 2473 821 2540 adderet,
836 2481 886 2533 aut
901 2471 1035 2548 cupidine

55 2576 164 2621 caecus
175 2558 212 2619 ob
224 2559 399 2620 thensauros
414 2557 511 2636 oppidi
522 2558 663 2635 potiundi,
679 2557 777 2617 vineas
790 2572 879 2632 agere
897 2571 1035 2632 aggerem

53 2646 155 2706 iacere
169 2641 281 2721 aliaque
292 2661 367 2721 quae
380 2644 496 2719 incepto
507 2642 573 2702 usui
584 2641 680 2701 forent
693 2656 864 2719 properare.
884 2639 921 2698 dt
931 2639 1034 2713 Iugur·
1046 2647 1086 2709 38

17 2729 107 2795 rutha
121 2728 238 2803 cognita
252 2727 376 2787 vanitate
393 2731 479 2807 atque
493 2726 626 2801 inperitia
640 2723 728 2800 legati
745 2723 885 2784 subdolus
907 2724 969 2783 eius
984 2739 1034 2781 au-

53 2828 129 2889 gere
147 2811 319 2879 amentiam,
345 2811 488 2871 missitare
509 2807 698 2885 subplicantis
721 2807 847 2883 legatos,
870 2808 932 2884 ipse
955 2805 1036 2882 quasi

54 2893 232 2957 vitabundus
251 2911 305 2972 per
320 2893 446 2954 saltuosa
461 2892 525 2953 loca
539 2899 568 2952 et
578 2894 708 2952 tramites
727 2892 887 2951 exercitum
905 2890 1034 2950 ductare.

52 2979 190 3056 Denique
206 2977 313 3039 Aulum
331 2995 384 3056 spe
399 2977 541 3055 pactionis
555 2974 682 3053 perpulit
696 2976 739 3035 uti
753 2974 854 3034 relicto
870 2971 991 3034 Suthule
1006 2972 1061 3036 iun

54 3061 171 3125 abditas
191 3063 328 3139 regiones
343 3079 407 3123 sese
422 3059 511 3121 veluti
529 3059 682 3120 cedentem
697 3060 900 3135 insequeretur
916 3056 968 3138 [ita
986 3054 1035 3115 de·

10 3146 125 3208 nahem
147 3145 307 3207 occultiora
328 3142 435 3226 tuere}
478 3143 592 3204 lnterea
614 3160 669 3221 per
689 3141 823 3202 homines
847 3141 965 3202 callidos
987 3138 1061 3208 diu3

54 3235 207 3308 noctuque
229 3230 391 3291 exercitum
407 3226 580 3306 temptabat,
604 3226 791 3287 centuriones
812 3225 959 3304 ducesque
975 3231 1036 3282 tur-

18 3316 25 3323 '
54 3330 176 3375 marum
189 3314 295 3393 partim
309 3314 352 3373 uti
367 3311 583 3389 transfugerent
594 3326 798 3387 conrumpere,
813 3308 861 3369 alii
875 3312 958 3387 signo
969 3307 1036 3367 dato

55 3398 159 3461 locum
173 3400 215 3459 uti
230 3396 409 3458 desererent.
445 3394 525 3466 Quae
539 3402 698 3475 postquam
710 3391 1082 3454 exsenteutumsudsae
