2272 4176
171 115 215 156 ns
236 116 340 158 cunco
364 115 567 161 rvarnnnruo
589 117 616 159 o.
639 110 681 163 11.
702 110 744 163 lt.
768 110 809 163 13.
938 100 979 161 43

54 262 104 324 idi:
126 278 197 324 nam
214 281 269 343 per
283 282 318 324 ea
337 271 468 343 tempora
482 263 649 325 conlectum
664 266 747 324 armis
764 263 912 343 Micipsam
928 281 981 343 pa·

54 365 61 406 ι
77 346 176 407 animo
198 346 331 408 valuisse.
366 346 440 409 'l'um
463 347 542 409 idem
558 346 707 426 Hiempsal
721 346 838 426 placere
860 348 916 408 sihi
933 359 1008 411 reo

54 430 128 490 ndit:
152 447 221 490 nam
235 433 332 509 ipsum
353 429 434 492 iHum
455 431 551 491 tribus
568 432 720 508 proxumis
742 432 825 491 annis
847 430 981 512 [adopta-

54 512 88 593 e]
110 513 141 573 in
162 531 287 592 regnum
308 516 486 593 pervenisse.
518 514 603 586 Quod
620 514 744 576 verbum
765 517 795 575 in
815 522 919 593 pectus
935 514 1007 578 lut

54 597 124 657 thac
142 595 227 659 altius
242 616 330 676 quam
346 600 500 677 quisquam
514 605 597 658 ratus
608 606 672 660 erat
688 597 846 660 descendit.
879 597 1007 677 ltaquee

55 699 91 740 eo
109 686 245 760 tempore
266 682 310 742 ira
333 688 362 742 et
382 688 464 742 metu
484 684 588 743 anxius
601 681 698 743 moliri
718 699 825 761 parare
841 688 928 760 atque
948 699 982 741 ea

54 764 84 824 lo
100 782 169 827 eum
184 766 282 825 ammo
297 764 408 826 habere
427 765 532 844 quihus
545 765 695 844 Hiempsal
709 784 762 844 per
778 764 877 827 dolum
895 781 981 843 cape-

54 866 89 908 rr.
134 848 215 920 Quae
236 846 289 908 ubi
308 849 420 909 tardius
438 850 604 926 procedunt
621 867 718 928 neque
738 848 846 910 lenitur
868 848 982 909 animus

54 950 91 1000 ur,
112 932 213 992 statuit
234 933 442 1010 quovismodo
463 935 613 1011 inceptum
634 934 787 1010 perficere.

82 1014 183 1075 Primo
205 1022 365 1085 conventu,
388 1033 477 1094 quem
496 1014 533 1077 ah
554 1014 664 1092 regulis
686 1016 795 1077 iactum
813 1033 902 1093 supra
920 1011 1033 1075 me-12

54 1100 124 1169 rari,
153 1106 277 1178 propter
299 1099 509 1160 dissensionem
529 1098 679 1179 placuerat
700 1100 787 1161 dividi
807 1100 983 1160 thensauros

54 1200 123 1261 sque
137 1183 233 1260 inperi
248 1181 368 1260 singulis
392 1184 536 1245 constitui.
564 1182 666 1262 ltaque
684 1189 800 1261 tempus
821 1183 857 1244 ad
871 1190 1010 1245 utram-2

54 1293 56 1323 ι
75 1283 142 1327 rem
159 1266 340 1337 decernitur,
360 1274 405 1328 set
419 1268 562 1329 maturius
577 1268 614 1328 ad
635 1270 790 1345 pecuniam
806 1266 983 1327 distribuen-

54 1369 76 1410 n.
111 1349 217 1427 Heguh
230 1353 343 1411 interea
360 1351 390 1411 iu
401 1348 470 1411 ¹loca
480 1351 646 1428 propinqua
659 1351 825 1411 thensauris
838 1349 912 1410 alius
927 1348 983 1409 aho

54 1450 183 1494 cessere.
228 1434 279 1495 Set
300 1433 450 1512 Hiempsal
471 1435 501 1493 in
523 1434 630 1511 oppido
651 1431 801 1493 Thirmida
823 1433 899 1493 torte
921 1433 1010 1494 eiusa

54 1535 87 1577 no
108 1517 254 1588 utebatur,
278 1519 329 1596 qui
339 1535 501 1595 proxumus
512 1516 597 1577 lictor
607 1515 766 1593 iugurthae
780 1532 865 1576 carus
878 1532 983 1590 aceep-

54 1619 105 1679 que
120 1603 147 1661 ei
162 1619 279 1680 semper
293 1602 397 1662 iuerat.
415 1601 509 1672 Quem
523 1599 571 1660 ille
589 1616 659 1662 casu
672 1600 838 1661 ministrum
853 1596 985 1658 oblatum

55 1686 152 1744 missis
175 1692 278 1747 onerat
299 1683 484 1764 impellitque,
509 1685 552 1744 uti
570 1689 720 1761 tamquam
740 1698 792 1742 sua
814 1683 910 1742 visens
932 1678 984 1740 do-

54 1787 82 1829 m
97 1775 154 1838 oat,
170 1775 323 1847 portarum
339 1767 426 1829 claris
447 1765 625 1829 adulterinas
642 1773 727 1845 paret
751 1798 786 1810 -
810 1777 880 1825 nam
898 1780 985 1824 verae

55 1851 253 1930 Hiempsalem
270 1851 476 1914 reserebantur
495 1884 548 1919 -,
579 1856 726 1918 ceterum,
749 1847 802 1909 uhi
821 1865 870 1909 res
883 1853 985 1926 postu·

54 1943 87 2005 et,
104 1953 136 1997 se
150 1937 246 2014 ipsum
262 1953 330 1997 cum
345 1951 452 2012 magna
467 1951 555 1995 manu
569 1940 735 1994 venturum.
764 1931 889 1993 Numida
902 1939 1012 1990 man-4

54 2039 70 2080 a
92 2019 175 2080 hreri
196 2020 312 2081 conficit
333 2027 430 2098 atque,
446 2019 489 2079 uti
511 2019 614 2078 doctus
629 2023 701 2086 erat,
721 2021 811 2077 noctu
827 2014 986 2092 iugurthae

54 2105 109 2163 ites
130 2103 298 2164 introducit.
323 2102 379 2172 Qui
394 2109 548 2181 postquam
570 2103 600 2161 iu
617 2100 697 2162 aedis
712 2101 861 2177 inrupere,
880 2097 1014 2159 diversio

54 2204 105 2247 cm
125 2203 285 2266 quaerere,
310 2185 482 2247 dormientis
501 2183 660 2245 aliosalios
678 2183 858 2245 occursantis
876 2180 986 2242 interti-

54 2289 81 2340 e,
105 2272 230 2331 scrutari
244 2268 310 2331 loca
325 2269 431 2338 abdita,
453 2268 551 2330 clausa
573 2268 738 2344 effringere·
754 2267 878 2344 strepitu
892 2270 921 2325 et
940 2270 986 2323 tu·

54 2354 96 2416 ltu
112 2355 208 2415 omnia
221 2355 362 2415 miscere:
384 2371 452 2414 cum
472 2352 590 2414 interim
605 2349 753 2430 Hiempsal
768 2351 916 2428 reperitur
938 2363 986 2406 oc-

54 2445 119 2499 tans
133 2455 165 2499 se
184 2435 244 2518 [in]
260 2439 379 2514 tugurio
394 2435 525 2498 mulieris
540 2435 674 2504 ancillae,
691 2453 750 2513 quo
768 2435 849 2494 initio
865 2430 988 2510 pavidus

54 2523 173 2598 ignarus
190 2521 247 2581 loci
264 2522 443 2599 perfugerat.
487 2519 629 2581 Numidae
651 2524 738 2597 caput
759 2518 836 2587 eius,
859 2516 902 2577 uti
917 2514 988 2576 iussi

55 2612 102 2674 nt,
126 2605 162 2665 ad
184 2605 356 2682 Iugurtham
377 2603 520 2665 referunt.

90 2688 228 2749 Ceterum
244 2689 321 2748 fama
333 2689 406 2749 tanti
416 2687 554 2748 facinoris
566 2704 619 2765 per
634 2702 751 2747 omnem
766 2682 895 2744 Africam
909 2679 1039 2741 brevi13

54 2771 185 2850 olgatur:
207 2771 404 2833 Adherbalem
418 2773 571 2850 omnisque
589 2771 638 2848 qui
653 2767 707 2830 suh
723 2768 838 2846 inperio
852 2764 991 2842 Micipsae

54 2864 121 2916 rant
145 2862 242 2917 metus
259 2855 382 2916 invadit:
405 2854 524 2916 induas
542 2855 634 2932 partis
657 2851 811 2913 discedunt
830 2846 989 2909 Numidae:

56 2957 104 3000 res
118 2937 315 3002 Adherbalem
329 2945 478 3007 secuntur,
499 2944 543 2999 set
561 2936 643 2998 illum
657 2933 780 2995 alterum
795 2931 872 2994 heho
888 2929 990 2992 melio-

55 3068 63 3084 .
107 3023 198 3102 Igitur
219 3022 359 3101 Iugurtha
376 3040 464 3101 quam
483 3038 635 3081 maxumas
649 3024 745 3097 potest
766 3017 865 3094 copias
887 3022 1018 3083 armata

54 3109 88 3168 ris
109 3108 216 3185 partim
239 3108 276 3175 vi,
297 3105 367 3167 alias
388 3105 537 3166 voluntate
554 3105 668 3181 inperio
685 3118 740 3162 suo
756 3100 896 3176 adiungit,
912 3098 993 3159 omni

54 3191 160 3253 midiae
176 3192 312 3268 inperare
327 3195 419 3267 parat.
443 3185 601 3256 Admrbal,
618 3187 733 3246 tametsi
747 3183 871 3245 Romam
881 3181 1019 3258 legatost

54 3280 143 3344 serat,
167 3275 218 3352 qui
239 3279 373 3335 senatum
394 3272 537 3334 docerent
551 3269 588 3331 de
603 3269 692 3330 caede
708 3268 806 3329 fratris
821 3274 850 3327 at
866 3265 992 3326 fortunis

53 3379 82 3431 s,
103 3366 203 3419 tamen
220 3356 312 3420 fretus
326 3356 510 3418 multitudine
532 3353 656 3415 militum
675 3351 800 3432 parabat
813 3351 902 3411 armis
921 3366 991 3410 con-
