2272 4176
70 435 132 499 206
386 432 439 496 DE
453 431 579 497 sunto
595 434 720 497 clvlm.

68 587 140 667 peio
164 584 300 663 colloqui
307 606 316 661 ;
341 582 444 663 neque
467 603 544 650 vero
568 586 650 650 idem
674 586 786 665 profici
804 590 900 667 longo
921 588 1037 654 itineris

68 673 185 750 spatio,
207 690 276 734 cum
290 689 348 748 per
362 672 440 734 alios
453 673 652 735 condiciones
668 677 821 748 serantur,
843 690 880 737 ac
895 675 923 737 si
938 692 1037 737 coram

68 760 108 818 de
123 758 264 821 omnibus
281 756 512 819 condicionibus
527 758 727 834 disceptetur.

149 843 244 904 XXV.
272 842 327 903 His
349 840 427 903 datis
448 842 597 903 mandatis
617 843 815 905 Bruud1sium
830 860 901 905 cum
917 843 1037 921 legioni·

66 928 124 988 bus
140 944 197 988 sex
212 927 360 1002 pervenit
377 927 532 987 veteranis
546 927 644 988 tribus
660 928 796 1005 reliquis,
813 946 892 1004 quas
907 946 946 990 ex
958 946 1037 991 novo

66 1014 188 1072 delectu
210 1013 388 1072 coniecerat
409 1019 503 1087 atque
522 1012 553 1072 in
568 1011 676 1073 itinere
692 1015 919 1088 compleverat:
941 1014 1038 1074 Domi·

67 1096 164 1156 tianas
188 1096 267 1157 enim
289 1098 434 1157 cohortes
451 1096 590 1171 protinus
606 1114 625 1157 a
641 1099 774 1160 Corfinio
791 1098 822 1158 in
838 1096 974 1160 Siciliam
989 1097 1038 1158 mi·

66 1189 158 1241 serat.
182 1180 310 1255 Reperit
326 1183 471 1241 eonsules
483 1182 706 1258 Dyrrhachium
721 1183 882 1259 profectos
899 1199 969 1243 cum
980 1199 1038 1242 ma-

65 1281 125 1339 gna
140 1273 227 1340 parte
243 1265 410 1336 exercitus,
428 1266 607 1342 Pompeium
621 1284 782 1329 remanere
796 1267 954 1329 Brundisii
973 1284 1037 1328 cum

66 1350 243 1410 cohortibus
258 1349 380 1423 viginti;
402 1367 503 1424 neque
519 1359 635 1412 eertum
650 1352 779 1414 inveniri
798 1359 937 1428 poterat,
963 1352 1037 1414 obti-

64 1434 196 1494 nendine
217 1433 373 1494 Brundisii
399 1450 494 1496 causa
520 1436 563 1496 ihi
584 1437 801 1511 remansisset,
835 1454 898 1512 quo
920 1437 1036 1498 facilius

64 1534 153 1578 omne
168 1519 376 1578 Hadriaticum
394 1536 477 1579 mare
494 1522 639 1582 extremis
653 1522 758 1583 ltaliae
778 1522 923 1599 partibus
940 1521 1036 1599 regio-

65 1604 215 1679 nibusque
231 1604 377 1663 Graeciae
390 1605 421 1663 in
438 1611 590 1681 potestate
604 1605 730 1663 haberet
744 1610 837 1677 atque
852 1616 893 1660 ex
907 1608 1033 1674 utraque

65 1696 150 1765 parte
171 1689 284 1749 bellun
305 1689 517 1750 administrare
531 1693 655 1764 posset,
683 1705 721 1747 an
736 1687 842 1762 inopia
856 1686 981 1746 navium
994 1682 1032 1743 ibi

64 1774 239 1848 restitisset,
265 1774 456 1851 veritusque,
483 1789 522 1833 ne
543 1775 593 1832 ille
614 1773 729 1832 ltaliam
750 1771 961 1832 dimittendam
975 1784 1032 1829 non

65 1857 265 1935 existimaret,
291 1859 390 1919 exitus
412 1858 752 1932 administrationesque
767 1855 945 1918 Brundisini
965 1868 1032 1930 por·

65 1950 114 2002 tus
133 1944 271 2018 inpedire
291 1944 428 2004 instituit.
459 1944 593 2017 Quorum
615 1958 742 2017 operum
763 1941 841 2001 haee
861 1947 928 2001 erat
948 1938 1032 2000 ratio.

66 2027 131 2102 Qua
144 2030 249 2089 lauces
265 2036 351 2089 erant
365 2029 600 2104 angustissimae
619 2034 741 2103 portus,
762 2027 860 2086 moles
876 2033 971 2099 atquc
985 2039 1032 2098 ag-

65 2128 168 2187 gerem
183 2114 221 2173 ab
235 2122 365 2188 utraque
379 2120 466 2190 parte
486 2113 582 2175 litoris
604 2112 747 2186 iaciebat,
774 2111 859 2185 quod
885 2110 933 2169 his
959 2108 1032 2170 locis

66 2205 131 2258 erat
144 2199 295 2258 vadosum
310 2215 402 2258 mare.
432 2199 567 2272 Longius
582 2212 784 2272 progressus,
801 2211 869 2256 cum
886 2208 981 2269 agger
995 2192 1033 2252 al·

67 2283 142 2342 tiore
157 2299 238 2357 aqua
259 2283 405 2342 contineri
420 2299 481 2342 non
496 2288 618 2358 posset,
644 2288 726 2341 rates
748 2280 889 2355 duplices
912 2292 1033 2354 quoquc

67 2383 175 2427 versus
196 2368 309 2441 pedum
328 2368 450 2441 triginta
470 2383 488 2426 e
508 2368 633 2442 regione
648 2366 736 2426 molis
752 2365 944 2425 conlocabat.
973 2363 1033 2423 Has

67 2452 221 2526 quaternis
237 2452 358 2511 ancoris
373 2468 412 2511 ex
428 2459 569 2527 quattuor
584 2451 701 2525 angulis
717 2449 904 2523 destinabat,
927 2463 967 2508 ne
981 2445 1034 2509 llu-

67 2537 164 2596 ctibus
179 2544 382 2596 moverentur.
397 2537 452 2595 His
467 2537 612 2613 perlectis
626 2534 846 2610 collocatisque
863 2533 938 2594 alias
953 2532 1033 2592 dein-

67 2637 140 2696 ceps
163 2621 228 2696 pari
250 2621 457 2695 magnitudine
479 2629 561 2681 rates
584 2619 736 2694 iungebat.
765 2619 829 2678 Has
849 2627 933 2678 terra
946 2623 1035 2693 atque

67 2721 179 2780 aggere
194 2706 360 2781 integebat,
382 2722 421 2765 ne
435 2706 535 2765 aditus
551 2712 642 2781 atque
656 2703 800 2764 incursus
816 2704 855 2763 ad
870 2703 1033 2762 defenden-

67 2791 138 2850 dum
153 2790 367 2866 impediretur,
383 2808 402 2850 a
416 2793 515 2851 fronte
530 2797 623 2865 atque
638 2790 676 2849 ab
691 2797 823 2864 utroque
838 2789 934 2847 latere
949 2785 1034 2848 crati·

66 2875 125 2936 bus
141 2892 177 2936 ac
191 2876 302 2950 pluteis
324 2876 520 2950 protegebat;
547 2875 577 2934 in
594 2881 703 2950 quarta
718 2889 842 2950 quaque
856 2888 962 2932 earum
976 2878 1034 2932 tur·

66 2977 117 3020 res
131 2961 271 3021 binorum
285 2961 488 3020 tabulatorum
509 2960 675 3034 excitabat,
702 2976 763 3033 quo
786 2958 978 3019 commodius
999 2954 1034 3018 ab

68 3043 181 3121 impetu
196 3045 318 3104 navium
332 3045 545 3119 incendiisque
560 3044 746 3103 defenderet.

151 3130 256 3192 XXVI.
281 3130 393 3189 Contra
407 3130 483 3188 haec
498 3128 662 3204 Pompeius
678 3128 767 3187 navis
782 3143 914 3203 magnas
929 3140 1035 3186 onera-

68 3216 144 3291 rias,
172 3231 249 3291 quas
266 3214 296 3272 in
311 3221 400 3289 portu
415 3214 599 3275 Brundisino
616 3213 876 3288 deprehenderat,
907 3211 1035 3271 adorna-

67 3300 128 3360 bat.
157 3301 202 3360 Ibi
216 3307 314 3359 turres
331 3315 399 3359 cum
414 3299 507 3360 ternis
522 3299 664 3359 tabulatis
680 3298 816 3372 erigebat
830 3312 948 3371 eosque
962 3295 1035 3355 mul·

69 3385 106 3443 tis
120 3385 277 3446 tormentis
294 3392 324 3445 et
338 3385 419 3444 omni
434 3400 547 3459 genere
560 3386 689 3443 telorum
705 3384 872 3457 completas
888 3382 928 3440 ad
943 3394 1037 3457 opera

70 3469 208 3530 Caesaris
231 3471 417 3546 appellabat,
443 3478 476 3531 ut
495 3476 577 3548 rates
599 3475 809 3544 perrumperet
830 3472 922 3542 atque
944 3479 1037 3541 opera

70 3553 261 3616 disturbaret.
291 3555 342 3615 Sic
358 3554 468 3614 cotidie
482 3554 635 3629 utrimque
649 3552 767 3612 eminus
783 3552 901 3618 lundis,
919 3548 1036 3626 sagittis

69 3638 259 3714 reliquisque
272 3640 339 3700 telis
360 3640 562 3715 pugnabatur.
591 3639 694 3712 Atque
709 3635 786 3695 haec
802 3637 915 3697 Caesar
930 3636 973 3695 ita
985 3634 1036 3694 ad-

70 3720 272 3800 ministrabat,
287 3731 321 3785 ut
334 3725 531 3785 condiciones
546 3721 633 3798 pacis
648 3719 841 3782 dimittendas
856 3737 918 3781 non
934 3716 1037 3781 existi·
