2272 4176
1044 260 1074 283 ἣν,

1021 290 1025 297 ι
1090 292 1111 305 1,,

1096 312 1111 321 ιι

1107 332 1110 341 ι

116 475 156 536 28
292 492 336 533 or
359 490 533 534 csrmmxx
556 489 800 534 conrrasrronn
823 489 850 532 c.
874 485 919 537 51.

118 641 168 718 qui
188 638 379 700 seditionibus
392 656 457 699 rem
470 636 617 717 publicam
632 639 864 715 exagitaverant,
888 640 994 699 merito
1011 655 1092 699 neca-

75 731 109 783 ³3
120 730 165 782 tos
181 722 306 784 aiebant.
343 722 394 782 Set
415 741 449 782 ea
469 739 518 781 res
537 737 661 798 magnae
677 722 791 781 initium
807 721 899 782 cladis
918 721 981 782 luit.
1023 721 1091 782 Nam

116 808 159 866 uti
174 808 298 884 quisque
315 806 435 867 domum
453 811 503 865 aut
523 803 633 874 villam,
649 812 798 882 postremo
815 822 866 865 ras
883 806 1089 865 autrestimen-

115 896 179 950 tum
191 890 313 950 alicuius
328 891 542 967 concupiverat,
560 887 647 948 dabat
662 904 792 965 operam,
815 894 849 949 ut
865 889 891 947 is
905 889 935 948 in
950 891 1087 966 proscrip-

70 981 105 1032 34
116 979 216 1033 torum
236 990 360 1033 numero
383 979 467 1034 essct.
501 972 545 1032 lta
558 970 613 1040 illi,
637 970 743 1050 quibus
763 971 934 1049 Damasippi
948 989 1024 1031 mors
1034 971 1107 1033 lae-s

112 1057 193 1116 titiae
209 1056 319 1124 luerat,
337 1055 426 1134 paulo
441 1063 508 1135 post
521 1056 577 1133 ipsi
595 1053 802 1123 trahebantur,
819 1072 919 1132 neque
934 1057 1016 1132 prius
1030 1056 1087 1115 finis

68 1138 264 1215 toiugulandi
285 1139 339 1200 luit
354 1156 442 1217 quam
459 1136 539 1199 Sulla
554 1139 648 1198 omnis
664 1154 733 1197 suos
755 1137 861 1197 divitiis
881 1138 1014 1215 explevit.
1043 1140 1085 1197 tt·

113 1239 170 1299 que
192 1223 266 1283 baec
283 1238 337 1298 ego
358 1239 418 1282 non
440 1224 470 1283 in
485 1221 522 1280 Μ.
540 1220 636 1281 Tullio
657 1238 754 1298 neque
776 1220 822 1280 his
842 1221 1025 1300 temporibus
1044 1240 1083 1281 ve-

112 1322 196 1365 rcor:
219 1308 312 1366 setin
333 1322 439 1382 magna
457 1306 570 1365 civitate
590 1304 681 1365 multa
704 1310 733 1364 et
765 1305 846 1364 varia
874 1305 993 1380 ingenia
1017 1311 1081 1365 sunt.

70 1402 104 1455 aa
113 1386 212 1448 Potest
223 1389 279 1449 alio
295 1395 436 1466 tempore,
450 1388 505 1448 alio
522 1387 650 1456 consule,
666 1389 713 1447 cui
722 1388 793 1448 item
805 1388 954 1449 exercitus
965 1390 993 1447 in
1008 1402 1107 1448 manuo

113 1472 164 1538 sit,
190 1471 298 1532 falsum
318 1471 426 1550 aliquid
445 1488 500 1548 pro
522 1487 593 1530 vero
616 1471 710 1531 credi:
733 1469 786 1531 ubi
807 1470 867 1531 hoc
890 1472 1022 1549 exemplo
1038 1488 1081 1549 per

111 1555 205 1613 senati
226 1554 379 1615 decretum
401 1552 503 1614 consul
525 1551 653 1630 gladium
675 1554 823 1623 eduxerit,
854 1558 921 1632 quis
948 1555 989 1615 illi
1008 1556 1081 1615 finem

112 1642 228 1704 statuet,
252 1644 301 1697 aut
323 1639 387 1715 quis
403 1635 623 1697 moderabitur?

69 1738 103 1790 ³7
198 1719 323 1781 Maiores
336 1722 444 1788 nostri,
468 1726 567 1799 patres
582 1721 747 1797 conscripti,
770 1738 869 1799 neque
884 1720 987 1782 consili
1000 1737 1079 1798 neque

113 1802 252 1864 audaciae
262 1822 403 1883 umquam
414 1820 531 1882 eguere,
547 1820 642 1882 neque
653 1802 708 1863 illis
723 1803 862 1882 superbia
879 1804 1020 1873 obstabat,
1032 1818 1101 1882 quos

111 1888 209 1948 minus
228 1886 321 1948 aliena
342 1890 486 1956 instituta,
510 1887 534 1946 si
555 1887 643 1946 modo
664 1886 759 1964 proba
778 1893 878 1959 erant,
902 1890 1078 1949 imitarentur.

69 1970 202 2037 asdrma
219 1978 306 2050 atquc
322 1970 379 2031 tela
396 1970 530 2031 militaria
546 1970 582 2030 ab
597 1969 785 2039 Samnitibus,
803 1972 931 2048 insignia
946 1975 1079 2049 magistra·

112 2060 196 2114 tuum
213 2054 249 2114 ab
266 2053 371 2115 Tuscis
387 2053 527 2134 pleraque
544 2059 745 2130 sumpserunt:
768 2061 921 2131 postremo
939 2057 1015 2134 quod
1028 2054 1080 2114 ubi·

112 2156 169 2215 que
186 2137 264 2215 apud
280 2140 376 2198 socios
393 2146 444 2198 aut
458 2138 549 2198 hostis
562 2137 701 2197 idoneum
716 2136 880 2207 videbatur,
899 2158 967 2199 cum
981 2154 1080 2199 summo

112 2221 207 2281 studio
228 2220 307 2281 domi
336 2221 573 2299 exequebantur:
602 2221 708 2280 imitari
738 2238 827 2298 quam
854 2222 985 2284 invidere
1010 2222 1104 2281 bonon

68 2315 103 2366 39
112 2303 268 2364 malebant.
291 2304 341 2363 Set
356 2305 459 2364 eodem
469 2302 519 2365 illo
535 2311 667 2381 tempore
680 2302 835 2382 [Graeciae
850 2323 966 2366 morem
980 2303 1082 2384 imitati]

112 2386 284 2446 verberibus
299 2387 571 2448 animadvortebant
592 2389 622 2446 in
640 2388 717 2455 civis,
741 2387 778 2446 de
794 2388 996 2449 condemnatis
1016 2405 1083 2448 sum·

67 2484 103 2535 40
112 2487 194 2529 mum
208 2468 383 2546 subplicium
402 2470 564 2532 sumebant.
596 2470 754 2547 Postquam
769 2487 817 2531 res
837 2471 956 2549 publica
973 2472 1084 2533 adolevit

113 2560 140 2614 et
155 2552 338 2613 multitudine
352 2556 458 2615 civium
479 2555 619 2616 sactiones
633 2553 766 2622 valuere,
791 2556 998 2617 circumveniri
1012 2559 1083 2616 inno·

112 2644 220 2706 centes
236 2635 291 2696 alia
306 2636 429 2698 huiusce
445 2637 525 2696 modi
540 2638 604 2697 fieri
623 2655 763 2714 coepere,
782 2642 847 2697 tum
861 2637 910 2698 lex
925 2639 1028 2700 Porcia
1042 2638 1106 2697 ati-r

112 2738 205 2799 aeque
223 2720 303 2798 leges
318 2726 438 2799 paratae
455 2727 537 2789 sunt,
563 2719 669 2798 quibus
685 2720 799 2796 legibus
815 2721 936 2783 exilium
952 2724 1084 2783 damnatis

68 2816 102 2866 41
114 2805 289 2880 permissum
310 2809 361 2863 est.
389 2804 472 2864 Hanc
489 2821 542 2881 ego
565 2821 706 2871 caussam,
729 2809 828 2880 patres
847 2808 1015 2887 conscripti,
1037 2824 1085 2884 quo

111 2888 208 2945 minus
227 2903 335 2946 novom
350 2887 502 2947 consilium
520 2889 675 2963 capiamus,
692 2889 722 2945 in
739 2888 841 2963 primis
860 2906 999 2965 magnam
1014 2898 1084 2969 puto.

69 2983 104 3032 42
113 2968 250 3029 Profecto
268 2971 359 3030 virtus
382 2976 468 3048 atque
489 2972 629 3047 sapientia
645 2972 739 3029 maior
760 2972 790 3028 in
811 2971 867 3031 illis
889 2971 959 3042 luit,
988 2977 1035 3051 qui
1056 2992 1086 3033 ex

111 3054 209 3131 parvis
232 3052 336 3130 opibus
355 3060 467 3113 tantum
482 3055 628 3130 inperium
649 3054 756 3121 iecere,
780 3072 869 3132 quam
883 3057 913 3114 in
930 3056 1029 3125 nobis,
1045 3058 1111 3135 quio

114 3155 148 3196 ca
172 3135 248 3196 bene
268 3143 352 3214 parta
371 3138 418 3198 vix
435 3139 605 3198 retinemus.

67 3221 104 3272 43
197 3218 297 3280 Placet
311 3221 399 3296 igitur
415 3238 466 3281 cos
481 3219 584 3280 dimitti
600 3227 629 3280 et
645 3220 748 3294 augeri
762 3221 925 3281 exercitum
941 3222 1089 3284 Catilinae?

110 3303 250 3362 Minume.
275 3303 326 3363 Set
335 3305 375 3365 ita
387 3321 510 3364 censeo:
525 3304 717 3383 publicandas
736 3320 839 3362 eorum
854 3310 1004 3381 pecunias,
1017 3310 1089 3384 ipsos

112 3387 142 3444 in
163 3385 285 3446 vinculis
309 3386 462 3449 habendos
479 3405 534 3465 per
552 3388 724 3464 municipia,
749 3404 823 3464 quae
838 3404 976 3450 maxume
991 3391 1090 3468 opibus

111 3469 223 3528 valent:
246 3486 285 3529 ne
298 3472 362 3549 quis
378 3471 414 3532 de
431 3473 472 3532 cis
485 3478 586 3548 postea
604 3472 641 3532 ad
657 3477 790 3531 senatum
801 3469 925 3541 referat,
943 3491 1017 3534 neve
1028 3489 1111 3533 cums

111 3551 222 3629 populo
242 3560 323 3627 agat:
354 3556 404 3633 qui
426 3554 510 3614 aliter
531 3555 649 3622 lecerit,
674 3559 808 3613 senatum
831 3558 1006 3617 existumare
1026 3575 1090 3616 eum

112 3640 215 3694 contra
237 3652 302 3695 rem
323 3637 471 3715 publicam
492 3644 520 3697 et
541 3638 664 3698 salutem
685 3638 815 3696 omnium
838 3638 1004 3700 iacturum!

60 3715 103 3777 52
197 3715 355 3796 Postquam
374 3720 480 3781 Caesar
493 3722 608 3782 dicendi
620 3721 708 3780 tinem
723 3719 799 3787 lecit,
814 3725 903 3783 ceteri
917 3723 1007 3783 verbo
1023 3721 1091 3782 alius

700 4006 796 4078 f·-
