2302 4192
491 164 603 227 LIBER
627 169 648 226 1.
887 166 890 171 ’
1032 160 1052 226 3

104 326 163 395 crat,
174 326 204 383 ut
213 336 343 397 rcgmun
353 320 384 379 in
396 318 515 380 civitate
527 334 585 379 sua
596 327 771 393 occuparet,
789 320 871 394 quod
884 324 970 393 pater
983 323 1053 377 ante

66 450 68 455 .
105 400 242 475 habueram
256 407 392 479 itemque
404 402 579 477 Dumnorigi
590 403 728 476 Haeduo,
744 403 827 461 fratri
839 402 985 475 Divitiaci,
1000 402 1049 476 qui

106 500 135 545 co
146 495 271 564 tenpore
287 487 490 563 principatum
504 488 535 547 in
551 487 672 546 civitate
688 486 844 547 obtinebat
864 501 900 545 ac
920 486 1052 544 maxime

82 614 85 619 .
108 570 170 643 plebi
181 580 324 649 acceptus
342 577 421 645 erat,
442 578 476 631 ιιι
497 571 579 630 idem
601 577 764 631 conaretur
778 569 947 644 persuadet
961 569 1051 644 eiquc

108 650 179 715 itan
190 672 275 717 suam
289 657 320 716 in
335 654 557 716 matrimonium
571 654 631 715 dat.
646 654 795 714 Perfacile
810 655 893 714 iactu
907 668 978 712 esse
991 654 1051 712 illis

66 747 70 821 [
108 737 192 809 probat
205 748 314 802 conata
327 739 492 815 perficere,
514 745 681 815 propterea
702 740 786 814 quod
802 739 871 813 ipsc
888 750 965 798 suae
979 736 1050 795 civi-

66 841 71 885 2·
108 820 160 880 tatis
171 823 326 899 imperium
340 825 521 884 obtenturus
534 830 634 883 esset:
656 840 717 883 non
734 838 805 883 esse
820 822 961 895 dubium,
978 820 1051 896 quin

66 902 74 983 ζ.
109 904 178 965 totius
192 909 304 969 Galliae
317 908 480 983 plurimum
494 908 622 967 Helvetii
642 913 789 981 possent;
815 923 850 966 sc
872 907 936 967 suis
953 905 1051 980 copiis

66 987 72 1058 ἰ
110 998 202 1066 tuoque
216 992 353 1053 exercitu
366 993 425 1052 illis
439 1007 536 1067 regna
551 992 782 1052 conciliaturum
797 992 965 1052 confirmat.
986 990 1053 1049 Hac

66 1069 72 1125 ἰ
107 1074 217 1137 unione
237 1076 361 1137 adducti
382 1076 460 1136 inter
482 1092 516 1135 sa
537 1076 629 1135 sidem
650 1084 681 1135 et
669 1078 911 1137 tiusiurandum
934 1077 1007 1135 dant
1021 1082 1048 1133 e*

66 1109 73 1247 Ῑ
106 1170 177 1231 regno
191 1169 340 1236 occupato
357 1176 413 1235 por
423 1167 485 1220 trcs
497 1159 727 1234 potentissimos
743 1176 779 1220 ac
791 1161 982 1221 firmissimos
994 1175 1048 1234 po-

66 1250 73 1323 ι
105 1242 173 1313 pulos
186 1246 277 1305 totius
293 1245 411 1305 Galliae
422 1260 493 1304 sese
507 1244 598 1318 potiri
613 1260 709 1319 posse
724 1252 858 1318 sperant.

165 1329 213 1389 iv.
234 1329 279 1388 Ea
293 1345 344 1387 res
360 1333 408 1387 cst
420 1329 565 1388 Helvetiis
581 1344 638 1402 per
651 1328 795 1389 indicimn
808 1326 970 1389 enuntiata.
984 1325 1047 1387 Μο·

102 1406 167 1471 ribus
181 1413 243 1472 suis
261 1412 469 1486 Orgetorigem
491 1428 531 1470 ex
549 1412 658 1471 vinciis
682 1428 807 1473 causam
822 1413 925 1472 dicere
940 1412 1048 1494 coege-

100 1502 161 1555 mnt
183 1497 361 1556 Damnatmn
377 1511 507 1570 poenam
523 1497 611 1571 sequi
627 1497 796 1571 oportebat,
811 1504 845 1556 ut
858 1495 919 1571 igni
935 1511 1048 1555 crema·

98 1584 173 1639 retur.
200 1580 256 1639 Die
278 1581 442 1640 constituta
456 1595 569 1639 causae
584 1581 726 1641 dictionis
742 1579 904 1655 Orgetorix
919 1580 958 1638 ad
973 1579 1049 1639 iudi-

66 1721 69 1735 ,
96 1660 161 1723 tium
175 1679 294 1725 omnem
309 1680 395 1723 suam
411 1663 568 1737 familiam,
595 1665 635 1722 ad
655 1664 809 1724 hominum
830 1665 912 1724 milia
933 1664 1049 1736 decem,

66 1746 71 1827 i
94 1748 214 1824 undique
230 1749 330 1822 coegit
340 1756 370 1806 et
381 1764 487 1808 omnes
501 1748 625 1807 clientes
638 1748 864 1823 obaeratosque
876 1763 960 1820 suos,
974 1763 1049 1821 quo·

66 1832 69 1842 '
90 1846 145 1891 rum
166 1847 309 1905 magnum
329 1847 486 1890 numerum
508 1831 654 1905 habebat,
678 1832 787 1891 eodem
804 1830 966 1899 conduxit;
994 1845 1050 1904 per

89 1928 152 1990 cos,
166 1931 205 1974 ne
221 1931 347 1974 causam
361 1915 491 1988 diceret,
514 1930 549 1974 se
565 1914 685 1989 eripuit.
716 1915 789 1974 Cum
804 1915 911 1974 civitas
927 1913 967 1974 ob
982 1929 1049 1973 eam

78 2004 143 2059 'rem
156 1999 279 2059 incitata
292 1998 446 2058 armisius
462 2015 552 2058 suum
567 1998 697 2075 exsequi
713 2005 875 2060 conaretur
884 1998 1048 2058 multitudi-

84 2096 210 2159 nemque
224 2082 379 2142 hominum
391 2099 430 2142 cx
442 2083 524 2156 agris
539 2082 734 2157 magistratus
751 2091 905 2159 cogerent,
923 2082 1048 2158 Orgeto-

80 2166 127 2227 rix
140 2174 279 2227 mcrtuus
295 2174 358 2236 est;
380 2183 482 2242 neque
497 2166 586 2226 abest
602 2167 755 2242 suspicio,
778 2175 811 2228 ut
823 2167 954 2227 Helvetii
969 2167 1049 2227 arbi-

77 2256 202 2323 trantur,
218 2251 292 2325 quin
307 2251 376 2326 ipse
390 2251 448 2310 sibi
464 2257 591 2311 mortem
607 2252 799 2312 consciverit.

159 2336 199 2393 V.
222 2334 297 2393 Post
311 2334 376 2394 eius
394 2340 523 2394 mortem
538 2334 631 2395 nihilo
647 2337 747 2396 minus
762 2334 892 2396 Helvetii
907 2334 948 2409 id,
964 2334 1048 2410 quod

75 2419 312 2492 constituerant,
334 2420 436 2478 iacere
455 2426 618 2494 conantur,
638 2425 672 2479 ut
686 2435 703 2479 ι
718 2419 831 2480 finibus
847 2418 911 2480 suis
927 2427 1048 2480 exeant.

75 2502 133 2563 Ubi
149 2503 210 2561 iam
225 2517 261 2559 se
276 2503 316 2560 ad
330 2518 397 2561 eom
412 2518 476 2561 rem
490 2511 616 2577 paratos
632 2518 703 2562 csse
725 2503 966 2585 arbitrati-sunt,
992 2518 1047 2577 op-

74 2586 148 2661 pida
163 2601 222 2644 sua
237 2585 339 2645 omnia
352 2601 478 2645 numero
494 2587 531 2645 ad
549 2587 726 2660 duodecim,
747 2587 834 2646 vicos
850 2587 889 2644 ud
905 2586 1048 2661 quadrin-

72 2676 202 2745 gentos,
225 2669 345 2745 reliqua
364 2670 483 2745 privata
504 2671 644 2729 aedificia
658 2670 839 2742 incendunt,
865 2670 1047 2730 frumentum

73 2768 181 2826 omne,
197 2760 412 2828 praeterquam
428 2753 511 2828 quod
526 2769 631 2813 secum
646 2755 793 2828 portaturi
809 2760 909 2829 crant,
925 2753 1047 2814 combu-

71 2836 488 2911 runtutdomumreditionis
504 2853 562 2912 spe
576 2839 696 2897 sublata
708 2838 879 2911 paratiores
894 2837 933 2897 ad
948 2839 1048 2898 omnia

73 2922 213 2997 pericula
228 2920 389 2980 subeunda
403 2929 521 2995 essent,
543 2922 633 2980 trium
654 2922 803 2980 mensium
817 2921 921 2981 molita
935 2920 1048 2981 cibaria

72 3004 130 3065 sibi
146 3019 304 3079 quemque
318 3005 409 3064 domo
425 3004 534 3064 efferre
549 3006 662 3064 iubent.
691 3004 883 3065 Persuadent
895 3004 1046 3064 Rauracis

73 3096 103 3148 ιι
115 3088 253 3162 Tulingis
268 3095 298 3147 et
311 3088 483 3162 'Latobrigis
505 3089 655 3163 finitimis,
682 3089 725 3148 uti
748 3090 858 3148 eodem
881 3089 929 3147 usi
945 3088 1044 3147 consi-

74 3172 113 3233 ιιι
127 3172 253 3247 oppidis
269 3172 333 3231 suis
348 3172 489 3247 vicisque
503 3173 621 3232 exustis
637 3188 699 3232 una
714 3188 783 3231 cum
798 3172 835 3230 iis
847 3170 1046 3246 proficiscan-

73 3261 130 3331 tur,
143 3256 315 3332 Boiosque,
332 3257 383 3331 qui
394 3264 478 3316 trans
492 3257 632 3317 Rhenum
647 3257 837 3316 incoluerant
852 3254 925 3314 etin
941 3271 1046 3331 agrum

72 3336 217 3401 Noricum
232 3339 416 3400 transierant
429 3341 634 3417 Noreiamque
650 3346 891 3420 oppugnarunt,
907 3349 1064 3419 receptos

73 3422 111 3487 nd
126 3440 163 3485 sc
177 3424 282 3483 socios
292 3425 354 3483 sibi
364 3424 552 3490 adsciscunt.

820 3518 871 3595 ῃ
