<?xml version="1.0" encoding="UTF-8"?>
<!DOCTYPE html PUBLIC "-//W3C//DTD XHTML 1.0 Transitional//EN"
    "http://www.w3.org/TR/xhtml1/DTD/xhtml1-transitional.dtd">
<html xmlns="http://www.w3.org/1999/xhtml" xml:lang="en" lang="en">
 <head>
  <title>
</title>
<meta http-equiv="Content-Type" content="text/html;charset=utf-8" />
  <meta name='ocr-system' content='tesseract 3.04.00' />
  <meta name='ocr-capabilities' content='ocr_page ocr_carea ocr_par ocr_line ocrx_word'/>
</head>
<body>
  <div class='ocr_page' id='page_1' title='image "./commentarii00caesgoog_0225.png"; bbox 0 0 2272 4176; ppageno 0'>
   <div class='ocr_carea' id='block_1_1' title="bbox 73 444 719 514">
    <p class='ocr_par' dir='ltr' id='par_1_1' title="bbox 73 444 719 514">
     <span class='ocr_line' id='line_1_1' title="bbox 73 444 719 514; baseline -0.006 -1"><span class='ocrx_word' id='word_1_1' title='bbox 73 448 135 514; x_wconf 77' lang='lat'>212</span> <span class='ocrx_word' id='word_1_2' title='bbox 383 445 435 506; x_wconf 83' lang='lat' dir='ltr'>DE</span> <span class='ocrx_word' id='word_1_3' title='bbox 455 444 580 507; x_wconf 82' lang='lat' dir='ltr'>BELLO</span> <span class='ocrx_word' id='word_1_4' title='bbox 604 447 719 509; x_wconf 85' lang='lat' dir='ltr'>CIVILI</span> 
     </span>
    </p>
   </div>
   <div class='ocr_carea' id='block_1_2' title="bbox 30 599 1003 3811">
    <p class='ocr_par' dir='ltr' id='par_1_2' title="bbox 70 599 1002 847">
     <span class='ocr_line' id='line_1_2' title="bbox 72 599 1002 685; baseline 0.004 -20"><span class='ocrx_word' id='word_1_5' title='bbox 72 604 129 665; x_wconf 91' lang='lat' dir='ltr'>bus</span> <span class='ocrx_word' id='word_1_6' title='bbox 149 601 286 678; x_wconf 87' lang='lat' dir='ltr'>triginta,</span> <span class='ocrx_word' id='word_1_7' title='bbox 312 617 331 661; x_wconf 89' lang='lat' dir='ltr'>a</span> <span class='ocrx_word' id='word_1_8' title='bbox 352 617 412 677; x_wconf 87' lang='lat' dir='ltr'>qua</span> <span class='ocrx_word' id='word_1_9' title='bbox 433 599 483 660; x_wconf 87' lang='lat' dir='ltr'>die</span> <span class='ocrx_word' id='word_1_10' title='bbox 496 601 624 661; x_wconf 86' lang='lat' dir='ltr'>materia</span> <span class='ocrx_word' id='word_1_11' title='bbox 638 617 732 664; x_wconf 88' lang='lat' dir='ltr'>oaesa</span> <span class='ocrx_word' id='word_1_12' title='bbox 749 608 812 680; x_wconf 89' lang='lat' dir='ltr'>est,</span> <span class='ocrx_word' id='word_1_13' title='bbox 837 604 1002 685; x_wconf 81' lang='lat' dir='ltr'>adductisq</span> 
     </span>
     <span class='ocr_line' id='line_1_3' title="bbox 70 684 1002 767; baseline 0.003 -18"><span class='ocrx_word' id='word_1_14' title='bbox 70 687 236 749; x_wconf 80' lang='lat' dir='ltr'>Massiliam</span> <span class='ocrx_word' id='word_1_15' title='bbox 249 685 297 746; x_wconf 92' lang='lat' dir='ltr'>his</span> <span class='ocrx_word' id='word_1_16' title='bbox 311 686 347 746; x_wconf 85' lang='grc' dir='ltr'>Ι)</span> <span class='ocrx_word' id='word_1_17' title='bbox 361 685 487 746; x_wconf 81' lang='lat' dir='ltr'><strong>Brutum</strong></span> <span class='ocrx_word' id='word_1_18' title='bbox 501 684 648 761; x_wconf 82' lang='lat' dir='ltr'>praeficit,</span> <span class='ocrx_word' id='word_1_19' title='bbox 664 686 695 747; x_wconf 81' lang='lat' dir='ltr'>C.</span> <span class='ocrx_word' id='word_1_20' title='bbox 709 689 894 750; x_wconf 84' lang='lat' dir='ltr'>Trebonium</span> <span class='ocrx_word' id='word_1_21' title='bbox 908 692 1002 767; x_wconf 77' lang='lat' dir='ltr'>legen</span> 
     </span>
     <span class='ocr_line' id='line_1_4' title="bbox 71 770 723 847; baseline 0 -13"><span class='ocrx_word' id='word_1_22' title='bbox 71 773 109 834; x_wconf 90' lang='lat' dir='ltr'>ad</span> <span class='ocrx_word' id='word_1_23' title='bbox 125 771 386 847; x_wconf 78' lang='lat' dir='ltr'>oppugnationem</span> <span class='ocrx_word' id='word_1_24' title='bbox 399 770 557 831; x_wconf 87' lang='lat' dir='ltr'>Massiliae</span> <span class='ocrx_word' id='word_1_25' title='bbox 570 771 723 847; x_wconf 84' lang='lat' dir='ltr'>relinquit.</span> 
     </span>
    </p>

    <p class='ocr_par' dir='ltr' id='par_1_3' title="bbox 66 854 1002 1596">
     <span class='ocr_line' id='line_1_5' title="bbox 148 854 1002 952; baseline 0.006 -34"><span class='ocrx_word' id='word_1_26' title='bbox 148 855 294 918; x_wconf 89' lang='lat' dir='ltr'>XXXVII.</span> <span class='ocrx_word' id='word_1_27' title='bbox 316 857 394 916; x_wconf 88' lang='lat' dir='ltr'>Dum</span> <span class='ocrx_word' id='word_1_28' title='bbox 409 854 486 915; x_wconf 88' lang='lat' dir='ltr'>haec</span> <span class='ocrx_word' id='word_1_29' title='bbox 500 860 588 929; x_wconf 91' lang='lat' dir='ltr'>parat</span> <span class='ocrx_word' id='word_1_30' title='bbox 601 861 694 952; x_wconf 87' lang='lat' dir='ltr'>atque</span> <span class='ocrx_word' id='word_1_31' title='bbox 709 857 915 935; x_wconf 89' lang='lat' dir='ltr'>administrat,</span> <span class='ocrx_word' id='word_1_32' title='bbox 939 859 970 921; x_wconf 79' lang='grc'>0.</span> <span class='ocrx_word' id='word_1_33' title='bbox 984 861 1002 923; x_wconf 81' lang='lat' dir='ltr'>l</span> 
     </span>
     <span class='ocr_line' id='line_1_6' title="bbox 69 939 1002 1018; baseline 0.005 -17"><span class='ocrx_word' id='word_1_34' title='bbox 69 942 150 1001; x_wconf 91' lang='lat' dir='ltr'>bium</span> <span class='ocrx_word' id='word_1_35' title='bbox 165 943 297 1017; x_wconf 91' lang='lat' dir='ltr'>legatum</span> <span class='ocrx_word' id='word_1_36' title='bbox 312 957 381 1001; x_wconf 88' lang='lat' dir='ltr'>cum</span> <span class='ocrx_word' id='word_1_37' title='bbox 401 939 572 1014; x_wconf 80' lang='lat' dir='ltr'>legionibus</span> <span class='ocrx_word' id='word_1_38' title='bbox 593 940 705 1018; x_wconf 90' lang='lat' dir='ltr'>tribus,</span> <span class='ocrx_word' id='word_1_39' title='bbox 733 959 810 1018; x_wconf 87' lang='lat' dir='ltr'>quas</span> <span class='ocrx_word' id='word_1_40' title='bbox 824 942 970 1006; x_wconf 88' lang='lat' dir='ltr'>Narbone</span> <span class='ocrx_word' id='word_1_41' title='bbox 984 962 1002 1007; x_wconf 95' lang='lat' dir='ltr'>c</span> 
     </span>
     <span class='ocr_line' id='line_1_7' title="bbox 70 1023 1002 1122; baseline 0.003 -36"><span class='ocrx_word' id='word_1_42' title='bbox 70 1041 200 1122; x_wconf 87' lang='lat' dir='ltr'>cumque</span> <span class='ocrx_word' id='word_1_43' title='bbox 221 1040 259 1085; x_wconf 89' lang='lat' dir='ltr'>ea</span> <span class='ocrx_word' id='word_1_44' title='bbox 277 1027 348 1087; x_wconf 89' lang='lat' dir='ltr'>loca</span> <span class='ocrx_word' id='word_1_45' title='bbox 360 1023 514 1084; x_wconf 90' lang='lat' dir='ltr'>hiemandi</span> <span class='ocrx_word' id='word_1_46' title='bbox 530 1038 624 1085; x_wconf 85' lang='lat' dir='ltr'>eausa</span> <span class='ocrx_word' id='word_1_47' title='bbox 639 1025 852 1103; x_wconf 88' lang='lat' dir='ltr'>disposuerat,</span> <span class='ocrx_word' id='word_1_48' title='bbox 879 1029 909 1087; x_wconf 91' lang='lat' dir='ltr'>in</span> <span class='ocrx_word' id='word_1_49' title='bbox 930 1029 1002 1106; x_wconf 89' lang='lat' dir='ltr'>Hisp</span> 
     </span>
     <span class='ocr_line' id='line_1_8' title="bbox 69 1108 1002 1190; baseline 0.004 -20"><span class='ocrx_word' id='word_1_50' title='bbox 69 1112 150 1171; x_wconf 91' lang='lat' dir='ltr'>niam</span> <span class='ocrx_word' id='word_1_51' title='bbox 170 1109 333 1186; x_wconf 90' lang='lat' dir='ltr'>praemittit</span> <span class='ocrx_word' id='word_1_52' title='bbox 354 1108 554 1183; x_wconf 83' lang='lat' dir='ltr'>celeriterque</span> <span class='ocrx_word' id='word_1_53' title='bbox 576 1111 672 1170; x_wconf 85' lang='lat' dir='ltr'>saltus</span> <span class='ocrx_word' id='word_1_54' title='bbox 692 1110 873 1188; x_wconf 80' lang='lat' dir='ltr'>Pyrenaeos</span> <span class='ocrx_word' id='word_1_55' title='bbox 895 1126 1002 1190; x_wconf 77' lang='lat' dir='ltr'>oocupt</span> 
     </span>
     <span class='ocr_line' id='line_1_9' title="bbox 68 1192 1002 1271; baseline 0.001 -14"><span class='ocrx_word' id='word_1_56' title='bbox 68 1196 159 1270; x_wconf 89' lang='lat' dir='ltr'>iubet,</span> <span class='ocrx_word' id='word_1_57' title='bbox 183 1195 235 1270; x_wconf 93' lang='lat' dir='ltr'>qui</span> <span class='ocrx_word' id='word_1_58' title='bbox 250 1210 287 1256; x_wconf 93' lang='lat' dir='ltr'>eo</span> <span class='ocrx_word' id='word_1_59' title='bbox 302 1201 441 1269; x_wconf 90' lang='lat' dir='ltr'>tempore</span> <span class='ocrx_word' id='word_1_60' title='bbox 455 1192 494 1252; x_wconf 90' lang='lat' dir='ltr'>ab</span> <span class='ocrx_word' id='word_1_61' title='bbox 508 1192 541 1252; x_wconf 92' lang='lat' dir='ltr'>L.</span> <span class='ocrx_word' id='word_1_62' title='bbox 556 1192 684 1255; x_wconf 82' lang='lat' dir='ltr'>Afranio</span> <span class='ocrx_word' id='word_1_63' title='bbox 697 1196 801 1270; x_wconf 85' lang='lat' dir='ltr'>legato</span> <span class='ocrx_word' id='word_1_64' title='bbox 815 1197 1002 1271; x_wconf 90' lang='lat' dir='ltr'>praesidiist</span> 
     </span>
     <span class='ocr_line' id='line_1_10' title="bbox 68 1277 1002 1355; baseline 0.001 -13"><span class='ocrx_word' id='word_1_65' title='bbox 68 1281 225 1342; x_wconf 88' lang='lat' dir='ltr'>nebantur</span> <span class='ocrx_word' id='word_1_66' title='bbox 260 1279 407 1354; x_wconf 87' lang='lat' dir='ltr'>Reliquas</span> <span class='ocrx_word' id='word_1_67' title='bbox 428 1277 580 1353; x_wconf 80' lang='lat' dir='ltr'>legiones,</span> <span class='ocrx_word' id='word_1_68' title='bbox 614 1294 694 1355; x_wconf 88' lang='lat' dir='ltr'>quae</span> <span class='ocrx_word' id='word_1_69' title='bbox 714 1281 835 1355; x_wconf 89' lang='lat' dir='ltr'>longius</span> <span class='ocrx_word' id='word_1_70' title='bbox 857 1281 1002 1343; x_wconf 83' lang='lat' dir='ltr'>hiemabat</span> 
     </span>
     <span class='ocr_line' id='line_1_11' title="bbox 68 1363 1002 1461; baseline -0.001 -34"><span class='ocrx_word' id='word_1_71' title='bbox 68 1364 216 1441; x_wconf 91' lang='lat' dir='ltr'>subsequi</span> <span class='ocrx_word' id='word_1_72' title='bbox 231 1364 321 1425; x_wconf 91' lang='lat' dir='ltr'>iubet.</span> <span class='ocrx_word' id='word_1_73' title='bbox 343 1363 466 1437; x_wconf 67' lang='lat' dir='ltr'>Fabius</span> <span class='ocrx_word' id='word_1_74' title='bbox 480 1368 515 1423; x_wconf 90' lang='lat' dir='ltr'>ut</span> <span class='ocrx_word' id='word_1_75' title='bbox 529 1370 594 1423; x_wconf 86' lang='lat' dir='ltr'>erat</span> <span class='ocrx_word' id='word_1_76' title='bbox 607 1364 795 1461; x_wconf 86' lang='lat' dir='ltr'>imperatum,</span> <span class='ocrx_word' id='word_1_77' title='bbox 812 1365 951 1426; x_wconf 88' lang='lat' dir='ltr'>adhibita</span> <span class='ocrx_word' id='word_1_78' title='bbox 962 1369 1002 1426; x_wconf 90' lang='lat' dir='ltr'>oet</span> 
     </span>
     <span class='ocr_line' id='line_1_12' title="bbox 66 1447 1002 1549; baseline -0.001 -37"><span class='ocrx_word' id='word_1_79' title='bbox 66 1451 154 1512; x_wconf 81' lang='lat' dir='ltr'>ritate</span> <span class='ocrx_word' id='word_1_80' title='bbox 178 1449 364 1524; x_wconf 87' lang='lat' dir='ltr'>praesidium</span> <span class='ocrx_word' id='word_1_81' title='bbox 390 1463 429 1506; x_wconf 90' lang='lat' dir='ltr'>ex</span> <span class='ocrx_word' id='word_1_82' title='bbox 450 1447 528 1507; x_wconf 88' lang='lat' dir='ltr'>saltu</span> <span class='ocrx_word' id='word_1_83' title='bbox 550 1448 660 1509; x_wconf 91' lang='lat' dir='ltr'>deiecit</span> <span class='ocrx_word' id='word_1_84' title='bbox 678 1449 861 1525; x_wconf 82' lang='lat' dir='ltr'>magnisque</span> <span class='ocrx_word' id='word_1_85' title='bbox 882 1450 1002 1549; x_wconf 87' lang='lat' dir='ltr'>itinerib</span> 
     </span>
     <span class='ocr_line' id='line_1_13' title="bbox 70 1531 598 1596; baseline -0.006 -1"><span class='ocrx_word' id='word_1_86' title='bbox 70 1534 108 1596; x_wconf 89' lang='lat' dir='ltr'>ad</span> <span class='ocrx_word' id='word_1_87' title='bbox 123 1533 289 1593; x_wconf 89' lang='lat' dir='ltr'>exercitum</span> <span class='ocrx_word' id='word_1_88' title='bbox 302 1531 421 1592; x_wconf 86' lang='lat' dir='ltr'>Afranii</span> <span class='ocrx_word' id='word_1_89' title='bbox 437 1532 598 1592; x_wconf 87' lang='lat' dir='ltr'>contendit.</span> 
     </span>
    </p>

    <p class='ocr_par' dir='ltr' id='par_1_4' title="bbox 64 1615 1002 2961">
     <span class='ocr_line' id='line_1_14' title="bbox 142 1615 1002 1694; baseline -0.001 -15"><span class='ocrx_word' id='word_1_90' title='bbox 142 1618 302 1679; x_wconf 90' lang='lat' dir='ltr'>XXXVIII.</span> <span class='ocrx_word' id='word_1_91' title='bbox 324 1615 512 1676; x_wconf 83' lang='lat' dir='ltr'>AdventuL.</span> <span class='ocrx_word' id='word_1_92' title='bbox 521 1615 646 1677; x_wconf 92' lang='lat' dir='ltr'>Vibullii</span> <span class='ocrx_word' id='word_1_93' title='bbox 658 1617 738 1692; x_wconf 91' lang='lat' dir='ltr'>Rufi,</span> <span class='ocrx_word' id='word_1_94' title='bbox 754 1634 846 1693; x_wconf 91' lang='lat' dir='ltr'>quem</span> <span class='ocrx_word' id='word_1_95' title='bbox 861 1618 1002 1694; x_wconf 88' lang='lat' dir='ltr'>aPompe</span> 
     </span>
     <span class='ocr_line' id='line_1_15' title="bbox 67 1701 1002 1778; baseline -0.001 -14"><span class='ocrx_word' id='word_1_96' title='bbox 67 1703 195 1764; x_wconf 90' lang='lat' dir='ltr'>missum</span> <span class='ocrx_word' id='word_1_97' title='bbox 210 1703 241 1762; x_wconf 91' lang='lat' dir='ltr'>in</span> <span class='ocrx_word' id='word_1_98' title='bbox 255 1702 435 1777; x_wconf 89' lang='lat' dir='ltr'>Hispaniam</span> <span class='ocrx_word' id='word_1_99' title='bbox 450 1701 691 1762; x_wconf 90' lang='lat' dir='ltr'>demonstratum</span> <span class='ocrx_word' id='word_1_100' title='bbox 706 1709 761 1778; x_wconf 90' lang='lat' dir='ltr'>est,</span> <span class='ocrx_word' id='word_1_101' title='bbox 777 1703 927 1765; x_wconf 83' lang='lat' dir='ltr'>Afranius</span> <span class='ocrx_word' id='word_1_102' title='bbox 943 1702 1002 1763; x_wconf 84' lang='lat' dir='ltr'>etP</span> 
     </span>
     <span class='ocr_line' id='line_1_16' title="bbox 67 1784 1002 1863; baseline -0.002 -13"><span class='ocrx_word' id='word_1_103' title='bbox 67 1788 161 1850; x_wconf 91' lang='lat' dir='ltr'>treius</span> <span class='ocrx_word' id='word_1_104' title='bbox 177 1795 207 1848; x_wconf 93' lang='lat' dir='ltr'>et</span> <span class='ocrx_word' id='word_1_105' title='bbox 219 1788 329 1862; x_wconf 87' lang='lat' dir='ltr'>Varro,</span> <span class='ocrx_word' id='word_1_106' title='bbox 345 1786 436 1860; x_wconf 84' lang='lat' dir='ltr'>legati</span> <span class='ocrx_word' id='word_1_107' title='bbox 450 1784 593 1860; x_wconf 87' lang='lat' dir='ltr'>Pompei,</span> <span class='ocrx_word' id='word_1_108' title='bbox 618 1802 746 1861; x_wconf 88' lang='lat' dir='ltr'>quorum</span> <span class='ocrx_word' id='word_1_109' title='bbox 761 1803 841 1848; x_wconf 93' lang='lat' dir='ltr'>unus</span> <span class='ocrx_word' id='word_1_110' title='bbox 857 1788 1002 1863; x_wconf 83' lang='lat' dir='ltr'>Hispania</span> 
     </span>
     <span class='ocr_line' id='line_1_17' title="bbox 67 1870 1002 1946; baseline 0 -12"><span class='ocrx_word' id='word_1_111' title='bbox 67 1872 237 1934; x_wconf 85' lang='lat' dir='ltr'>citeriorem</span> <span class='ocrx_word' id='word_1_112' title='bbox 250 1871 348 1934; x_wconf 86' lang='lat' dir='ltr'>tribus</span> <span class='ocrx_word' id='word_1_113' title='bbox 363 1870 551 1946; x_wconf 89' lang='lat' dir='ltr'>legionibus,</span> <span class='ocrx_word' id='word_1_114' title='bbox 577 1871 652 1930; x_wconf 87' lang='lat' dir='ltr'>alter</span> <span class='ocrx_word' id='word_1_115' title='bbox 665 1872 839 1933; x_wconf 89' lang='lat' dir='ltr'>ulteriorem</span> <span class='ocrx_word' id='word_1_116' title='bbox 855 1889 875 1931; x_wconf 89' lang='lat' dir='ltr'>a</span> <span class='ocrx_word' id='word_1_117' title='bbox 889 1875 971 1934; x_wconf 89' lang='lat' dir='ltr'>saltu</span> <span class='ocrx_word' id='word_1_118' title='bbox 984 1873 1002 1933; x_wconf 84' lang='lat' dir='ltr'>C</span> 
     </span>
     <span class='ocr_line' id='line_1_18' title="bbox 68 1953 1002 2031; baseline -0.002 -13"><span class='ocrx_word' id='word_1_119' title='bbox 68 1958 238 2018; x_wconf 89' lang='lat' dir='ltr'>stulonensi</span> <span class='ocrx_word' id='word_1_120' title='bbox 253 1957 294 2017; x_wconf 89' lang='lat' dir='ltr'>ad</span> <span class='ocrx_word' id='word_1_121' title='bbox 313 1959 411 2016; x_wconf 85' lang='lat' dir='ltr'>Anam</span> <span class='ocrx_word' id='word_1_122' title='bbox 435 1953 554 2014; x_wconf 92' lang='lat' dir='ltr'>duabus</span> <span class='ocrx_word' id='word_1_123' title='bbox 574 1955 763 2031; x_wconf 81' lang='lat' dir='ltr'>legionibus,</span> <span class='ocrx_word' id='word_1_124' title='bbox 785 1957 894 2018; x_wconf 91' lang='lat' dir='ltr'>tertius</span> <span class='ocrx_word' id='word_1_125' title='bbox 917 1958 957 2017; x_wconf 91' lang='lat' dir='ltr'>ab</span> <span class='ocrx_word' id='word_1_126' title='bbox 971 1959 1002 2017; x_wconf 87' lang='grc' dir='ltr'>Αι</span> 
     </span>
     <span class='ocr_line' id='line_1_19' title="bbox 65 2038 1002 2116; baseline 0.002 -15"><span class='ocrx_word' id='word_1_127' title='bbox 65 2043 232 2103; x_wconf 90' lang='lat' dir='ltr'>Vettonum</span> <span class='ocrx_word' id='word_1_128' title='bbox 252 2058 359 2116; x_wconf 87' lang='lat' dir='ltr'>agrum</span> <span class='ocrx_word' id='word_1_129' title='bbox 378 2038 625 2114; x_wconf 87' lang='lat' dir='ltr'>Lusitaniamque</span> <span class='ocrx_word' id='word_1_130' title='bbox 645 2041 713 2115; x_wconf 88' lang='lat' dir='ltr'>pari</span> <span class='ocrx_word' id='word_1_131' title='bbox 737 2057 864 2102; x_wconf 91' lang='lat' dir='ltr'>numero</span> <span class='ocrx_word' id='word_1_132' title='bbox 885 2042 1002 2116; x_wconf 89' lang='lat' dir='ltr'>legionu</span> 
     </span>
     <span class='ocr_line' id='line_1_20' title="bbox 67 2123 1002 2204; baseline -0.002 -16"><span class='ocrx_word' id='word_1_133' title='bbox 67 2127 239 2204; x_wconf 90' lang='lat' dir='ltr'>obtinebat,</span> <span class='ocrx_word' id='word_1_134' title='bbox 261 2126 364 2186; x_wconf 87' lang='lat' dir='ltr'>cilicia</span> <span class='ocrx_word' id='word_1_135' title='bbox 378 2125 456 2185; x_wconf 93' lang='lat' dir='ltr'>inter</span> <span class='ocrx_word' id='word_1_136' title='bbox 471 2139 506 2184; x_wconf 90' lang='lat' dir='ltr'>se</span> <span class='ocrx_word' id='word_1_137' title='bbox 519 2123 704 2201; x_wconf 90' lang='lat' dir='ltr'>partiuntur,</span> <span class='ocrx_word' id='word_1_138' title='bbox 719 2127 762 2186; x_wconf 93' lang='lat' dir='ltr'>uti</span> <span class='ocrx_word' id='word_1_139' title='bbox 775 2125 914 2185; x_wconf 86' lang='lat' dir='ltr'>Petreius</span> <span class='ocrx_word' id='word_1_140' title='bbox 931 2128 1002 2186; x_wconf 87' lang='lat' dir='ltr'>exL</span> 
     </span>
     <span class='ocr_line' id='line_1_21' title="bbox 67 2208 1002 2287; baseline 0 -15"><span class='ocrx_word' id='word_1_141' title='bbox 67 2213 177 2272; x_wconf 87' lang='lat' dir='ltr'>sitania</span> <span class='ocrx_word' id='word_1_142' title='bbox 203 2227 259 2287; x_wconf 90' lang='lat' dir='ltr'>per</span> <span class='ocrx_word' id='word_1_143' title='bbox 279 2212 427 2271; x_wconf 91' lang='lat' dir='ltr'>Vettones</span> <span class='ocrx_word' id='word_1_144' title='bbox 449 2225 517 2269; x_wconf 91' lang='lat' dir='ltr'>eum</span> <span class='ocrx_word' id='word_1_145' title='bbox 540 2208 679 2270; x_wconf 90' lang='lat' dir='ltr'>omnibus</span> <span class='ocrx_word' id='word_1_146' title='bbox 701 2211 797 2287; x_wconf 89' lang='lat' dir='ltr'>copiis</span> <span class='ocrx_word' id='word_1_147' title='bbox 819 2211 859 2270; x_wconf 90' lang='lat' dir='ltr'>ad</span> <span class='ocrx_word' id='word_1_148' title='bbox 880 2210 1002 2272; x_wconf 85' lang='lat' dir='ltr'>Alraniu</span> 
     </span>
     <span class='ocr_line' id='line_1_22' title="bbox 65 2293 1002 2372; baseline 0.002 -18"><span class='ocrx_word' id='word_1_149' title='bbox 65 2296 294 2372; x_wconf 87' lang='lat' dir='ltr'>proficiscatur,</span> <span class='ocrx_word' id='word_1_150' title='bbox 322 2297 420 2355; x_wconf 88' lang='lat' dir='ltr'>Varro</span> <span class='ocrx_word' id='word_1_151' title='bbox 443 2310 510 2354; x_wconf 91' lang='lat' dir='ltr'>cum</span> <span class='ocrx_word' id='word_1_152' title='bbox 525 2293 578 2368; x_wconf 91' lang='lat' dir='ltr'>iis,</span> <span class='ocrx_word' id='word_1_153' title='bbox 605 2309 682 2368; x_wconf 89' lang='lat' dir='ltr'>quas</span> <span class='ocrx_word' id='word_1_154' title='bbox 696 2293 841 2370; x_wconf 90' lang='lat' dir='ltr'>habebat,</span> <span class='ocrx_word' id='word_1_155' title='bbox 866 2295 1002 2370; x_wconf 89' lang='lat' dir='ltr'>legionib·</span> 
     </span>
     <span class='ocr_line' id='line_1_23' title="bbox 68 2379 1001 2455; baseline 0.001 -15"><span class='ocrx_word' id='word_1_156' title='bbox 68 2394 187 2440; x_wconf 91' lang='lat' dir='ltr'>omnem</span> <span class='ocrx_word' id='word_1_157' title='bbox 208 2379 381 2440; x_wconf 88' lang='lat' dir='ltr'>ulteriorem</span> <span class='ocrx_word' id='word_1_158' title='bbox 395 2379 575 2455; x_wconf 86' lang='lat' dir='ltr'>Hispaniam</span> <span class='ocrx_word' id='word_1_159' title='bbox 589 2383 717 2440; x_wconf 90' lang='lat' dir='ltr'>tueatur.</span> <span class='ocrx_word' id='word_1_160' title='bbox 745 2380 800 2440; x_wconf 91' lang='lat' dir='ltr'>His</span> <span class='ocrx_word' id='word_1_161' title='bbox 814 2380 908 2440; x_wconf 91' lang='lat' dir='ltr'>rebus</span> <span class='ocrx_word' id='word_1_162' title='bbox 926 2397 1001 2443; x_wconf 91' lang='lat' dir='ltr'>cons</span> 
     </span>
     <span class='ocr_line' id='line_1_24' title="bbox 65 2461 1002 2539; baseline 0.001 -16"><span class='ocrx_word' id='word_1_163' title='bbox 65 2464 136 2525; x_wconf 90' lang='lat' dir='ltr'>tutis</span> <span class='ocrx_word' id='word_1_164' title='bbox 152 2464 271 2538; x_wconf 85' lang='lat' dir='ltr'>equites</span> <span class='ocrx_word' id='word_1_165' title='bbox 286 2463 460 2539; x_wconf 88' lang='lat' dir='ltr'>auxiliaque</span> <span class='ocrx_word' id='word_1_166' title='bbox 475 2464 529 2524; x_wconf 91' lang='lat' dir='ltr'>toti</span> <span class='ocrx_word' id='word_1_167' title='bbox 543 2461 717 2525; x_wconf 85' lang='lat' dir='ltr'>Lusitaniae</span> <span class='ocrx_word' id='word_1_168' title='bbox 732 2480 750 2524; x_wconf 91' lang='lat' dir='ltr'>a</span> <span class='ocrx_word' id='word_1_169' title='bbox 763 2463 893 2538; x_wconf 87' lang='lat' dir='ltr'>Petreio,</span> <span class='ocrx_word' id='word_1_170' title='bbox 910 2465 1002 2527; x_wconf 86' lang='lat' dir='ltr'>Celtib</span> 
     </span>
     <span class='ocr_line' id='line_1_25' title="bbox 64 2547 1002 2626; baseline 0.002 -20"><span class='ocrx_word' id='word_1_171' title='bbox 64 2549 137 2622; x_wconf 87' lang='lat' dir='ltr'>riae,</span> <span class='ocrx_word' id='word_1_172' title='bbox 146 2547 303 2608; x_wconf 78' lang='lat' dir='ltr'>Cantabris</span> <span class='ocrx_word' id='word_1_173' title='bbox 314 2548 516 2624; x_wconf 87' lang='lat' dir='ltr'>barbarisque</span> <span class='ocrx_word' id='word_1_174' title='bbox 528 2547 678 2624; x_wconf 90' lang='lat' dir='ltr'>omnibus,</span> <span class='ocrx_word' id='word_1_175' title='bbox 690 2550 741 2624; x_wconf 91' lang='lat' dir='ltr'>qui</span> <span class='ocrx_word' id='word_1_176' title='bbox 753 2549 792 2608; x_wconf 91' lang='lat' dir='ltr'>ad</span> <span class='ocrx_word' id='word_1_177' title='bbox 800 2548 957 2609; x_wconf 86' lang='lat' dir='ltr'>Oceanum</span> <span class='ocrx_word' id='word_1_178' title='bbox 969 2566 1002 2626; x_wconf 87' lang='lat' dir='ltr'>pe</span> 
     </span>
     <span class='ocr_line' id='line_1_26' title="bbox 64 2632 1002 2708; baseline 0.001 -16"><span class='ocrx_word' id='word_1_179' title='bbox 64 2633 172 2707; x_wconf 87' lang='lat' dir='ltr'>tinent,</span> <span class='ocrx_word' id='word_1_180' title='bbox 198 2632 237 2691; x_wconf 91' lang='lat' dir='ltr'>ab</span> <span class='ocrx_word' id='word_1_181' title='bbox 252 2633 378 2693; x_wconf 85' lang='lat' dir='ltr'>Afranio</span> <span class='ocrx_word' id='word_1_182' title='bbox 400 2633 594 2708; x_wconf 90' lang='lat' dir='ltr'>imperantur.</span> <span class='ocrx_word' id='word_1_183' title='bbox 631 2632 746 2707; x_wconf 82' lang='lat' dir='ltr'>Quibus</span> <span class='ocrx_word' id='word_1_184' title='bbox 762 2632 876 2693; x_wconf 83' lang='lat' dir='ltr'>coactis</span> <span class='ocrx_word' id='word_1_185' title='bbox 901 2636 1002 2694; x_wconf 87' lang='lat' dir='ltr'>celerit</span> 
     </span>
     <span class='ocr_line' id='line_1_27' title="bbox 64 2716 1002 2793; baseline 0.002 -19"><span class='ocrx_word' id='word_1_186' title='bbox 64 2716 199 2777; x_wconf 88' lang='lat' dir='ltr'>Petreius</span> <span class='ocrx_word' id='word_1_187' title='bbox 215 2732 271 2792; x_wconf 90' lang='lat' dir='ltr'>per</span> <span class='ocrx_word' id='word_1_188' title='bbox 285 2718 433 2777; x_wconf 86' lang='lat' dir='ltr'>Vettones</span> <span class='ocrx_word' id='word_1_189' title='bbox 448 2719 488 2778; x_wconf 87' lang='lat' dir='ltr'>ad</span> <span class='ocrx_word' id='word_1_190' title='bbox 501 2718 660 2777; x_wconf 81' lang='lat' dir='ltr'>Afranium</span> <span class='ocrx_word' id='word_1_191' title='bbox 675 2718 813 2793; x_wconf 90' lang='lat' dir='ltr'>pervenit</span> <span class='ocrx_word' id='word_1_192' title='bbox 835 2719 1002 2778; x_wconf 86' lang='lat' dir='ltr'>constitum</span> 
     </span>
     <span class='ocr_line' id='line_1_28' title="bbox 66 2801 1002 2878; baseline -0.003 -17"><span class='ocrx_word' id='word_1_193' title='bbox 66 2817 125 2876; x_wconf 91' lang='lat' dir='ltr'>que</span> <span class='ocrx_word' id='word_1_194' title='bbox 147 2802 297 2862; x_wconf 89' lang='lat' dir='ltr'>communi</span> <span class='ocrx_word' id='word_1_195' title='bbox 319 2801 448 2863; x_wconf 93' lang='lat' dir='ltr'>consilio</span> <span class='ocrx_word' id='word_1_196' title='bbox 468 2802 581 2864; x_wconf 90' lang='lat' dir='ltr'>bellum</span> <span class='ocrx_word' id='word_1_197' title='bbox 596 2802 635 2862; x_wconf 88' lang='lat' dir='ltr'>ad</span> <span class='ocrx_word' id='word_1_198' title='bbox 649 2803 778 2861; x_wconf 86' lang='lat' dir='ltr'>ilerdam</span> <span class='ocrx_word' id='word_1_199' title='bbox 793 2809 921 2877; x_wconf 89' lang='lat' dir='ltr'>propter</span> <span class='ocrx_word' id='word_1_200' title='bbox 937 2803 1002 2878; x_wconf 73' lang='lat' dir='ltr'>ipsit</span> 
     </span>
     <span class='ocr_line' id='line_1_29' title="bbox 64 2886 525 2961; baseline -0.002 -16"><span class='ocrx_word' id='word_1_201' title='bbox 64 2886 124 2946; x_wconf 92' lang='lat' dir='ltr'>loci</span> <span class='ocrx_word' id='word_1_202' title='bbox 140 2886 396 2961; x_wconf 86' lang='lat' dir='ltr'>opportunitatem</span> <span class='ocrx_word' id='word_1_203' title='bbox 409 2902 525 2961; x_wconf 84' lang='lat' dir='ltr'>gerere.</span> 
     </span>
    </p>

    <p class='ocr_par' dir='ltr' id='par_1_5' title="bbox 30 2970 1003 3811">
     <span class='ocr_line' id='line_1_30' title="bbox 145 2970 1002 3047; baseline 0.001 -16"><span class='ocrx_word' id='word_1_204' title='bbox 145 2970 275 3032; x_wconf 90' lang='lat' dir='ltr'>XXXIX.</span> <span class='ocrx_word' id='word_1_205' title='bbox 296 2971 397 3046; x_wconf 83' lang='lat' dir='ltr'>Erant,</span> <span class='ocrx_word' id='word_1_206' title='bbox 413 2979 445 3032; x_wconf 92' lang='lat' dir='ltr'>ut</span> <span class='ocrx_word' id='word_1_207' title='bbox 462 2988 557 3047; x_wconf 86' lang='lat' dir='ltr'>supra</span> <span class='ocrx_word' id='word_1_208' title='bbox 571 2971 809 3031; x_wconf 91' lang='lat' dir='ltr'>demonstratum</span> <span class='ocrx_word' id='word_1_209' title='bbox 824 2978 879 3046; x_wconf 85' lang='lat' dir='ltr'>est,</span> <span class='ocrx_word' id='word_1_210' title='bbox 897 2972 1002 3046; x_wconf 83' lang='lat' dir='ltr'>legion</span> 
     </span>
     <span class='ocr_line' id='line_1_31' title="bbox 64 3055 1002 3132; baseline -0.002 -16"><span class='ocrx_word' id='word_1_211' title='bbox 64 3056 181 3116; x_wconf 81' lang='lat' dir='ltr'>Afranii</span> <span class='ocrx_word' id='word_1_212' title='bbox 195 3063 274 3132; x_wconf 91' lang='lat' dir='ltr'>tres,</span> <span class='ocrx_word' id='word_1_213' title='bbox 300 3055 397 3116; x_wconf 89' lang='lat' dir='ltr'>Petrei</span> <span class='ocrx_word' id='word_1_214' title='bbox 430 3057 523 3130; x_wconf 89' lang='lat' dir='ltr'>duae,</span> <span class='ocrx_word' id='word_1_215' title='bbox 549 3062 708 3131; x_wconf 84' lang='lat' dir='ltr'>praeterea</span> <span class='ocrx_word' id='word_1_216' title='bbox 728 3062 863 3116; x_wconf 87' lang='lat' dir='ltr'>scutatae</span> <span class='ocrx_word' id='word_1_217' title='bbox 886 3056 1002 3116; x_wconf 89' lang='lat' dir='ltr'>citerior</span> 
     </span>
     <span class='ocr_line' id='line_1_32' title="bbox 63 3139 1003 3216; baseline -0.001 -16"><span class='ocrx_word' id='word_1_218' title='bbox 63 3140 241 3216; x_wconf 90' lang='lat' dir='ltr'>provinciae</span> <span class='ocrx_word' id='word_1_219' title='bbox 261 3146 291 3201; x_wconf 91' lang='lat' dir='ltr'>et</span> <span class='ocrx_word' id='word_1_220' title='bbox 312 3147 443 3203; x_wconf 89' lang='lat' dir='ltr'>cetratae</span> <span class='ocrx_word' id='word_1_221' title='bbox 463 3140 613 3202; x_wconf 91' lang='lat' dir='ltr'>ulterioris</span> <span class='ocrx_word' id='word_1_222' title='bbox 629 3140 796 3215; x_wconf 86' lang='lat' dir='ltr'>Hispaniae</span> <span class='ocrx_word' id='word_1_223' title='bbox 818 3139 963 3200; x_wconf 87' lang='lat' dir='ltr'>cohortes</span> <span class='ocrx_word' id='word_1_224' title='bbox 979 3141 1003 3201; x_wconf 89' lang='lat' dir='ltr'>ci</span> 
     </span>
     <span class='ocr_line' id='line_1_33' title="bbox 64 3223 1001 3303; baseline -0.001 -18"><span class='ocrx_word' id='word_1_225' title='bbox 64 3227 138 3287; x_wconf 93' lang='lat' dir='ltr'>citer</span> <span class='ocrx_word' id='word_1_226' title='bbox 163 3225 331 3301; x_wconf 90' lang='lat' dir='ltr'>octoginta,</span> <span class='ocrx_word' id='word_1_227' title='bbox 361 3227 496 3303; x_wconf 87' lang='lat' dir='ltr'>equitum</span> <span class='ocrx_word' id='word_1_228' title='bbox 527 3225 684 3300; x_wconf 91' lang='lat' dir='ltr'>utriusque</span> <span class='ocrx_word' id='word_1_229' title='bbox 710 3223 888 3300; x_wconf 88' lang='lat' dir='ltr'>provinciae</span> <span class='ocrx_word' id='word_1_230' title='bbox 916 3225 1001 3284; x_wconf 87' lang='lat' dir='ltr'>circit</span> 
     </span>
     <span class='ocr_line' id='line_1_34' title="bbox 65 3308 1001 3387; baseline -0.002 -17"><span class='ocrx_word' id='word_1_231' title='bbox 65 3310 199 3387; x_wconf 92' lang='lat' dir='ltr'>quinque</span> <span class='ocrx_word' id='word_1_232' title='bbox 219 3311 308 3370; x_wconf 88' lang='lat' dir='ltr'>milia.</span> <span class='ocrx_word' id='word_1_233' title='bbox 340 3312 452 3372; x_wconf 85' lang='lat' dir='ltr'>Caesar</span> <span class='ocrx_word' id='word_1_234' title='bbox 473 3311 609 3386; x_wconf 84' lang='lat' dir='ltr'>legiones</span> <span class='ocrx_word' id='word_1_235' title='bbox 630 3310 659 3369; x_wconf 92' lang='lat' dir='ltr'>in</span> <span class='ocrx_word' id='word_1_236' title='bbox 674 3308 852 3385; x_wconf 87' lang='lat' dir='ltr'>Hispaniam</span> <span class='ocrx_word' id='word_1_237' title='bbox 866 3310 1001 3383; x_wconf 89' lang='lat' dir='ltr'>praemis</span> 
     </span>
     <span class='ocr_line' id='line_1_35' title="bbox 63 3393 1002 3472; baseline 0.001 -20"><span class='ocrx_word' id='word_1_238' title='bbox 63 3401 109 3455; x_wconf 91' lang='lat' dir='ltr'>rat</span> <span class='ocrx_word' id='word_1_239' title='bbox 124 3404 189 3456; x_wconf 81' lang='lat' dir='ltr'>sex.</span> <span class='ocrx_word' id='word_1_240' title='bbox 220 3394 283 3456; x_wconf 86' lang='lat' dir='ltr'>Sex</span> <span class='ocrx_word' id='word_1_241' title='bbox 302 3396 384 3456; x_wconf 90' lang='lat' dir='ltr'>milia</span> <span class='ocrx_word' id='word_1_242' title='bbox 405 3397 517 3456; x_wconf 84' lang='lat' dir='ltr'>auxilia</span> <span class='ocrx_word' id='word_1_243' title='bbox 538 3396 688 3472; x_wconf 92' lang='lat' dir='ltr'>peditum,</span> <span class='ocrx_word' id='word_1_244' title='bbox 715 3394 848 3470; x_wconf 90' lang='lat' dir='ltr'>equitum</span> <span class='ocrx_word' id='word_1_245' title='bbox 874 3393 932 3452; x_wconf 90' lang='lat' dir='ltr'>tria</span> <span class='ocrx_word' id='word_1_246' title='bbox 954 3395 1002 3453; x_wconf 91' lang='lat' dir='ltr'>mil</span> 
     </span>
     <span class='ocr_line' id='line_1_36' title="bbox 64 3477 1003 3556; baseline -0.003 -18"><span class='ocrx_word' id='word_1_247' title='bbox 64 3480 204 3541; x_wconf 91' lang='lat' dir='ltr'>omnibus</span> <span class='ocrx_word' id='word_1_248' title='bbox 221 3481 432 3556; x_wconf 90' lang='lat' dir='ltr'>superioribus</span> <span class='ocrx_word' id='word_1_249' title='bbox 447 3480 534 3540; x_wconf 92' lang='lat' dir='ltr'>bellis</span> <span class='ocrx_word' id='word_1_250' title='bbox 549 3480 696 3540; x_wconf 90' lang='lat' dir='ltr'>habuerat</span> <span class='ocrx_word' id='word_1_251' title='bbox 716 3487 746 3540; x_wconf 93' lang='lat' dir='ltr'>et</span> <span class='ocrx_word' id='word_1_252' title='bbox 760 3493 865 3554; x_wconf 88' lang='lat' dir='ltr'>parem</span> <span class='ocrx_word' id='word_1_253' title='bbox 881 3492 921 3536; x_wconf 86' lang='lat' dir='ltr'>ex</span> <span class='ocrx_word' id='word_1_254' title='bbox 938 3477 1003 3538; x_wconf 85' lang='lat' dir='ltr'>Gall</span> 
     </span>
     <span class='ocr_line' id='line_1_37' title="bbox 63 3563 1002 3643; baseline 0 -22"><span class='ocrx_word' id='word_1_255' title='bbox 63 3579 233 3640; x_wconf 90' lang='lat' dir='ltr'>numerum,</span> <span class='ocrx_word' id='word_1_256' title='bbox 250 3582 341 3643; x_wconf 91' lang='lat' dir='ltr'>quam</span> <span class='ocrx_word' id='word_1_257' title='bbox 355 3567 424 3642; x_wconf 90' lang='lat' dir='ltr'>ipse</span> <span class='ocrx_word' id='word_1_258' title='bbox 438 3571 618 3641; x_wconf 89' lang='lat' dir='ltr'>pacaverat,</span> <span class='ocrx_word' id='word_1_259' title='bbox 645 3563 819 3624; x_wconf 89' lang='lat' dir='ltr'>nominatim</span> <span class='ocrx_word' id='word_1_260' title='bbox 835 3576 875 3622; x_wconf 90' lang='lat' dir='ltr'>ex</span> <span class='ocrx_word' id='word_1_261' title='bbox 892 3563 1002 3622; x_wconf 81' lang='lat' dir='ltr'>omnibt</span> 
     </span>
     <span class='ocr_line' id='line_1_38' title="bbox 64 3646 1002 3725; baseline -0.001 -19"><span class='ocrx_word' id='word_1_262' title='bbox 64 3646 234 3709; x_wconf 87' lang='lat' dir='ltr'>civitatibus</span> <span class='ocrx_word' id='word_1_263' title='bbox 255 3651 444 3711; x_wconf 91' lang='lat' dir='ltr'>nobilissimo</span> <span class='ocrx_word' id='word_1_264' title='bbox 468 3665 591 3725; x_wconf 92' lang='lat' dir='ltr'>quoque</span> <span class='ocrx_word' id='word_1_265' title='bbox 612 3654 753 3723; x_wconf 86' lang='lat' dir='ltr'>evoca‚o</span> <span class='ocrx_word' id='word_1_266' title='bbox 783 3647 908 3709; x_wconf 93' lang='lat' dir='ltr'>totidem</span> <span class='ocrx_word' id='word_1_267' title='bbox 930 3647 1002 3722; x_wconf 83' lang='lat' dir='ltr'>optir</span> 
     </span>
     <span class='ocr_line' id='line_1_39' title="bbox 30 3731 1002 3811; baseline -0.001 -20"><span class='ocrx_word' id='word_1_268' title='bbox 30 3748 33 3754; x_wconf 90' lang='lat'>·</span> <span class='ocrx_word' id='word_1_269' title='bbox 63 3731 183 3807; x_wconf 88' lang='lat' dir='ltr'>generis</span> <span class='ocrx_word' id='word_1_270' title='bbox 197 3733 354 3794; x_wconf 83' lang='lat' dir='ltr'>hominurn</span> <span class='ocrx_word' id='word_1_271' title='bbox 368 3750 407 3793; x_wconf 85' lang='lat' dir='ltr'>ex</span> <span class='ocrx_word' id='word_1_272' title='bbox 421 3733 582 3811; x_wconf 83' lang='lat' dir='ltr'>Aquitanis</span> <span class='ocrx_word' id='word_1_273' title='bbox 597 3733 820 3810; x_wconf 79' lang='lat' dir='ltr'>montanisque,</span> <span class='ocrx_word' id='word_1_274' title='bbox 836 3731 888 3808; x_wconf 92' lang='lat' dir='ltr'>qui</span> <span class='ocrx_word' id='word_1_275' title='bbox 904 3731 1002 3791; x_wconf 86' lang='lat' dir='ltr'>Gallia</span> 
     </span>
    </p>
   </div>
   <div class='ocr_carea' id='block_1_3' title="bbox 0 0 1140 4176">
    <p class='ocr_par' dir='ltr' id='par_1_6' title="bbox 0 0 1140 4176">
     <span class='ocr_line' id='line_1_40' title="bbox 0 0 1140 4176; baseline 0 1"><span class='ocrx_word' id='word_1_276' title='bbox 0 0 1140 4176; x_wconf 95' lang='lat' dir='ltr'> </span> 
     </span>
    </p>
   </div>
  </div>
 </body>
</html>
