2272 4176
62 486 128 553 45⁰
460 482 637 545 CAESARIS

420 656 457 694 an
472 654 512 695 cn.
526 652 678 693 nounmvu.

146 730 188 797 (o.
204 720 258 796 52)
279 725 353 782 Pac
372 723 471 795 Pomp
493 720 548 784 66:
569 712 865 817 ‘onoamiosips
822 712 1020 815 apposiopesis

63 808 211 887 Καίσαρος
231 805 306 885 ἔχειν
326 800 506 908 βουλομένου
526 802 627 882 λαβεῖν
647 796 796 904 διάδοχον
801 800 855 864 καὶ
868 799 1021 866 παύσασθαι
1066 852 1069 883 ,

62 896 114 969 τῆς
135 891 303 991 στρατείας
325 882 463 959 ὑπατείας
483 883 582 965 μέντοι
595 877 696 945 καὶ
660 909 701 966 μη
715 880 845 970 παρόντι
858 893 951 963 καλῶς
964 889 1022 969 ἔχειν

64 976 180 1054 αἴτησιν
193 996 272 1057 αντῳ
260 973 426 1051 δοθῆναι.

359 1076 436 1115 cor.
450 1074 597 1115 musve.
620 1061 660 1128 (o.
672 1053 738 1128 64.)

144 1146 220 1204 Coos.
232 1145 255 1200 b.
269 1145 337 1202 (loll
356 1142 387 1214 V,
410 1141 461 1213 11,
483 1139 518 1202 4.
546 1143 668 1199 Labieno
684 1143 795 1214 scribit,
817 1152 967 1218 utquam
978 1147 1026 1217 plu

64 1232 147 1286 rimas
170 1236 283 1302 posset,
311 1228 344 1284 iis
369 1228 542 1300 legionibus,
569 1233 726 1299 quaesunt
748 1228 828 1300 apud
850 1245 930 1299 eum,
954 1245 1028 1286 naves

63 1316 193 1371 instituat.

143 1397 221 1454 Idem
234 1398 296 1453 ibid.
308 1392 365 1468 46,
386 1391 420 1457 4·
449 1394 551 1453 Scribit
571 1396 708 1466 Labieno,
730 1396 755 1451 si
776 1397 950 1469 reipublicae
967 1413 1028 1453 com·

63 1482 147 1539 modo
165 1483 259 1538 lacere
274 1487 387 1553 posset,
412 1497 475 1537 cum
490 1482 602 1553 legione
618 1479 740 1537 adfines
754 1480 927 1540 Nerviorum
941 1484 1029 1540 veniat

446 1582 484 1620 ao
500 1581 647 1621 casarum.

45 1680 48 1685 -
144 1649 185 1719 (o.
198 1646 252 1717 61)
266 1648 340 1704 Hirt.
352 1649 376 1704 b.
389 1649 459 1706 Gall.
478 1647 568 1720 VIII,
591 1648 627 1721 6,
643 1646 679 1711 3:
700 1650 817 1706 Litteras
834 1649 874 1707 ad
888 1648 919 1708 G.
929 1650 1029 1707 Fabium

64 1732 155 1803 mittit,
176 1734 209 1787 ut
225 1733 254 1787 in
275 1733 346 1789 fines
367 1731 551 1790 Suessionum
573 1734 701 1806 legiones
717 1733 804 1806 duas,
828 1750 900 1807 quas
915 1733 1029 1802 habebat,

65 1817 226 1875 adduceret

424 1915 683 1958 Anc.rnuson1vu.

147 1989 188 2056 (ο.
201 1984 256 2057 61)
273 1986 348 2043 Hirt.
360 1986 389 2042 b.
406 1985 476 2042 (loll.
494 1984 584 2057 VIII,
606 1986 663 2055 11,
686 1984 720 2045 1:
747 1987 866 2044 Litteras
884 1988 923 2044 ad
940 1987 1027 2044 Trebo-

65 2073 142 2127 nium
156 2072 248 2141 mittit,
267 2076 297 2126 ut
308 2086 391 2143 quam
402 2071 546 2136 celerrime
557 2075 654 2142 posset
665 2071 806 2142 legionem
816 2089 881 2141 xm,
897 2089 969 2145 quae
980 2086 1028 2128 cun

65 2156 95 2212 T.
109 2154 204 2212 Sextio
225 2157 318 2227 legato
334 2156 363 2211 in
376 2155 544 2226 BiturIgibus
561 2154 715 2224 hiemabat,
735 2164 895 2212 arcesseret
910 2162 989 2228 atque
1001 2156 1027 2210 ila

66 2257 129 2296 cum
142 2242 228 2297 tribus
243 2240 400 2312 legionibus
414 2240 524 2310 magnis
539 2239 682 2295 itineribus
697 2239 734 2295 ad
749 2257 780 2295 se
794 2242 913 2298 veniret

145 2327 186 2394 (α.
198 2320 253 2392 49)
270 2323 346 2380 Caes.
362 2324 386 2379 b.
399 2326 448 2380 cio.
460 2322 510 2395 II,
533 2320 588 2393 18,
602 2320 638 2383 3:
667 2322 771 2380 Caesar
788 2342 840 2397 per
856 2326 960 2381 litteras
974 2324 1026 2379 Tre

65 2409 148 2464 bonlo
160 2424 332 2480 magnopere
345 2407 542 2476 mandaverat,
562 2424 597 2464 ne
608 2408 728 2479 pervim
740 2409 875 2482 oppidum
888 2406 1027 2482 expugnari

65 2498 221 2567 pateretur,
246 2509 282 2547 ne
303 2493 417 2564 gravius
439 2492 558 2564 permoti
578 2493 679 2549 milites
701 2499 727 2547 et
745 2493 911 2549 delectionis
935 2494 1027 2550 odiool

65 2576 269 2699 contemptione
285 2577 328 2634 sui
340 2582 367 2634 et
379 2577 482 2634 diutino
495 2578 590 2633 labore
603 2593 700 2635 omues
712 2580 834 2651 puberes
846 2578 1029 2635 interficerent

429 2680 504 2719 sor.
519 2678 670 2719 nunrvnvu.

146 2751 186 2817 (α.
198 2693 253 2817 49)
269 2747 322 2806 cic
341 2749 379 2803 od
394 2748 446 2804 Ati.
471 2746 560 2818 VIII,
583 2748 619 2817 9,
635 2742 670 2808 4·
692 2765 720 2804 v1
733 2749 794 2804 Kal
807 2750 923 2823 vesperi
940 2749 1030 2805 Balbus

66 2834 155 2889 minor
170 2833 207 2888 ad
222 2848 266 2888 me
280 2834 358 2891 venit
372 2834 480 2889 occulta
493 2833 541 2890 via
560 2849 674 2888 currens
693 2833 729 2888 ad
740 2834 887 2889 Lentulum
899 2835 1030 2889 consulem

67 2919 153 2975 missu
168 2916 295 2975 Caesaris
314 2935 376 2974 cum
390 2917 501 2988 litteris,
524 2934 587 2973 cum
601 2917 755 2988 mandatis,
778 2934 841 2973 cum
855 2919 1030 2991 promissione

65 3003 243 3076 provinciae,
264 3001 382 3058 Romam
397 3009 425 3057 ut
438 3001 545 3058 redcat.

377 3104 414 3142 an
431 3103 457 3151 ο.
471 3103 572 3142 rvbrvm
587 3102 720 3142 cnsunvu.

148 3173 188 3242 (α.
201 3167 255 3242 48)
271 3171 347 3228 eccs.
360 3172 383 3226 b.
396 3174 445 3227 α’ν.
456 3170 516 3242 ΙΙΙ,
533 3166 588 3241 14,
604 3169 638 3230 12
661 3169 779 3227 Calenus
794 3169 953 3244 legionibus
965 3172 1028 3244 equi-

65 3258 194 3329 tibusque
211 3255 351 3312 Brundisii
369 3256 396 3311 in
416 3272 504 3313 neves
524 3257 675 3329 impositis,
696 3263 727 3311 ut
744 3261 803 3312 erat
822 3263 1033 3330 praeceptuma

68 3340 203 3412 Caesare,
229 3346 361 3413 quantum
381 3342 495 3399 navium
516 3343 673 3398 facultatem
692 3339 828 3412 habebat,
849 3357 940 3399 naves
961 3341 1033 3398 solvil

65 3428 235 3499 paulumque
250 3441 267 3483 a
280 3431 362 3498 portu
376 3443 545 3499 progressus
560 3428 663 3484 litteras
680 3424 830 3482 aCaesare
845 3427 961 3500 accipit,
981 3423 1033 3499 qui·

66 3514 119 3567 bus
134 3517 177 3568 cst
196 3511 297 3569 certior
312 3513 399 3570 lactus
413 3516 510 3586 portus
526 3513 662 3585 litoraque
678 3511 771 3568 omnia
785 3510 922 3568 classibus
939 3511 1032 3569 adven

68 3593 204 3653 sariorum
216 3595 314 3653 teneri.

400 3699 436 3739 no
451 3698 519 3737 svos
532 3698 705 3738 unvnorsrvu.

148 3757 247 3835 (aaa)
262 3763 374 3823 Cocalo.
387 3764 513 3835 ocul,
535 3764 590 3836 26,
612 3761 647 3825 4ε
676 3764 781 3823 Caesar
802 3766 981 3828 Brundisium
1001 3762 1033 3827 oti

612 4046 670 4092 Ἀ
718 4081 727 4092 .
