2302 4192
465 168 581 229 LIBER
602 169 624 227 l.
962 162 1023 231 227

53 320 226 385 sericordio
251 320 376 395 civium,
402 336 482 395 quos
504 319 731 382 interficiendos
745 321 885 392 videbat;
912 322 1024 399 quibus

54 406 150 469 saliis
163 412 258 482 atque
271 404 472 466 incolumibus
487 421 552 465 rcm
567 405 704 467 obtinere
715 406 854 466 malebat.
869 407 936 468 lloc
952 423 1024 469 con-

54 492 156 553 silium
177 490 318 551 Caesaris
338 490 495 566 plerisque
515 490 793 566 nonp1·0babutur;
825 491 934 553 milites
950 508 1025 556 vero

53 578 155 654 palam
169 575 249 635 inter
262 591 297 635 sc
312 575 531 651 loquebantur,
549 575 692 651 quoniam
707 576 775 636 talis
792 576 915 636 occasio
927 577 1026 640 victo·

54 662 117 722 riae
133 660 342 735 dimitteretur,
358 658 447 719 etiam
463 676 531 720 cum
545 663 637 720 uellet
649 659 775 735 Caesar,
791 676 862 720 sese
877 678 938 721 non
955 676 1025 725 esse

10 767 12 773 ·
53 751 253 823 pugnaturos.
268 744 321 803 Ille
336 744 365 802 in
382 760 438 804 sua
454 746 603 819 sententIa
614 752 791 820 perseverat
805 752 835 806 et
848 749 971 821 paulum
986 762 1024 806 ex

10 880 12 891 .
54 848 89 893 eo
104 832 177 891 loco
193 828 383 904 degreditur,
409 836 442 889 ut
463 831 601 890 timorem
617 830 801 890 aduersariis
815 831 938 892 minuat.
969 830 1024 891 Pe·

54 916 148 976 treius
167 921 259 990 atquc
278 913 423 974 Afranius
446 915 548 974 oblata
567 916 708 974 facultate
730 915 760 973 in
776 922 877 975 castra
892 932 963 976 sese
977 930 1024 975 re-

54 1002 162 1061 ferunt.
180 999 293 1059 Cacsar
307 998 468 1074 praesidiis
482 1000 635 1060 montibus
651 998 809 1074 dispositis
825 1001 906 1060 omni
920 1000 960 1060 ad
974 998 1024 1059 Hi·

10 1097 15 1127 ¹
54 1085 160 1146 berum
186 1084 351 1144 intercluso
376 1081 482 1144 itinere
504 1084 753 1159 quamproxime
774 1091 878 1160 potest
891 1084 1023 1148 hostiem

55 1170 161 1233 custrIs
179 1175 280 1229 castra
293 1167 465 1228 communit.

134 1252 266 1315 LXXIII.
299 1252 426 1313 Postero
454 1253 503 1313 die
523 1253 618 1313 duces
640 1253 886 1314 adversariorum
906 1262 1025 1332 pertur-

54 1339 130 1414 bati,
158 1338 243 1414 quod
265 1352 384 1398 omnem
404 1337 448 1399 rei
468 1338 683 1397 frumentariae
703 1336 901 1415 fluminisque
920 1338 1026 1401 Hiberi

55 1440 143 1500 spem
164 1422 355 1498 dimiserant,
381 1423 420 1482 dc
439 1422 566 1497 reliquls
587 1422 681 1483 rebus
703 1424 924 1485 consultabant.
952 1425 1026 1486 Erat

55 1525 148 1569 unum
160 1507 225 1582 iter,
241 1507 370 1567 ilerdam
385 1506 411 1567 si
425 1506 538 1567 reverti
551 1507 680 1576 vellent;
696 1509 831 1583 alterum,
847 1509 1021 1571 siTarraco·

17 1613 22 1629 ¹
54 1609 123 1652 nem
144 1597 292 1668 peterent.
320 1591 404 1651 Haeo
426 1591 654 1653 consiliantibus
676 1591 721 1652 eis
741 1593 916 1653 nuntiantur
931 1611 1020 1670 aqua·

54 1686 138 1740 tores
167 1676 205 1738 ab
232 1676 366 1753 equitatu
392 1677 489 1752 premi
510 1683 626 1737 nostro.
667 1676 731 1750 Qua
755 1692 789 1736 re
815 1679 945 1752 cognita.
959 1693 1023 1738 cre·

10 1766 12 1781 '
54 1764 127 1824 bras
154 1761 300 1824 stationes
326 1762 492 1839 disponunt
516 1761 650 1837 equitum
674 1767 704 1821 et
729 1760 898 1822 cohortium
919 1763 1024 1823 alaria-

53 1865 122 1909 rum
136 1847 382 1923 legionariasque
396 1845 567 1908 intericiunt
586 1845 719 1907 cohortis
733 1848 906 1922 vallumquc
921 1863 960 1907 cx
975 1863 1023 1907 ca-

56 1932 127 1994 strIs
146 1933 187 1993 ad
208 1947 318 2009 aquarn
333 1932 445 1993 ducere
460 1932 620 2008 incipiunt,
646 1936 679 1992 ut
693 1930 771 1990 intra
785 1931 981 1992 munitionem
995 1937 1026 1994 et

55 2017 122 2079 sine
143 2016 252 2077 timore
273 2022 304 2077 et
323 2016 389 2077 sinc
409 2017 591 2079 stationibus
606 2015 713 2091 aquari
728 2023 865 2091 possent.
894 2016 930 2077 ld
945 2033 1023 2092 opus

54 2103 133 2163 inter
147 2116 183 2161 sc
196 2100 332 2162 Petreius
346 2108 438 2178 atque
450 2101 595 2162 Afranius
609 2102 779 2177 partiuntur
793 2100 915 2178 ipsique
934 2102 1024 2177 perfi-

56 2186 161 2248 ciundi
175 2186 278 2262 operis
294 2202 389 2248 causa
402 2187 523 2262 longius
538 2187 781 2263 progrediuntur.

140 2270 271 2332 LXXIV.
294 2271 428 2345 Quorum
443 2271 586 2332 discessu
600 2271 727 2331 liberam
740 2270 822 2331 nacti
835 2272 946 2333 milites
963 2272 1023 2334 col-

55 2356 231 2433 loquiorum
250 2357 422 2418 facultatem
442 2358 534 2430 vulgo
556 2356 728 2432 procedunt
742 2362 773 2416 et
788 2372 879 2431 quem
894 2358 1025 2433 quisquc

55 2441 84 2500 in
101 2440 214 2502 castris
228 2446 333 2503 notum
348 2448 400 2502 aut
418 2440 601 2515 municipem
620 2439 754 2501 habebat
769 2440 920 2516 conquirit
934 2449 1025 2516 atquc

57 2532 176 2588 evocat.
201 2524 333 2584 Primum
347 2531 440 2600 agunt
452 2525 564 2600 grallas
580 2540 686 2586 omnes
703 2524 852 2599 omnibus,
869 2526 953 2600 quod
967 2523 1025 2584 sibi

57 2609 224 2685 perterritis
235 2609 333 2685 pridIe
343 2611 572 2685 pepercissent:
589 2625 695 2670 eorum
708 2607 900 2670 sebeneficio
912 2609 1024 2669 vivere.

56 2694 175 2756 Deinde
195 2694 386 2769 imperatoris
407 2694 498 2755 fidem
521 2701 685 2771 quaerunt,
710 2699 833 2753 rectene
855 2709 889 2754 se
910 2695 952 2753 illi
966 2693 1025 2754 sint

58 2779 261 2853 commissuri,
277 2786 307 2839 et
331 2779 414 2855 quod
428 2797 489 2841 non
504 2778 542 2839 ab
557 2777 641 2839 initio
658 2776 783 2839 fecerim
798 2794 942 2854 armaque
958 2794 1025 2838 cum

57 2862 231 2925 bominibus
252 2864 435 2924 necessariis
458 2872 488 2925 ct
502 2861 739 2938 consanguinem
755 2863 937 2923 contulerint
952 2878 1025 2938 quc·

57 2956 174 3009 ruricur.
208 2948 264 3008 His
285 2949 443 3023 provocati
464 2947 657 3009 sermonibus
677 2948 769 3007 fidem
790 2947 828 3007 ab
843 2947 1025 3023 imperatore

58 3032 97 3093 de
108 3031 209 3093 Petrei
235 3037 326 3108 atque
339 3033 456 3094 Aframi
471 3035 533 3094 vita
546 3038 661 3108 petunt,
676 3047 715 3091 ne
731 3031 815 3107 quod
830 3031 860 3090 in
875 3047 909 3091 se
923 3032 1024 3092 scelus

58 3117 242 3192 concepisse
260 3132 322 3178 neu
342 3133 416 3179 suos
431 3118 608 3195 prodidisse
620 3116 791 3177 videantur.
822 3114 936 3189 Quibus
952 3131 1024 3176 con·

57 3201 185 3262 firmatis
200 3202 293 3263 rebus
309 3217 343 3263 se
355 3192 455 3264 s'tutim
467 3203 554 3278 signa
563 3203 764 3261 translaturos
779 3199 960 3260 confirmant
982 3201 1021 3261 le·

56 3294 209 3363 gelusque
224 3286 263 3346 de
276 3303 354 3363 pace
368 3288 533 3364 primorum
548 3285 688 3347 ordinum
701 3282 893 3344 centuriones
906 3283 1025 3345 adcau-

56 3388 159 3431 sarem
173 3372 302 3432 mittunt.
328 3372 450 3435 Interim
465 3372 515 3433 alii
532 3386 607 3433 suos
618 3370 649 3430 in
661 3374 762 3429 castra
775 3367 920 3430 invitandi
932 3384 1026 3431 causa

55 3456 223 3533 adductmt,
238 3456 288 3516 alii
304 3456 342 3517 ab
356 3458 421 3521 suis
436 3458 636 3535 abducuntur,
651 3454 729 3517 adeo
741 3459 773 3516 ut
782 3469 845 3577 una
855 3460 956 3517 castra
966 3455 1025 3516 ium
1076 3523 1080 3531 ,
