2272 4176
132 448 194 515 274
438 451 488 512 DE
509 449 635 516 BELLO
658 452 772 515 clvltn

28 656 33 663 .
129 606 303 680 pellexerat.
321 603 386 679 Quo
402 605 481 667 iacto
498 606 668 667 civitatibus
683 607 887 685 tyrannisque
899 622 1026 684 maguus
1037 606 1076 669 lm-
1122 596 1125 605 '

128 695 289 764 paraverat
310 690 473 766 pecunias,
499 691 570 752 item
590 691 628 751 ab
643 691 817 766 publicanis
832 710 909 755 snae
918 693 1081 771 provinciae
1122 699 1126 707 '

129 773 261 834 debitam
275 774 387 835 biennii
401 776 562 851 pecuniam
574 783 719 850 exegerat
732 785 763 838 et
772 779 812 838 ab
824 778 922 839 isdem
930 779 1081 853 insequen-

128 858 167 918 tis
188 858 259 918 anni
280 867 413 920 mutuam
435 866 635 935 praeceperat
655 862 839 938 equitesque
852 864 908 924 toti
917 862 1082 939 prouinciae

127 942 339 1018 imperaverat.
375 944 489 1018 Quibus
516 944 630 1005 coactis
656 944 789 1006 finitimis
816 947 960 1008 hostibus
980 946 1082 1006 Partitis

127 1034 200 1104 post
213 1042 248 1088 se
262 1028 374 1088 relictis
381 1030 395 1104 ,'
413 1029 463 1102 qui
479 1030 569 1103 paulo
586 1034 656 1088 ante
668 1029 709 1088 Μ,
726 1030 871 1091 Crassum
886 1032 1083 1107 imperatorem

126 1111 341 1173 interfecerant
355 1113 430 1173 etM.
439 1112 578 1172 Bibulum
590 1114 620 1172 in
636 1113 796 1174 obsidione
811 1115 993 1190 habuerant,
1006 1114 1084 1189 legio·

126 1211 184 1258 ues
199 1195 380 1272 equitesque
393 1214 432 1256 ex
440 1196 531 1274 Syria
546 1197 724 1258 deduxerat.
741 1198 962 1275 Summamque
976 1201 1005 1259 in
1018 1198 1085 1258 solli·

129 1281 290 1344 citudinem
305 1297 342 1341 ac
357 1282 495 1342 timorem
508 1280 639 1341 Parthici
654 1282 725 1341 belii
739 1284 903 1357 provincia
917 1300 987 1345 curn
999 1282 1084 1343 venis·

129 1373 192 1441 set,
217 1383 254 1426 ac
275 1368 438 1426 nonnullae
459 1365 584 1424 militum
605 1381 699 1425 voces
716 1381 784 1426 cum
799 1369 996 1443 audirentur,
1019 1381 1085 1440 sese,

129 1458 236 1513 contra
249 1450 369 1510 hostem
385 1451 411 1509 si
426 1451 617 1521 ducerentur,
634 1450 739 1526 ituros,
757 1460 864 1512 contra
878 1452 978 1512 ciuem
989 1458 1018 1512 et
1027 1466 1083 1510 con-

130 1537 227 1597 sulem
241 1551 326 1594 arma
340 1552 400 1595 non
414 1536 539 1607 laturos
555 1535 694 1595 deductis
708 1535 890 1611 Pergamum
906 1543 1000 1612 atque
1013 1536 1039 1594 iu
1050 1536 1086 1595 lo·

130 1616 354 1695 cupietissimas
368 1619 460 1679 urbes
476 1618 505 1676 in
521 1617 648 1678 hiberna
663 1620 834 1694 legionibus
849 1621 1004 1681 maximas
1013 1619 1086 1693 largi·

128 1704 227 1765 tiones
242 1702 313 1763 tecit
328 1711 357 1763 et
372 1703 649 1765 confirmandorum
662 1704 787 1766 militum
802 1708 900 1765 causa
914 1704 1086 1781 diripiendas

128 1787 176 1849 his
192 1786 329 1848 civitates
345 1788 436 1847 dedit.

212 1872 329 1932 XXXII.
345 1872 466 1931 Interim
482 1870 679 1932 acerbissime
693 1872 861 1947 imperatae
876 1872 1028 1949 pecuniae
1038 1878 1086 1932 tota

128 1956 288 2034 prouincia
311 1956 519 2030 exigebantur.
559 1955 653 2016 Multa
678 1963 838 2030 praeterea
865 1958 1034 2031 generatim
1057 1956 1093 2023 ad,

129 2042 286 2103 avaritiam
308 2040 568 2114 excogitabantur.
590 2042 623 2099 In
639 2041 738 2114 capitu
753 2041 875 2114 singulo
890 2057 1048 2102 servorum
1059 2054 1088 2099 ac

129 2127 294 2187 liberorum
318 2125 461 2185 tributum
493 2124 712 2200 imponebatur3
740 2126 942 2200 columnaria,
971 2124 1089 2197 ostiario,

130 2212 327 2285 frumentum,
342 2210 466 2282 milites,
482 2225 581 2282 arma,
603 2209 749 2283 remiges,
771 2216 938 2285 tormenta,
960 2216 1090 2270 vecturae

129 2295 371 2369 imperabantur;
384 2290 621 2354 cuiusmodorei
635 2309 745 2352 nornen
760 2294 889 2368 reperiri
902 2302 1032 2368 poterat,
1043 2294 1089 2354 hot

130 2379 203 2440 satis
221 2394 292 2438 esse
310 2379 350 2436 ad
368 2378 523 2452 cogendas
543 2377 690 2453 pecunias
712 2378 878 2437 videbatur.
915 2378 985 2439 Non
1006 2381 1090 2440 sotum

129 2463 255 2523 urbibus
271 2462 325 2521 scd
341 2477 440 2537 paene
455 2462 530 2522 vicis
547 2462 743 2536 castellisque
758 2462 887 2536 singulis
904 2463 1018 2538 singuli
1035 2477 1091 2523 cunr

128 2546 256 2621 imperio
269 2546 531 2620 praeficiebantur.
547 2546 602 2620 Qui
615 2546 721 2607 horum
736 2547 808 2621 quid
823 2547 1026 2607 acerbissime
1036 2562 1090 2607 cru·

130 2630 347 2705 delissimeque
363 2631 491 2704 lecerat,
516 2632 543 2690 is
567 2637 596 2690 et
614 2631 662 2688 vir
682 2637 712 2690 et
727 2631 803 2690 citis
819 2631 954 2706 optimus
972 2631 1091 2691 habeba·

130 2723 187 2776 tur.
215 2715 287 2775 Erat
309 2716 400 2789 plena
420 2715 559 2775 lictorum
581 2722 611 2774 et
632 2715 827 2790 imperiorum
843 2716 1021 2791 provincia,
1046 2713 1093 2774 dii·

131 2801 208 2860 ierta
221 2800 384 2875 praesectis
406 2806 497 2874 atque
519 2800 730 2873 exactoribus,
757 2800 807 2873 qui
830 2807 953 2875 praeter
974 2801 1093 2875 impera·

130 2892 177 2945 tas
199 2884 345 2960 pecuales
367 2901 424 2944 suo
446 2885 534 2945 etiam
555 2884 673 2959 privato
703 2885 885 2958 compendio
913 2885 1094 2944 serviebantr

131 2969 306 3030 dictitabant
327 2969 462 3028 enimse
483 2970 574 3029 domo
600 2968 759 3043 patriaque
786 2971 936 3044 expulsos
963 2969 1094 3030 omnibus

131 3053 315 3113 necessariis
337 3069 429 3128 cgere
448 3054 557 3128 rebus,
582 3061 615 3113 ut
634 3053 764 3113 honesta
780 3055 1026 3128 praescriptione
1040 3069 1095 3111 rem

131 3137 336 3213 turpissimam
357 3146 502 3212 tegerent.
531 3137 728 3198 Accedebant
749 3138 787 3198 ad
810 3138 885 3198 haec
900 3139 1096 3213 gravissimae

131 3238 252 3298 usurae,
269 3222 353 3296 quod
367 3222 397 3281 in
413 3223 492 3283 bello
509 3225 688 3298 plerumque
700 3222 840 3281 accidere
851 3223 1022 3296 consuevit,
1036 3220 1093 3280 uni·

130 3306 229 3368 versis
251 3307 406 3381 imperatis
428 3308 585 3382 pecuniis3
616 3306 726 3382 quibus
748 3306 777 3365 in
793 3307 886 3367 robus
902 3308 1096 3382 prolationem

131 3391 191 3452 diei
212 3391 406 3453 donationem
428 3407 499 3452 esse
514 3392 664 3452 dicebant.
694 3391 799 3465 ltaque
815 3407 868 3451 aes
883 3393 1016 3451 alienum
1032 3406 1095 3465 pro-

130 3476 249 3536 vinciae
270 3493 307 3538 eo
328 3476 450 3537 biennio
472 3477 700 3551 multiplicatum
721 3483 777 3535 cst.
805 3475 912 3551 Neque
937 3477 1037 3537 minus
1061 3473 1095 3534 ob

131 3574 199 3618 eam
214 3576 338 3622 causam
354 3561 625 3623 civibusRomanis
641 3561 706 3620 eius
722 3560 907 3635 provinciae,
924 3561 1024 3620 sedin
1040 3560 1094 3618 sin·

131 3644 221 3717 gulos
243 3654 409 3708 conventus
439 3648 637 3723 singulasque
664 3646 801 3706 civitates
824 3653 925 3705 certae
953 3643 1095 3719 pecuniae

132 3726 373 3805 imperabantur,
402 3740 585 3806 mutuasque
600 3733 667 3790 illas
682 3747 721 3790 ex
736 3731 1007 3791 senatusconsulto
1022 3726 1093 3792 exiri
