2272 4176
126 498 184 559 116
391 513 571 557 cessiones
591 514 632 554 cn
656 514 835 558 sermones

123 680 186 723 rem
201 661 347 740 publicam
359 659 423 721 tuso
434 660 593 735 sanguine?
608 661 716 724 Fessus
726 661 887 722 scribundo
901 661 1094 737 mittundoque

123 745 234 821 legatos
256 745 349 803 omnis
370 760 440 821 opes
455 750 483 803 et
502 760 568 820 spes
590 749 716 822 privatas
735 762 815 806 meas
833 745 1016 822 consumpsi,
1039 760 1094 803 cun

124 831 241 890 interim
259 846 275 887 a
295 826 376 887 vobis
396 843 450 904 per
470 828 630 887 triennium
651 832 696 889 vix
723 846 837 889 annuus
859 835 1001 905 sumptus
1023 826 1096 887 datus

90 917 176 979 aest,
196 911 253 971 Per
276 911 346 970 deos
366 908 537 977 inmortalis,
560 916 661 972 utrum
684 913 807 972 censetis
824 930 874 971 me
895 913 993 970 vicem
1014 910 1095 970 aerari

123 1003 282 1074 praestare,
300 1011 336 1053 an
356 994 516 1054 exercitum
535 994 597 1053 sine
615 996 760 1056 frumento
779 1004 807 1054 et
825 994 976 1071 stipendio
998 992 1114 1072 haberes

90 1078 227 1156 ipossct
266 1077 408 1155 Equidem
428 1075 521 1135 fateor
538 1094 586 1136 me
607 1078 643 1137 ad
664 1076 850 1137 bochellum
872 1079 991 1136 maiore
1014 1076 1096 1136 studio

124 1180 212 1241 quam
230 1159 349 1221 consilio
362 1158 542 1237 proiectum:
564 1161 672 1238 quippe
688 1163 736 1237 qui
758 1163 878 1220 nomine
900 1160 994 1219 modo
1015 1160 1097 1238 inpcri

124 1264 140 1305 a
162 1244 242 1304 vobis
265 1249 385 1322 accepto
402 1241 504 1302 diebus
523 1244 713 1320 quadraginta
735 1245 899 1303 exercitum
919 1244 1033 1320 paravi,
1054 1241 1097 1301 bc·

125 1331 234 1406 stisque
263 1329 293 1387 in
316 1325 478 1387 cervicibus
504 1329 561 1385 iam
589 1325 688 1386 ltaliae
715 1328 827 1402 agentis
854 1325 893 1385 ab
925 1326 1051 1403 Alpibus
1074 1326 1097 1384 iu

124 1412 292 1487 Hispaniam
322 1409 463 1470 submovi.
504 1409 560 1468 Per
582 1427 631 1469 eas
652 1411 708 1469 iter
736 1409 814 1470 aliud
836 1415 927 1487 atque
951 1407 1121 1481 Hannibal,

92 1513 108 1564 s
125 1495 209 1556 nobis
227 1494 408 1571 oportunius,
425 1492 557 1569 patefeci.
576 1491 683 1570 Recepi
699 1491 820 1554 GaHiam
834 1492 1037 1572 Pyrenaeum,
1054 1493 1098 1552 Ia·

127 1579 268 1638 ceteniam
287 1575 433 1652 Indigetis,
455 1582 485 1635 et
504 1577 630 1654 primum
648 1578 779 1652 inpetum
791 1575 906 1636 Sertori
921 1578 1043 1637 victoris
1056 1593 1097 1636 no·

126 1663 168 1720 vis
183 1658 320 1719 militibus
338 1664 366 1719 et
382 1657 474 1717 multo
489 1657 675 1736 paucioribus
690 1658 834 1720 substinui
850 1659 1044 1739 hiememque
1060 1677 1098 1719 ca·

126 1745 193 1803 stris
220 1744 295 1802 inter
315 1743 507 1809 saevissumos
528 1740 627 1810 hostie,
655 1760 714 1801 uon
741 1761 795 1820 per
819 1742 931 1819 oppida
954 1762 1053 1822 neque
1071 1759 1097 1802 er

93 1841 111 1896 a
127 1825 283 1887 ambitione
301 1843 365 1885 mea
384 1827 439 1903 egi.
476 1823 551 1894 Quid
575 1825 683 1886 deinde
703 1825 814 1904 proelia
836 1831 890 1886 aut
909 1826 1115 1905 expeditiones
1135 1857 1136 1860 =

128 1910 279 1977 hibernas,
310 1908 415 1986 oppida
443 1910 538 1974 excisa
563 1915 612 1969 aut
637 1915 756 1986 recepta
774 1911 972 1969 enumerem?
996 1908 1096 1989 quando

127 2012 175 2054 res
196 1991 261 2071 plus
281 1991 356 2052 valet
378 1991 584 2073 quamlrerba.
624 1991 723 2052 Castra
747 1992 876 2051 hostiurn
899 1994 983 2069 apud
1005 1995 1095 2053 Sucro

127 2095 194 2137 nem
208 2081 290 2152 capta
306 2081 334 2134 et
349 2076 494 2152 proelium
512 2075 587 2151 apvud
605 2075 714 2135 flumen
730 2075 849 2135 Turiam
863 2081 893 2149 et
905 2076 969 2137 dux
985 2078 1096 2136 hostiurn

128 2160 334 2220 G.Herennius
350 2176 417 2218 cum
432 2157 506 2218 urbe
518 2157 645 2219 Valentia
660 2166 688 2219 et
699 2161 828 2220 exercitu
844 2157 935 2218 deleti
951 2163 1022 2220 satis
1033 2160 1095 2220 clara

128 2243 208 2301 robis
222 2248 303 2300 sunt:
323 2259 378 2318 pro
401 2243 480 2319 quis,
504 2244 613 2317 ograti
634 2249 740 2319 patres,
765 2247 928 2317 egestatem
952 2251 983 2303 et
1005 2245 1113 2303 laneus

127 2325 255 2385 redditis
278 2324 379 2402 ltaque
394 2342 460 2385 mco
479 2332 507 2385 et
521 2325 648 2385 bostium
670 2327 811 2386 exercitui
828 2342 884 2402 par
900 2327 1029 2386 conditio
1051 2334 1095 2386 est:

95 2426 110 2473 7
128 2426 254 2485 namque
273 2408 447 2483 stIpendium
460 2410 557 2468 neutri
573 2409 672 2469 datur:
694 2410 787 2469 victor
807 2415 936 2488 uterque
951 2412 982 2469 in
1001 2411 1097 2470 ltaliam

95 2504 111 2554 8
129 2492 227 2551 venire
250 2496 353 2567 potest.
376 2491 460 2562 Quod
475 2508 530 2567 ego
545 2510 596 2552 vos
614 2510 718 2552 moneo
736 2510 905 2570 quaesoque
929 2500 963 2552 ut
983 2492 1096 2553 animad-

129 2576 256 2642 vortatis,
278 2591 336 2634 neu
355 2576 463 2651 cogatis
477 2575 696 2636 necessitatibus
708 2577 841 2652 privatim
857 2576 933 2636 mihi
946 2575 1095 2637 consulere.

11 2688 15 2703 ·
96 2656 297 2734 9Hispaniam
318 2659 498 2727 citeriorem,
523 2679 579 2738 qua
600 2676 660 2718 non
685 2658 721 2717 ab
745 2659 879 2719 hostibus
901 2666 1034 2728 tenetur,
1056 2672 1113 2719 noss

131 2747 180 2800 aut
200 2741 347 2800 Sertorius
367 2741 404 2800 ad
430 2743 659 2804 internecionem
679 2744 853 2803 vastavimus
879 2752 1002 2820 praeter
1024 2744 1096 2804 mari·

131 2831 225 2884 tumas
242 2825 375 2891 civitates,
393 2823 470 2884 ultro
485 2827 569 2886 nobis
586 2828 714 2903 sumptui
732 2827 883 2905 onerique.
914 2827 1008 2888 Gallia
1027 2846 1097 2905 supe

132 2908 210 2965 riore
232 2924 307 2964 arrno
330 2906 436 2967 Metelli
459 2911 619 2970 exercitum
639 2910 782 2986 stipendio
805 2910 1017 2990 frumentoque
1044 2911 1098 2972 aluit
1131 2925 1136 3010 ρ

11 3068 13 3077 Ι
133 2998 161 3049 61
182 3006 260 3048 nuuc
282 2989 362 3049 malis
384 2990 526 3051 fructibus
547 2995 610 3070 ipsa
631 2995 676 3051 vix
699 2995 795 3068 agitat.
818 2993 882 3070 Ego
904 3012 967 3053 non
988 3015 1049 3056 rem
1066 2994 1097 3052 sa·
1132 3023 1136 3072 p

83 3089 115 3152 ιο
132 3072 274 3133 militarem
292 3074 387 3147 modo,
412 3079 612 3137 verumetiam
631 3076 718 3136 fidem
733 3079 912 3153 consumpsi,
937 3078 1050 3140 Relicui
1062 3088 1116 3136 voss
1134 3103 1136 3120 2

66 3208 69 3215 .
134 3157 220 3217 estis:
243 3158 292 3234 qui
314 3157 368 3217 nisi
382 3157 549 3228 subvenitis
570 3162 657 3219 invito
686 3165 715 3218 et
740 3161 931 3237 praedicente
961 3181 1009 3223 me
1031 3176 1099 3222 exer·

134 3243 207 3300 citus
229 3238 296 3300 hinc
318 3247 347 3300 et
372 3259 438 3301 cum
466 3260 500 3300 eo
523 3262 608 3303 ornuc
635 3241 744 3302 bellum
772 3243 932 3321 Hispaniae
954 3247 984 3305 in
1005 3245 1101 3306 Italian

135 3325 396 3401 transgredientur.

345 3458 445 3518 Oratio
465 3459 567 3519 Macri
583 3461 648 3518 trio.
665 3461 744 3534 pleb.
768 3461 810 3518 od
823 3463 861 3536 pl
879 3462 905 3519 d.

536 3557 580 3621 (Η.
600 3559 641 3608 ru
657 3557 709 3622 cr).

101 3674 117 3726 1
219 3659 262 3724 Si,
287 3657 426 3726 Quirites,
449 3675 554 3734 parum
576 3660 803 3725 existumaretis,
842 3661 914 3737 quid
942 3664 1075 3724 interius
1092 3668 1123 3716 61

135 3739 446 3836 6161661166ρ61161ωῐι
466 3740 547 3801 vobis
570 3748 598 3802 et
616 3741 672 3800 boc
691 3759 707 3800 a
723 3741 803 3802 Sulla
816 3750 958 3822 paratum
971 3747 1106 3807 servitium
