2272 4176
40 39 195 119 π”ᾍη

471 188 586 253 LIBER
606 192 658 252 VI.
992 190 1053 254 105

80 354 228 420 laturum,
247 345 383 422 ⁴'reliqua
407 345 473 406 eius
500 345 628 407 consilia
653 345 752 406 anhno
779 345 1051 422 circumspiciebat.

81 431 172 492 Erant
191 430 329 506 Menapii
356 431 521 506 propinqui
541 431 718 491 Eburonum
739 430 867 507 finibus,
895 433 1052 507 perpetuis

82 517 246 592 paludibus
262 515 412 591 silvisque
424 516 548 591 muniti,
571 517 622 591 qui
637 516 689 576 uni
704 532 743 575 ex
759 517 855 576 Gallia
869 516 908 576 de
922 532 999 592 pace
1014 518 1053 578 ad

83 602 244 662 Caesarem
259 601 377 674 legatos
398 616 564 676 numquam
578 600 732 660 miserant.
763 600 836 661 Cum
850 600 897 661 his
913 616 983 661 esse
998 600 1052 662 ho·

86 686 203 762 spitium
222 684 393 760 Ambiorigi
418 686 549 754 sciebat;
575 686 645 744 item
671 702 727 761 per
753 687 903 746 Treveros
928 686 1053 746 venisse

87 768 240 832 Gemranis
256 771 285 828 in
301 770 460 832 amicitiam
476 777 669 844 cognoverat.
698 769 782 830 Haec
796 770 881 847 prius
896 771 938 830 illi
954 770 1052 830 detra-

86 855 181 915 henda
202 853 317 914 auxilia
337 854 529 915 existimabat
550 870 641 930 quam
661 854 761 930 ipsum
783 856 862 915 bello
877 856 1052 930 lacesseret,
1114 862 1118 871 ⁴

88 956 121 1000 ue
135 941 301 1014 desperata
315 939 414 999 salute
431 947 483 998 aut
503 954 538 998 se
558 940 587 997 in
602 939 762 1014 Menapios
777 940 904 999 abderet
918 946 971 999 aut
984 955 1053 999 cum

88 1023 322 1085 Transrhenanis
339 1024 484 1098 congredi
500 1031 669 1097 cogeretur.
694 1025 760 1084 Hoc
774 1025 848 1084 inito
864 1024 991 1085 consilio
1007 1031 1051 1086 to-

40 1100 43 1117 '
91 1110 140 1169 tius
154 1110 309 1168 exercitus
325 1108 541 1183 impedimenta
556 1109 595 1166 ad
603 1108 767 1168 Labienum
783 1110 812 1167 in
820 1110 970 1169 Treveros
986 1109 1051 1170 mit-

42 1190 45 1207 '
91 1195 117 1253 tit
135 1195 276 1269 duasque
296 1193 434 1268 legiones
456 1193 496 1251 ad
516 1208 585 1251 eum
607 1192 761 1268 proficisci
777 1193 874 1263 iubet3
901 1194 969 1270 ipse
984 1209 1051 1253 cum

44 1318 49 1355 ·.
92 1278 254 1353 legionibus
277 1277 429 1352 expeditis
453 1277 588 1352 quinque
609 1278 638 1335 in
652 1277 812 1352 Menapios
838 1279 1051 1353 proficiscitur.

47 1436 50 1441 Ι
92 1363 127 1423 llli
144 1363 228 1422 nulla
249 1369 357 1423 coacta
376 1378 467 1421 manu
488 1362 547 1421 loci
561 1362 714 1435 praesidio
730 1363 797 1422 freti
811 1363 840 1421 in
857 1363 950 1423 silvas
966 1364 1051 1442 palu-

93 1448 199 1524 desque
216 1447 397 1521 confugiunt
411 1463 529 1521 suaque
545 1447 654 1506 eodem
670 1448 838 1507 conserunt.

162 1533 216 1591 Vl.
239 1532 352 1592 Caesar
373 1531 491 1606 partitis
508 1531 606 1604 copiis
623 1547 691 1591 cum
707 1532 782 1592 Gaio
796 1532 890 1592 Fabio
906 1532 1007 1606 legato
1023 1539 1053 1592 et

92 1615 183 1677 Marco
212 1617 324 1676 Crasso
353 1623 517 1691 quaestore
543 1615 742 1691 celeriterque
768 1617 885 1676 effectis
906 1617 1051 1691 pontibus

93 1701 145 1761 adit
156 1701 316 1776 tripertito,
332 1700 471 1759 aedificia
484 1700 633 1775 vicosque
648 1700 788 1775 incendit
804 1717 914 1775 magno
930 1701 1052 1775 pecoris

93 1793 173 1860 atque
186 1786 344 1846 hominum
359 1800 485 1844 nmnero
502 1785 623 1860 potitur.
647 1785 761 1858 Quibus
776 1785 868 1844 rebus
884 1785 1049 1845 coacthe·

45 1910 48 1916 -
94 1871 163 1945 napii
184 1874 303 1945 legatos
325 1870 364 1929 ad
386 1885 454 1929 eum
468 1869 554 1944 pacis
569 1871 719 1944 petendae
734 1885 828 1929 causa
841 1870 969 1930 mittunt.
999 1870 1052 1929 llle

95 1955 242 2015 obsidibus
259 1954 395 2029 acceptis
409 1953 543 2014 hostium
565 1970 599 2014 se
613 1954 784 2015 habiturum
800 1969 925 2014 numero
942 1954 1042 2014 confir

42 2082 45 2093 .
94 2047 158 2113 mat,
182 2040 209 2098 si
231 2047 283 2099 aut
297 2038 504 2113 Ambiorigem
520 2045 571 2098 aut
586 2040 650 2098 eius
667 2040 782 2112 legatos
798 2039 909 2099 finibus
925 2040 989 2099 suis
1004 2055 1051 2099 re-

94 2125 246 2197 cepissent.
286 2125 342 2183 His
369 2124 554 2183 confirmatis
578 2125 671 2208 rebus
694 2124 857 2184 Commium
877 2125 1052 2184 Atrebatem

42 2216 45 2229 ¹
94 2223 152 2265 cum
166 2209 302 2284 equitatu
317 2209 455 2268 custodis
470 2210 539 2268 loco
555 2209 584 2267 in
599 2208 750 2284 Menapiis
765 2209 924 2285 relinquit;
939 2209 1007 2285 ipse
1022 2208 1051 2268 in

93 2292 230 2354 lreveros
246 2294 460 2369 proficiscitur.

50 2428 53 2433 .
164 2379 229 2437 Vll.
252 2380 329 2438 Dum
345 2377 421 2437 haec
437 2395 455 2436 a
471 2378 601 2437 Caesare
616 2387 774 2453 geruntur,
797 2378 919 2438 Treveri
935 2377 1051 2452 magnis

94 2465 196 2523 coactis
213 2464 369 2538 peditatus
385 2463 600 2538 equitatusque
616 2465 713 2538 copiis
728 2464 894 2523 Labienum
910 2479 978 2523 cum
992 2477 1053 2521 una

93 2547 214 2622 legione,
233 2548 357 2624 quaein
374 2563 479 2608 eorum
494 2548 605 2607 finibus
621 2547 819 2623 hiemaverat,
835 2547 948 2607 adoriri
963 2562 1051 2620 para-

93 2631 166 2706 bant,
192 2634 316 2708 iamque
331 2634 368 2692 ab
388 2649 424 2693 eo
440 2649 500 2691 non
522 2633 642 2707 longius
657 2634 741 2693 bidui
755 2634 804 2692 via
818 2633 958 2707 aberant,
984 2646 1053 2691 cum

92 2718 157 2776 duas
172 2718 308 2783 venisse¹
319 2718 456 2792 legiones
472 2718 568 2777 missu
585 2719 723 2778 Caesaris
739 2725 938 2791 cognoscunt.
967 2716 1052 2776 Posi-

91 2802 120 2863 tis
134 2803 241 2864 castris
258 2820 277 2862 a
290 2803 411 2863 milibus
427 2819 574 2878 passuum
590 2820 631 2860 xv
645 2804 758 2862 aurxilia
767 2803 983 2862 Germanorum
999 2817 1052 2858 ex-

89 2899 202 2962 pectare
224 2890 421 2951 constituunt.
451 2888 602 2947 Labienus
624 2887 757 2947 hostium
781 2887 901 2962 cognito
924 2885 1051 2947 consilio

88 2989 209 3048 sperans
231 2973 399 3035 temeritate
423 2989 528 3032 eorum
550 2973 615 3031 lore
630 2973 762 3048 aliquam
778 2971 941 3032 dimicandi
957 2969 1051 3030 lacul-

86 3065 179 3135 tatem,
189 3058 348 3135 praesidio
366 3058 501 3133 quinque
523 3057 691 3117 cohortium
707 3056 930 3132 impedimentis
945 3056 1051 3115 relicto

85 3158 146 3204 cum
166 3162 233 3203 xxv
256 3142 434 3203 cohortibus
456 3158 629 3216 magnoque
651 3143 785 3217 equitatu
806 3147 912 3200 contra
931 3140 1052 3201 hostem

84 3231 285 3304 proficiscitur
307 3235 337 3286 et
356 3228 437 3285 mille
459 3243 607 3301 passuum
629 3227 800 3287 intermisso
828 3225 928 3299 spatio
951 3234 1053 3286 castra

82 3316 252 3376 communit.
292 3312 365 3371 Erut
391 3313 466 3370 inter
486 3312 651 3371 Labienum
680 3319 771 3386 atque
795 3311 915 3370 hostem
937 3312 1051 3372 difficili

81 3402 203 3461 hansitu
216 3399 334 3459 flumen
345 3397 483 3472 ripisque
491 3405 673 3471 praeruptus.
685 3397 752 3456 Hoc
762 3411 864 3474 nequo
873 3395 943 3472 ipse
955 3404 1052 3456 trans·

79 3486 121 3548 ire
139 3484 272 3549 habebat
290 3482 322 3543 in
342 3483 442 3544 animo
464 3497 565 3546 necue
581 3483 689 3549 hostes
706 3484 897 3551 transiturus
911 3483 1073 3546 sustuna-
