2272 4176
330 39 1105 349 -

18 510 21 515 .
88 459 106 518 2
226 476 269 516 nn
295 472 470 516 carrarum:
493 471 744 515 eonrvnenrorue.
768 471 797 513 e.
820 463 848 517 2
870 464 897 519 3.
915 465 941 519 t.

87 643 136 685 res
150 625 297 684 humanae
310 621 470 691 baberent,
488 638 586 700 neque
601 619 679 681 aliud
694 619 752 681 alio
767 620 843 682 lerri
856 637 952 702 neque
965 626 1059 685 mutari

63 728 123 774 iae
137 708 255 767 misceri
270 708 367 766 omnia
382 722 530 766 cerneres.
556 704 631 765 Nam
643 705 790 783 inperium
807 704 894 766 laoile
910 707 950 767 eis
960 706 1059 767 artibus

63 793 241 859 aretinetur,
265 790 372 869 quibus
386 790 468 849 initio
488 795 616 867 partum*
628 794 688 848 est:
712 806 817 849 rerum
832 789 885 851 ubi
899 806 954 869 pro
970 789 1057 851 labore

92 875 217 943 desidia,
241 891 297 952 pro
312 874 490 933 continentia
507 879 535 932 et
550 873 694 951 aequitate
713 871 817 933 lubido
834 878 923 953 atque
937 873 1057 953 superbia

64 962 239 1027 binvasere,
273 957 391 1017 fortuna
410 955 510 1017 -simul
542 974 611 1017 oum
640 955 775 1017 moribus
803 957 975 1018 inmutetur.
1023 957 1076 1019 llas

90 1043 237 1120 inperium
264 1058 381 1119 semper
408 1039 445 1099 ael
474 1047 627 1118 optumum
653 1057 800 1118 quemque
828 1059 844 1101 a
872 1042 968 1103 miuus
994 1041 1058 1101 bonu

89 1125 276 1187 transfertur.

65 1225 81 1273 7
177 1208 257 1279 Quae
279 1208 412 1268 homines
427 1213 511 1268 arant
527 1209 663 1284 navigant
680 1207 844 1277 aedificant,
867 1209 965 1269 virtuti
979 1210 1060 1268 omnia

66 1300 205 1373 sperent.
246 1292 297 1352 Set
314 1291 397 1351 multi
411 1292 551 1353 mortales
566 1292 655 1352 dediti
669 1292 764 1351 ventri
783 1297 873 1370 atque
890 1309 1005 1361 somno,
1024 1293 1060 1351 in-

92 1378 169 1437 docti
183 1375 342 1453 incultique
356 1376 444 1435 ritam
464 1376 550 1436 sicuti
561 1375 784 1453 peregrinantes
796 1377 952 1445 transiere,
970 1374 1086 1454 qiibauo

90 1460 224 1538 prolecto
241 1468 343 1518 contra
358 1465 493 1519 naturam
506 1475 614 1537 corpus
627 1458 780 1537 voluptati,
799 1460 896 1519 anima
913 1461 994 1519 oneri
1008 1459 1059 1519 luit.

91 1544 201 1604 Eorum
221 1558 275 1617 ego
296 1544 383 1601 vitam
403 1549 588 1622 mortemque
609 1544 687 1603 iuxta
709 1549 852 1611 aestumo,
878 1544 1012 1623 quemme
1032 1543 1061 1601 tle

67 1634 217 1703 antraque
237 1624 348 1685 siletur.
392 1625 502 1687 Verum
525 1629 673 1687 enimvero
695 1627 719 1685 is
741 1626 862 1686 demum
885 1627 957 1687 mibi
977 1628 1059 1686 urere

93 1717 179 1788 atque
197 1708 255 1768 lrui
270 1710 367 1769 anima
383 1711 512 1780 videtur,
530 1712 581 1789 qui
599 1709 695 1787 aliquo
711 1711 829 1786 negotio
847 1711 976 1771 intentus
990 1727 1061 1787 prae-

93 1794 164 1853 clari
178 1793 315 1852 facinoris
331 1800 381 1853 aut
395 1796 465 1854 artis
479 1794 575 1855 bonae
591 1794 697 1854 famam
713 1795 837 1873 quaerit.
860 1793 912 1855 Set
925 1796 955 1854 in
971 1808 1086 1868 magnae

93 1878 176 1955 copia
194 1895 296 1937 rerum
315 1876 392 1937 aliutl
415 1876 462 1938 alii
483 1886 588 1938 natura
613 1879 669 1937 iter
690 1876 824 1937 ostendit.

62 1959 81 2018 3
177 1960 319 2021 Pulcrum
337 1969 381 2021 est
400 1960 477 2022 bene
493 1962 590 2022 lacere
609 1962 654 2021 rei
672 1959 822 2037 publicae,
840 1963 929 2022 etiam
944 1961 1017 2021 bene
1029 1961 1062 2020 ali-

94 2064 162 2105 cere
183 2045 255 2105 haut
275 2045 437 2105 absurdum
460 2052 518 2106 est:
548 2044 593 2105 vel
615 2062 688 2122 pace
709 2044 755 2104 vel
777 2043 856 2104 bello
881 2045 993 2105 clarum
1012 2045 1064 2103 lieri

93 2129 174 2189 licet:
191 2135 220 2188 et
237 2130 286 2206 qui
303 2129 401 2190 iecere
417 2138 445 2189 et
460 2131 509 2208 qm
524 2129 598 2189 iacta
616 2128 741 2188 aliorum
755 2130 904 2207 scripsere
917 2128 999 2188 multi
1013 2127 1064 2187 lau·

70 2214 212 2273 alantur.
247 2213 289 2272 Ac
306 2213 377 2272 urilri
393 2214 525 2291 quidem,
542 2213 655 2272 tametsi
668 2211 890 2290 hautquaquam
910 2230 965 2290 par
986 2211 1091 2288 glorian

95 2298 226 2374 sequitur
239 2298 413 2374 scriptorem
430 2304 458 2357 et
473 2304 602 2357 actorem
616 2313 733 2363 rerum,
753 2302 852 2374 tamen
870 2298 901 2356 in
916 2298 1015 2374 primis
1028 2313 1067 2354 ar-

95 2382 186 2441 duum
201 2379 316 2439 videtur
335 2398 385 2441 res
405 2388 501 2455 gestas
515 2379 661 2440 scribere:
683 2379 811 2457 primum
830 2381 910 2459 quod
929 2380 1002 2440 laeta
1017 2379 1068 2438 dic-

94 2467 131 2524 tis
153 2464 341 2540 exaequanda
360 2470 444 2533 sunt,
466 2465 572 2525 debinc
585 2465 651 2541 quia
666 2462 800 2540 plerique
818 2481 894 2541 quae
913 2463 1016 2524 delicta
1029 2480 1068 2521 ru-

95 2547 287 2626 prebenderis
314 2547 507 2608 malivolentia
538 2555 566 2608 et
589 2548 694 2608 invidia
717 2547 793 2606 dicta
815 2553 935 2625 putant,
965 2546 1014 2606 ubi
1039 2548 1069 2604 tle

96 2648 203 2707 magna
225 2632 331 2692 virtute
350 2639 437 2710 atque
461 2631 554 2709 gloria
575 2631 722 2692 bonorum
739 2648 905 2700 memores,
928 2650 1003 2709 quae
1023 2629 1095 2695 sibi„

96 2718 218 2795 quisque
240 2714 335 2776 facilia
357 2715 435 2777 lactu
457 2722 540 2793 putat
558 2734 652 2795 aequo
674 2716 771 2775 animo
793 2716 909 2792 accipit,
934 2733 1021 2793 snpra
1042 2733 1069 2772 ea

96 2799 184 2860 ueluti
206 2800 274 2860 ficta
294 2816 348 2879 pro
368 2800 447 2860 lalsis
468 2800 557 2860 ducit.

71 2899 86 2946 a
182 2883 233 2943 Set
254 2901 309 2960 ego
328 2883 564 2949 adulescentulus
580 2884 661 2943 initio
680 2883 765 2942 sicuti
779 2881 915 2960 plerique
931 2883 1025 2943 studio
1040 2881 1070 2940 al

96 2986 159 3028 rem
175 2966 324 3044 publicam
339 2968 415 3029 latus
435 2985 516 3036 snm,
540 2967 639 3047 ibique
653 2966 725 3026 milri
739 2965 830 3026 multa
845 2967 971 3027 advorsa
987 2966 1070 3025 luere.

95 3052 170 3112 Nam
184 3069 238 3130 pro
256 3052 379 3130 pudore,
395 3069 450 3129 pro
464 3051 653 3119 abstinentia,
671 3068 726 3128 pro
741 3051 848 3110 virtute
867 3050 1005 3118 audacia,
1021 3049 1100 3114 lar-u

74 3138 175 3212 agitio,
192 3137 310 3213 avaritia
327 3135 471 3211 vigebant.
503 3135 584 3206 Quae
598 3134 712 3194 tametsi
727 3135 841 3193 animus
856 3134 1073 3211 aspernabatur.

97 3219 226 3280 insolens
242 3218 387 3279 malarum
404 3221 525 3288 artium,
542 3226 640 3279 tamen
661 3220 737 3277 inter
757 3223 836 3276 tanta
856 3219 924 3277 vitia
947 3217 1073 3277 inbecilla

74 3311 179 3366 nactas
202 3303 359 3363 ambitione
376 3309 520 3381 conrupta
534 3301 705 3363 tenebatur:
728 3319 762 3361 ao
782 3318 844 3369 me,
868 3320 936 3361 cnm
959 3301 995 3362 ab
1013 3300 1074 3360 reli-

98 3405 221 3448 euorum
243 3386 327 3446 malis
349 3386 483 3446 moribus
505 3386 703 3454 dissentirem,
725 3384 817 3443 nihilo
840 3386 938 3444 miuus
958 3385 1073 3445 honoris

99 3472 204 3547 cupido
218 3472 319 3531 eadem
334 3473 496 3544 eodemque
507 3489 582 3549 quae
592 3478 706 3530 eeteros
722 3468 798 3527 lama
812 3475 901 3547 atque
916 3470 1022 3529 invidia
1031 3487 1103 3538 rea

67 3553 193 3613 trabat.
230 3555 322 3629 Igitur
335 3555 386 3614 ubi
404 3556 518 3615 animus
533 3573 568 3615 ex
586 3553 685 3614 multis
700 3553 824 3612 miseriis
840 3559 928 3631 atque
944 3550 1076 3630 periculis

98 3639 241 3714 requievit
259 3645 287 3698 ot
303 3639 374 3698 mihi
395 3639 536 3699 relicuam
551 3645 674 3698 aetatem
691 3656 706 3697 a
726 3635 893 3713 republica
908 3634 1014 3713 procul
1029 3633 1076 3692 ba·

98 3719 225 3778 bennam
243 3721 374 3790 (leuiori,
397 3739 457 3781 non
476 3722 530 3782 luit
545 3721 697 3782 consilium
713 3720 847 3780 socordia
863 3727 952 3798 atquc
974 3716 1076 3780 desidia
