2272 4176
402 176 517 237 LIBER
538 176 586 236 III.
925 174 984 238 301

50 350 87 393 re
104 332 209 393 bellurn
232 334 427 407 conficiemus.
458 330 499 393 Id
515 338 612 413 putem
629 333 754 405 difficile
770 350 828 393 non
845 346 901 406 est,
921 348 987 394 orm

50 425 130 478 ntum
150 419 282 493 equitatu
301 422 461 478 ualeamus.
497 414 591 475 Simul
606 417 808 488 denuntiavit,
835 424 868 476 ut
883 429 988 476 essent

50 503 117 561 rimo
133 504 232 576 parati
247 501 277 561 in
297 508 456 577 posterum
476 515 520 573 er,
546 500 690 574 quoniam
715 502 802 560 fieret
826 501 987 560 dimicandi

50 594 165 659 nestas,
180 583 213 645 ut
228 602 322 661 saepe
335 585 558 658 cogitavissent,
572 600 611 643 ne
621 600 682 645 usu
692 600 845 660 manuque
855 585 987 659 reliquo·

52 687 82 730 m
98 671 274 744 opinionem
288 672 433 729 fallerent.

99 754 271 813 LXXXVII.
294 755 382 813 Hune
396 752 549 812 Labienus
564 754 685 828 excepit
699 761 743 827 et,
766 769 834 813 eum
850 754 988 813 Caesaris

50 839 126 914 tpias
143 838 324 913 despiceret,
339 836 464 910 Pompei
480 838 638 896 consilium
654 839 779 897 summis
791 838 932 897 laudibus
944 840 987 896 ci-

50 930 125 996 aet,
140 923 222 994 Noli,
238 923 349 996 inquit,
365 924 547 993 emistimare,
559 923 691 997 Pompei,
707 924 786 983 bunc
796 940 857 982 esse
867 925 988 982 eaeru-

50 1025 91 1082 m,
106 1010 161 1081 qui
173 1008 300 1066 Galliam
312 1008 556 1079 Germaniamque
567 1006 712 1066 devicerit.
746 1007 882 1067 Omnibus
892 1010 989 1066 inter-

50 1095 67 1151 i
78 1094 205 1167 praeliis
215 1108 307 1164 neque
324 1097 429 1150 temam
446 1092 622 1164 incopnilam
639 1108 702 1150 rem
708 1097 876 1165 pronuntio.
909 1092 989 1150 Per-

50 1178 130 1250 ipua
141 1192 222 1249 pers
231 1177 310 1234 illius
320 1178 468 1234 annulus
478 1184 612 1248 superest
618 1196 628 1243 ,·
644 1192 755 1249 mupnu
764 1192 843 1250 pars
853 1177 988 1249 deperiit,

50 1261 98 1320 md
107 1260 247 1320 occidere
257 1266 296 1318 tot
305 1262 431 1335 praeliis
444 1257 645 1330 inclamasse,
663 1263 767 1319 multos
784 1262 918 1318 autumni
928 1277 988 1334 pe-

50 1347 146 1404 ·'lentia
168 1347 199 1402 in
219 1343 310 1402 Italia
330 1345 520 1416 consumpsit,
548 1347 632 1402 mulli
648 1344 764 1403 domum
785 1346 987 1413 discesserunt,
1080 1358 1083 1367 ·

50 1431 101 1488 ulti
110 1434 179 1486 sunl
187 1430 284 1487 relicti
293 1430 499 1488 incontinenti.
511 1427 557 1485 An
568 1444 626 1486 non
637 1428 760 1486 audistis
770 1445 810 1486 eu
819 1431 863 1500 iis,
874 1431 927 1502 pui
929 1445 989 1503 per

50 1528 140 1572 rusam
151 1513 547 1584 ualetudinmremanserunl
567 1513 698 1570 cobortes
708 1512 924 1571 esseBrundisi
929 1513 989 1585 so-

50 1593 104 1656 as?
125 1597 194 1657 Hae
204 1599 320 1670 copiae,
338 1613 412 1669 quas
422 1596 538 1666 videtu,
557 1613 597 1654 ea
608 1597 765 1655 delentibus
775 1597 879 1655 borum
890 1613 988 1655 anno-
1072 1604 1074 1609 '

50 1697 84 1740 rm
95 1683 128 1738 ln
139 1682 275 1747 citeriore
287 1680 386 1738 Gallia
396 1686 464 1738 sunt
472 1679 617 1752 resectae,
629 1690 657 1738 et
663 1682 799 1754 plerique
809 1690 877 1738 sunt
885 1697 926 1738 ex
935 1697 988 1739 co-

50 1767 105 1824 niis
120 1764 355 1837 Transpadanis.
384 1762 535 1822 Actumen
567 1764 647 1836 quod
657 1762 720 1835 suit
734 1764 847 1823 roboris
879 1765 990 1823 duobis

50 1851 140 1909 peliis
156 1848 373 1922 Dyrrhachinis
390 1849 507 1906 interiit.
535 1846 701 1906 Haee'cum
717 1847 859 1918 dixisset,
881 1847 990 1906 iuravit

50 1953 54 1989 r
73 1933 135 1991 nisi
157 1933 303 1991 victorem
324 1931 355 1989 in
376 1938 477 1989 castra
497 1947 559 1989 non
573 1945 768 1990 reversurum
781 1931 987 2005 reliquosque,
1051 1956 1054 1961 ⁹

50 2017 155 2075 ,idem
174 2017 321 2087 iacerent,
348 2014 485 2073 hortatus
506 2020 561 2072 est.
589 2015 655 2074 Hoc
677 2015 804 2074 laudans
825 2014 988 2090 PpmpeIus

51 2116 100 2160 em
116 2100 240 2167 iuravit;
260 2114 318 2156 nec
332 2114 406 2157 vero
421 2114 460 2156 ex
474 2099 599 2172 reliquis
615 2099 671 2157 suit
686 2100 863 2172 quisquam,
879 2100 930 2174 qui
946 2101 986 2158 iu·

50 2200 88 2243 re
104 2183 265 2242 dubitaret.
293 2183 375 2241 Haec
398 2199 466 2240 cum
482 2184 647 2241 factasunt
668 2183 697 2241 in
713 2184 855 2257 consilio,
881 2199 990 2258 magna

50 2284 76 2327 re
91 2275 123 2326 et
136 2267 251 2326 laetitia
270 2267 402 2324 omniurn
418 2266 589 2326 discessum
605 2273 667 2336 est;
694 2282 730 2324 ae
751 2267 811 2324 iam
832 2268 931 2326 aninto
948 2269 989 2325 vi-

50 2354 149 2413 ariam
164 2350 406 2425 praecipiebant,
433 2349 516 2424 quod
537 2352 575 2409 de
595 2358 725 2411 retenta
742 2358 771 2408 et
785 2365 804 2408 a
817 2358 877 2410 tam
892 2352 989 2425 perito

49 2442 206 2512 iperatore
220 2433 292 2492 nihil
307 2435 418 2492 trustra
433 2435 604 2494 confirmari
617 2435 785 2494 videbatur.

104 2518 290 2577 LXXXVIII.
323 2518 435 2578 Caesar
459 2535 527 2576 cum
550 2518 674 2591 Pompei
695 2520 804 2578 castris
826 2520 990 2593 adpropin-

50 2610 161 2674 rasset,
182 2600 222 2659 ad
237 2601 317 2661 hune
332 2603 454 2660 modum
470 2602 566 2660 aciem
582 2603 647 2662 eius
663 2605 840 2662 instructam
856 2605 989 2661 animad-

50 2690 119 2748 ertit.
149 2687 243 2744 Erant
263 2686 294 2743 in
316 2687 438 2744 stnistra
460 2701 556 2745 cornu
577 2688 712 2760 legiones
735 2687 813 2746 duae
832 2687 992 2746 traditaea

50 2787 155 2833 tesare
170 2770 253 2829 initio
269 2769 472 2829 dissensionis
488 2785 526 2827 ex
548 2772 833 2838 senatusconsuit0;
864 2787 992 2845 quarum

49 2874 82 2916 ta
109 2856 222 2930 prima,
249 2856 343 2912 altera
367 2854 454 2913 tertia
478 2855 696 2927 appellabatur.
733 2853 767 2912 In
788 2869 824 2914 eo
841 2857 908 2915 ioco
924 2855 992 2929 ipse

50 2949 86 3001 at
99 2937 276 3012 Pompeius.
291 2937 422 2997 Mediam
438 2938 534 2995 aciem
549 2936 652 3011 Scipio
669 2953 738 2997 eum
752 2939 923 3012 legionibus
933 2938 991 3015 Sy-

50 3025 112 3085 acis
134 3023 267 3083 tenebat.
299 3022 464 3081 Ciliciensis
485 3023 562 3095 tegio
589 3023 751 3082 coniuncta
771 3037 840 3081 cum
862 3023 991 3084 cohorti-

50 3126 80 3169 ns
99 3106 264 3181 Hispanis,
290 3122 367 3180 quas
390 3106 543 3164 traductas
566 3106 603 3164 ab
618 3106 743 3165 Abanta
761 3106 935 3179 docuimus,
962 3108 991 3165 in

50 3200 130 3253 extro
148 3206 246 3250 comu
262 3197 348 3248 crant
359 3189 611 3265 collocataeflas
624 3190 814 3249 firmissimas
830 3206 864 3248 se
878 3191 992 3251 habere

50 3275 188 3350 ompeius
203 3273 401 3333 existimabat.
419 3274 564 3345 Reliquas
576 3274 653 3332 inter
667 3273 764 3332 aciem
778 3274 908 3334 mediam
922 3291 990 3336 eor-

50 3375 145 3435 mque
164 3357 356 3417 interiecerat
374 3371 564 3431 numeroque
587 3356 729 3416 cohortes
751 3373 789 3416 cx
804 3359 989 3433 expleverat.

50 3458 104 3504 aec
118 3449 207 3503 erant
219 3441 300 3499 mitia
314 3456 386 3516 xiv,
414 3447 609 3500 evocatorum
625 3440 742 3501 circiter
757 3441 836 3518 duo,
859 3460 943 3520 quae
954 3460 999 3502 eu

203 3710 220 3737 ἱ
