<?xml version="1.0" encoding="UTF-8"?>
<!DOCTYPE html PUBLIC "-//W3C//DTD XHTML 1.0 Transitional//EN"
    "http://www.w3.org/TR/xhtml1/DTD/xhtml1-transitional.dtd">
<html xmlns="http://www.w3.org/1999/xhtml" xml:lang="en" lang="en">
 <head>
  <title>
</title>
<meta http-equiv="Content-Type" content="text/html;charset=utf-8" />
  <meta name='ocr-system' content='tesseract 3.04.00' />
  <meta name='ocr-capabilities' content='ocr_page ocr_carea ocr_par ocr_line ocrx_word'/>
</head>
<body>
  <div class='ocr_page' id='page_1' title='image "./commentarii00caesgoog_0069.png"; bbox 0 0 2272 4176; ppageno 0'>
   <div class='ocr_carea' id='block_1_1' title="bbox 284 39 1059 435">
    <p class='ocr_par' dir='ltr' id='par_1_1' title="bbox 284 39 1059 491">
     <span class='ocr_line' id='line_1_1' title="bbox 284 39 1059 435; baseline 0 -116"><span class='ocrx_word' id='word_1_1' title='bbox 284 39 1059 435; x_wconf 54' lang='lat' dir='ltr'><strong>..q</strong></span> 
     </span>
    </p>
   </div>
   <div class='ocr_carea' id='block_1_2' title="bbox 64 489 740 554">
    <p class='ocr_par' dir='ltr' id='par_1_2' title="bbox 64 489 740 554">
     <span class='ocr_line' id='line_1_2' title="bbox 64 489 740 554; baseline -0.004 -2"><span class='ocrx_word' id='word_1_2' title='bbox 64 494 101 554; x_wconf 69' lang='lat'><strong>56</strong></span> <span class='ocrx_word' id='word_1_3' title='bbox 355 493 406 554; x_wconf 85' lang='lat' dir='ltr'><strong>DE</strong></span> <span class='ocrx_word' id='word_1_4' title='bbox 427 489 552 552; x_wconf 83' lang='lat' dir='ltr'>BELLO</span> <span class='ocrx_word' id='word_1_5' title='bbox 577 490 740 550; x_wconf 81' lang='lat' dir='ltr'><strong>GALLtco</strong></span> 
     </span>
    </p>
   </div>
   <div class='ocr_carea' id='block_1_3' title="bbox 1 639 1059 3832">
    <p class='ocr_par' dir='ltr' id='par_1_3' title="bbox 61 639 1059 807">
     <span class='ocr_line' id='line_1_3' title="bbox 61 639 1059 718; baseline -0.007 -10"><span class='ocrx_word' id='word_1_6' title='bbox 61 648 122 709; x_wconf 90' lang='lat' dir='ltr'><strong>huc</strong></span> <span class='ocrx_word' id='word_1_7' title='bbox 136 644 293 708; x_wconf 91' lang='lat' dir='ltr'><strong>hominum</strong></span> <span class='ocrx_word' id='word_1_8' title='bbox 306 644 454 707; x_wconf 84' lang='lat' dir='ltr'><strong>memoria</strong></span> <span class='ocrx_word' id='word_1_9' title='bbox 466 649 607 718; x_wconf 88' lang='lat' dir='ltr'><strong>repertus</strong></span> <span class='ocrx_word' id='word_1_10' title='bbox 622 649 671 702; x_wconf 88' lang='lat' dir='ltr'><strong>est</strong></span> <span class='ocrx_word' id='word_1_11' title='bbox 686 641 861 717; x_wconf 89' lang='lat' dir='ltr'><strong>quisquam,</strong></span> <span class='ocrx_word' id='word_1_12' title='bbox 877 639 931 715; x_wconf 90' lang='lat' dir='ltr'><strong>qui</strong></span> <span class='ocrx_word' id='word_1_13' title='bbox 942 654 981 702; x_wconf 92' lang='lat' dir='ltr'><strong>eo</strong></span> <span class='ocrx_word' id='word_1_14' title='bbox 994 640 1032 701; x_wconf 78' lang='lat' dir='ltr'><strong>iu</strong></span> <span class='ocrx_word' id='word_1_15' title='bbox 1055 646 1059 667; x_wconf 81' lang='lat'><strong>²</strong></span> 
     </span>
     <span class='ocr_line' id='line_1_4' title="bbox 63 725 1035 807; baseline -0.006 -20"><span class='ocrx_word' id='word_1_16' title='bbox 63 733 205 807; x_wconf 86' lang='lat' dir='ltr'><strong>terleeto‚</strong></span> <span class='ocrx_word' id='word_1_17' title='bbox 229 732 316 792; x_wconf 92' lang='lat' dir='ltr'><strong>euius</strong></span> <span class='ocrx_word' id='word_1_18' title='bbox 333 746 368 791; x_wconf 92' lang='lat' dir='ltr'><strong>sc</strong></span> <span class='ocrx_word' id='word_1_19' title='bbox 383 729 532 789; x_wconf 81' lang='lat' dir='ltr'><strong>amicitiae</strong></span> <span class='ocrx_word' id='word_1_20' title='bbox 547 728 741 802; x_wconf 80' lang='lat' dir='ltr'><strong>devovisset,</strong></span> <span class='ocrx_word' id='word_1_21' title='bbox 761 725 838 787; x_wconf 92' lang='lat' dir='ltr'><strong>mori</strong></span> <span class='ocrx_word' id='word_1_22' title='bbox 853 728 1035 797; x_wconf 75' lang='lat' dir='ltr'><strong>recusaret).</strong></span> 
     </span>
    </p>

    <p class='ocr_par' dir='ltr' id='par_1_4' title="bbox 64 812 1043 887">
     <span class='ocr_line' id='line_1_5' title="bbox 64 812 1043 887; baseline -0.004 -12"><span class='ocrx_word' id='word_1_23' title='bbox 64 833 131 876; x_wconf 88' lang='lat' dir='ltr'><strong>eum</strong></span> <span class='ocrx_word' id='word_1_24' title='bbox 147 814 195 877; x_wconf 93' lang='lat' dir='ltr'><strong>his</strong></span> <span class='ocrx_word' id='word_1_25' title='bbox 209 817 403 876; x_wconf 82' lang='lat' dir='ltr'><strong>Adiatunnus</strong></span> <span class='ocrx_word' id='word_1_26' title='bbox 419 813 611 887; x_wconf 86' lang='lat' dir='ltr'><strong>eruptionem</strong></span> <span class='ocrx_word' id='word_1_27' title='bbox 626 812 730 871; x_wconf 91' lang='lat' dir='ltr'><strong>lacere</strong></span> <span class='ocrx_word' id='word_1_28' title='bbox 745 817 890 883; x_wconf 88' lang='lat' dir='ltr'><strong>conatus,</strong></span> <span class='ocrx_word' id='word_1_29' title='bbox 907 812 1043 871; x_wconf 84' lang='lat' dir='ltr'><strong>elamore·</strong></span> 
     </span>
    </p>

    <p class='ocr_par' dir='ltr' id='par_1_5' title="bbox 63 893 1059 1224">
     <span class='ocr_line' id='line_1_6' title="bbox 63 893 1059 975; baseline -0.006 -16"><span class='ocrx_word' id='word_1_30' title='bbox 63 900 101 959; x_wconf 85' lang='lat' dir='ltr'><strong>ab</strong></span> <span class='ocrx_word' id='word_1_31' title='bbox 117 916 155 960; x_wconf 86' lang='lat' dir='ltr'><strong>ea</strong></span> <span class='ocrx_word' id='word_1_32' title='bbox 169 909 256 975; x_wconf 89' lang='lat' dir='ltr'><strong>parte</strong></span> <span class='ocrx_word' id='word_1_33' title='bbox 271 897 446 960; x_wconf 89' lang='lat' dir='ltr'><strong>munitionis</strong></span> <span class='ocrx_word' id='word_1_34' title='bbox 463 897 582 958; x_wconf 90' lang='lat' dir='ltr'><strong>sublato</strong></span> <span class='ocrx_word' id='word_1_35' title='bbox 599 912 668 957; x_wconf 92' lang='lat' dir='ltr'><strong>cum</strong></span> <span class='ocrx_word' id='word_1_36' title='bbox 686 896 727 956; x_wconf 89' lang='lat' dir='ltr'><strong>ad</strong></span> <span class='ocrx_word' id='word_1_37' title='bbox 739 910 825 956; x_wconf 90' lang='lat' dir='ltr'><strong>arma</strong></span> <span class='ocrx_word' id='word_1_38' title='bbox 840 893 953 955; x_wconf 89' lang='lat' dir='ltr'><strong>milites</strong></span> <span class='ocrx_word' id='word_1_39' title='bbox 967 908 1059 955; x_wconf 52' lang='lat' dir='ltr'><strong>eon-2·</strong></span> 
     </span>
     <span class='ocr_line' id='line_1_7' title="bbox 65 980 1059 1056; baseline -0.005 -12"><span class='ocrx_word' id='word_1_40' title='bbox 65 985 235 1045; x_wconf 90' lang='lat' dir='ltr'><strong>eurrissent</strong></span> <span class='ocrx_word' id='word_1_41' title='bbox 250 984 506 1056; x_wconf 88' lang='lat' dir='ltr'><strong>vehementerque</strong></span> <span class='ocrx_word' id='word_1_42' title='bbox 520 981 562 1041; x_wconf 92' lang='lat' dir='ltr'><strong>ibi</strong></span> <span class='ocrx_word' id='word_1_43' title='bbox 577 988 745 1056; x_wconf 87' lang='lat' dir='ltr'><strong>pugnatum</strong></span> <span class='ocrx_word' id='word_1_44' title='bbox 765 986 865 1053; x_wconf 83' lang='lat' dir='ltr'><strong>esset,</strong></span> <span class='ocrx_word' id='word_1_45' title='bbox 894 980 1037 1052; x_wconf 81' lang='lat' dir='ltr'><strong>repulsus</strong></span> <span class='ocrx_word' id='word_1_46' title='bbox 1055 1016 1059 1023; x_wconf 90' lang='lat'>-</span> 
     </span>
     <span class='ocr_line' id='line_1_8' title="bbox 64 1062 1059 1144; baseline -0.006 -17"><span class='ocrx_word' id='word_1_47' title='bbox 64 1068 94 1127; x_wconf 88' lang='lat' dir='ltr'><strong>iu</strong></span> <span class='ocrx_word' id='word_1_48' title='bbox 118 1070 266 1144; x_wconf 90' lang='lat' dir='ltr'><strong>oppidum</strong></span> <span class='ocrx_word' id='word_1_49' title='bbox 286 1076 386 1128; x_wconf 86' lang='lat' dir='ltr'><strong>tamen</strong></span> <span class='ocrx_word' id='word_1_50' title='bbox 408 1066 450 1125; x_wconf 92' lang='lat' dir='ltr'><strong>uti</strong></span> <span class='ocrx_word' id='word_1_51' title='bbox 471 1067 580 1125; x_wconf 86' lang='lat' dir='ltr'><strong>eadem</strong></span> <span class='ocrx_word' id='word_1_52' title='bbox 595 1066 759 1126; x_wconf 85' lang='lat' dir='ltr'><strong>deditionis</strong></span> <span class='ocrx_word' id='word_1_53' title='bbox 779 1062 963 1125; x_wconf 86' lang='lat' dir='ltr'><strong>condicione</strong></span> <span class='ocrx_word' id='word_1_54' title='bbox 976 1064 1059 1123; x_wconf 72' lang='lat' dir='ltr'><strong>ute·-</strong></span> 
     </span>
     <span class='ocr_line' id='line_1_9' title="bbox 65 1150 503 1224; baseline -0.014 -12"><span class='ocrx_word' id='word_1_55' title='bbox 65 1160 147 1212; x_wconf 84' lang='lat' dir='ltr'><strong>retur</strong></span> <span class='ocrx_word' id='word_1_56' title='bbox 161 1169 179 1212; x_wconf 94' lang='lat' dir='ltr'><strong>a</strong></span> <span class='ocrx_word' id='word_1_57' title='bbox 195 1153 306 1212; x_wconf 87' lang='lat' dir='ltr'><strong>Crasso</strong></span> <span class='ocrx_word' id='word_1_58' title='bbox 322 1150 503 1224; x_wconf 87' lang='lat' dir='ltr'><strong>impetravit.</strong></span> 
     </span>
    </p>

    <p class='ocr_par' dir='ltr' id='par_1_6' title="bbox 1 1230 1059 3079">
     <span class='ocr_line' id='line_1_10' title="bbox 145 1230 1038 1310; baseline -0.006 -15"><span class='ocrx_word' id='word_1_59' title='bbox 145 1236 248 1295; x_wconf 90' lang='lat' dir='ltr'><strong>XXlll.</strong></span> <span class='ocrx_word' id='word_1_60' title='bbox 264 1235 367 1295; x_wconf 82' lang='lat' dir='ltr'><strong>Armis</strong></span> <span class='ocrx_word' id='word_1_61' title='bbox 383 1233 608 1309; x_wconf 88' lang='lat' dir='ltr'><strong>obsidibusque</strong></span> <span class='ocrx_word' id='word_1_62' title='bbox 624 1233 760 1310; x_wconf 88' lang='lat' dir='ltr'><strong>acceptis</strong></span> <span class='ocrx_word' id='word_1_63' title='bbox 768 1232 902 1292; x_wconf 80' lang='lat' dir='ltr'><strong>Crassus</strong></span> <span class='ocrx_word' id='word_1_64' title='bbox 916 1231 948 1290; x_wconf 90' lang='lat' dir='ltr'><strong>in</strong></span> <span class='ocrx_word' id='word_1_65' title='bbox 962 1230 1038 1291; x_wconf 85' lang='lat' dir='ltr'><strong>lines</strong></span> 
     </span>
     <span class='ocr_line' id='line_1_11' title="bbox 64 1312 1053 1393; baseline -0.006 -13"><span class='ocrx_word' id='word_1_66' title='bbox 64 1319 226 1380; x_wconf 88' lang='lat' dir='ltr'><strong>Vocatium</strong></span> <span class='ocrx_word' id='word_1_67' title='bbox 241 1326 271 1378; x_wconf 89' lang='lat' dir='ltr'><strong>et</strong></span> <span class='ocrx_word' id='word_1_68' title='bbox 283 1319 474 1379; x_wconf 88' lang='lat' dir='ltr'><strong>Tarusatium</strong></span> <span class='ocrx_word' id='word_1_69' title='bbox 489 1320 646 1393; x_wconf 86' lang='lat' dir='ltr'><strong>proiectus</strong></span> <span class='ocrx_word' id='word_1_70' title='bbox 662 1325 718 1379; x_wconf 90' lang='lat' dir='ltr'><strong>est.</strong></span> <span class='ocrx_word' id='word_1_71' title='bbox 739 1318 815 1377; x_wconf 90' lang='lat' dir='ltr'><strong>Tum</strong></span> <span class='ocrx_word' id='word_1_72' title='bbox 828 1331 906 1376; x_wconf 88' lang='lat' dir='ltr'><strong>vero</strong></span> <span class='ocrx_word' id='word_1_73' title='bbox 919 1312 1053 1375; x_wconf 67' lang='lat' dir='ltr'><strong>barbari·</strong></span> 
     </span>
     <span class='ocr_line' id='line_1_12' title="bbox 66 1400 1038 1478; baseline -0.002 -15"><span class='ocrx_word' id='word_1_74' title='bbox 66 1403 223 1476; x_wconf 85' lang='lat' dir='ltr'><strong>commoti,</strong></span> <span class='ocrx_word' id='word_1_75' title='bbox 240 1405 323 1478; x_wconf 91' lang='lat' dir='ltr'><strong>quod</strong></span> <span class='ocrx_word' id='word_1_76' title='bbox 339 1404 487 1478; x_wconf 87' lang='lat' dir='ltr'><strong>oppidum</strong></span> <span class='ocrx_word' id='word_1_77' title='bbox 502 1409 533 1462; x_wconf 91' lang='lat' dir='ltr'><strong>et</strong></span> <span class='ocrx_word' id='word_1_78' title='bbox 546 1411 655 1463; x_wconf 91' lang='lat' dir='ltr'><strong>natura</strong></span> <span class='ocrx_word' id='word_1_79' title='bbox 668 1402 727 1464; x_wconf 89' lang='lat' dir='ltr'><strong>loci</strong></span> <span class='ocrx_word' id='word_1_80' title='bbox 743 1408 771 1461; x_wconf 88' lang='lat' dir='ltr'><strong>et</strong></span> <span class='ocrx_word' id='word_1_81' title='bbox 786 1417 880 1461; x_wconf 88' lang='lat' dir='ltr'><strong>manu</strong></span> <span class='ocrx_word' id='word_1_82' title='bbox 894 1400 1038 1461; x_wconf 83' lang='lat' dir='ltr'><strong>munitum</strong></span> 
     </span>
     <span class='ocr_line' id='line_1_13' title="bbox 67 1486 1037 1564; baseline 0 -19"><span class='ocrx_word' id='word_1_83' title='bbox 67 1486 300 1561; x_wconf 14' lang='lat' dir='ltr'><strong>paucisssdiebuS,</strong></span> <span class='ocrx_word' id='word_1_84' title='bbox 311 1489 420 1563; x_wconf 92' lang='lat' dir='ltr'><strong>quibus</strong></span> <span class='ocrx_word' id='word_1_85' title='bbox 433 1503 470 1548; x_wconf 88' lang='lat' dir='ltr'><strong>eo</strong></span> <span class='ocrx_word' id='word_1_86' title='bbox 481 1494 604 1547; x_wconf 88' lang='lat' dir='ltr'><strong>ventum</strong></span> <span class='ocrx_word' id='word_1_87' title='bbox 616 1494 689 1561; x_wconf 83' lang='lat' dir='ltr'><strong>crat,</strong></span> <span class='ocrx_word' id='word_1_88' title='bbox 703 1492 913 1564; x_wconf 89' lang='lat' dir='ltr'><strong>expugnatum</strong></span> <span class='ocrx_word' id='word_1_89' title='bbox 929 1498 1037 1559; x_wconf 77' lang='lat' dir='ltr'><strong>cogno</strong></span> 
     </span>
     <span class='ocr_line' id='line_1_14' title="bbox 66 1566 1059 1648; baseline 0 -20"><span class='ocrx_word' id='word_1_90' title='bbox 66 1577 180 1645; x_wconf 82' lang='lat' dir='ltr'><strong>verant,</strong></span> <span class='ocrx_word' id='word_1_91' title='bbox 196 1573 314 1645; x_wconf 85' lang='lat' dir='ltr'><strong>legatos</strong></span> <span class='ocrx_word' id='word_1_92' title='bbox 327 1587 586 1648; x_wconf 77' lang='lat' dir='ltr'><strong>quoquoversum</strong></span> <span class='ocrx_word' id='word_1_93' title='bbox 598 1571 756 1644; x_wconf 86' lang='lat' dir='ltr'><strong>dimittere,</strong></span> <span class='ocrx_word' id='word_1_94' title='bbox 774 1569 948 1644; x_wconf 89' lang='lat' dir='ltr'><strong>coniurare,</strong></span> <span class='ocrx_word' id='word_1_95' title='bbox 960 1566 1059 1637; x_wconf 74' lang='lat' dir='ltr'><strong>obsi,</strong></span> 
     </span>
     <span class='ocr_line' id='line_1_15' title="bbox 66 1652 1041 1731; baseline 0.002 -19"><span class='ocrx_word' id='word_1_96' title='bbox 66 1653 121 1712; x_wconf 91' lang='lat' dir='ltr'><strong>des</strong></span> <span class='ocrx_word' id='word_1_97' title='bbox 144 1653 222 1714; x_wconf 91' lang='lat' dir='ltr'><strong>inter</strong></span> <span class='ocrx_word' id='word_1_98' title='bbox 243 1671 278 1715; x_wconf 88' lang='lat' dir='ltr'><strong>sc</strong></span> <span class='ocrx_word' id='word_1_99' title='bbox 300 1656 388 1731; x_wconf 88' lang='lat' dir='ltr'><strong>dare,</strong></span> <span class='ocrx_word' id='word_1_100' title='bbox 416 1655 523 1730; x_wconf 89' lang='lat' dir='ltr'><strong>copias</strong></span> <span class='ocrx_word' id='word_1_101' title='bbox 544 1670 656 1730; x_wconf 87' lang='lat' dir='ltr'><strong>parare</strong></span> <span class='ocrx_word' id='word_1_102' title='bbox 678 1659 856 1729; x_wconf 88' lang='lat' dir='ltr'><strong>coeperunt.</strong></span> <span class='ocrx_word' id='word_1_103' title='bbox 885 1652 1041 1715; x_wconf 84' lang='lat' dir='ltr'><strong>Mittuntur</strong></span> 
     </span>
     <span class='ocr_line' id='line_1_16' title="bbox 66 1736 1059 1815; baseline 0.001 -19"><span class='ocrx_word' id='word_1_104' title='bbox 66 1737 209 1797; x_wconf 92' lang='lat' dir='ltr'><strong>etiamad</strong></span> <span class='ocrx_word' id='word_1_105' title='bbox 226 1754 280 1798; x_wconf 90' lang='lat' dir='ltr'><strong>eas</strong></span> <span class='ocrx_word' id='word_1_106' title='bbox 296 1739 433 1800; x_wconf 86' lang='lat' dir='ltr'><strong>civitates</strong></span> <span class='ocrx_word' id='word_1_107' title='bbox 449 1740 554 1814; x_wconf 87' lang='lat' dir='ltr'><strong>legati,</strong></span> <span class='ocrx_word' id='word_1_108' title='bbox 578 1754 658 1815; x_wconf 91' lang='lat' dir='ltr'><strong>quae</strong></span> <span class='ocrx_word' id='word_1_109' title='bbox 679 1745 751 1799; x_wconf 92' lang='lat' dir='ltr'><strong>sunt</strong></span> <span class='ocrx_word' id='word_1_110' title='bbox 765 1736 917 1798; x_wconf 87' lang='lat' dir='ltr'><strong>citerioris</strong></span> <span class='ocrx_word' id='word_1_111' title='bbox 931 1737 1041 1812; x_wconf 87' lang='lat' dir='ltr'><strong>Hispa·</strong></span> <span class='ocrx_word' id='word_1_112' title='bbox 1057 1744 1059 1749; x_wconf 85' lang='lat'>&#39;</span> 
     </span>
     <span class='ocr_line' id='line_1_17' title="bbox 68 1820 1041 1900; baseline 0.003 -21"><span class='ocrx_word' id='word_1_113' title='bbox 68 1820 136 1881; x_wconf 92' lang='lat' dir='ltr'><strong>niae</strong></span> <span class='ocrx_word' id='word_1_114' title='bbox 151 1822 307 1883; x_wconf 85' lang='lat' dir='ltr'><strong>finitumae</strong></span> <span class='ocrx_word' id='word_1_115' title='bbox 320 1823 521 1900; x_wconf 82' lang='lat' dir='ltr'><strong>Aquitaniae:</strong></span> <span class='ocrx_word' id='word_1_116' title='bbox 548 1823 621 1883; x_wconf 91' lang='lat' dir='ltr'><strong>inde</strong></span> <span class='ocrx_word' id='word_1_117' title='bbox 636 1823 749 1881; x_wconf 91' lang='lat' dir='ltr'><strong>auxilia</strong></span> <span class='ocrx_word' id='word_1_118' title='bbox 764 1823 927 1899; x_wconf 87' lang='lat' dir='ltr'><strong>ducesque</strong></span> <span class='ocrx_word' id='word_1_119' title='bbox 941 1836 1041 1882; x_wconf 82' lang='lat' dir='ltr'><strong>arces·</strong></span> 
     </span>
     <span class='ocr_line' id='line_1_18' title="bbox 68 1906 1040 1981; baseline -0.001 -15"><span class='ocrx_word' id='word_1_120' title='bbox 68 1913 183 1966; x_wconf 91' lang='lat' dir='ltr'><strong>suntur.</strong></span> <span class='ocrx_word' id='word_1_121' title='bbox 215 1908 348 1980; x_wconf 84' lang='lat' dir='ltr'><strong>Quorum</strong></span> <span class='ocrx_word' id='word_1_122' title='bbox 370 1909 504 1968; x_wconf 89' lang='lat' dir='ltr'><strong>adventu</strong></span> <span class='ocrx_word' id='word_1_123' title='bbox 523 1923 635 1981; x_wconf 88' lang='lat' dir='ltr'><strong>magna</strong></span> <span class='ocrx_word' id='word_1_124' title='bbox 657 1922 725 1966; x_wconf 89' lang='lat' dir='ltr'><strong>eum</strong></span> <span class='ocrx_word' id='word_1_125' title='bbox 740 1906 922 1966; x_wconf 87' lang='lat' dir='ltr'><strong>auctoritate</strong></span> <span class='ocrx_word' id='word_1_126' title='bbox 936 1913 967 1966; x_wconf 92' lang='lat' dir='ltr'><strong>et</strong></span> <span class='ocrx_word' id='word_1_127' title='bbox 980 1920 1040 1965; x_wconf 89' lang='lat' dir='ltr'><strong>ma·</strong></span> 
     </span>
     <span class='ocr_line' id='line_1_19' title="bbox 68 1990 1042 2065; baseline -0.001 -17"><span class='ocrx_word' id='word_1_128' title='bbox 68 2006 129 2065; x_wconf 86' lang='lat' dir='ltr'><strong>gna</strong></span> <span class='ocrx_word' id='word_1_129' title='bbox 151 2006 219 2051; x_wconf 92' lang='lat' dir='ltr'><strong>cum</strong></span> <span class='ocrx_word' id='word_1_130' title='bbox 240 1990 396 2052; x_wconf 93' lang='lat' dir='ltr'><strong>hominum</strong></span> <span class='ocrx_word' id='word_1_131' title='bbox 417 1991 606 2051; x_wconf 90' lang='lat' dir='ltr'><strong>multitudine</strong></span> <span class='ocrx_word' id='word_1_132' title='bbox 626 1990 738 2050; x_wconf 92' lang='lat' dir='ltr'><strong>bellum</strong></span> <span class='ocrx_word' id='word_1_133' title='bbox 759 2005 868 2064; x_wconf 84' lang='lat' dir='ltr'><strong>gerere</strong></span> <span class='ocrx_word' id='word_1_134' title='bbox 884 1998 1042 2050; x_wconf 89' lang='lat' dir='ltr'><strong>conantur.</strong></span> 
     </span>
     <span class='ocr_line' id='line_1_20' title="bbox 69 2073 1043 2150; baseline 0.001 -17"><span class='ocrx_word' id='word_1_135' title='bbox 69 2075 168 2135; x_wconf 84' lang='lat' dir='ltr'><strong>buces</strong></span> <span class='ocrx_word' id='word_1_136' title='bbox 183 2091 257 2136; x_wconf 88' lang='lat' dir='ltr'><strong>vero</strong></span> <span class='ocrx_word' id='word_1_137' title='bbox 273 2077 293 2136; x_wconf 92' lang='lat' dir='ltr'><strong>ii</strong></span> <span class='ocrx_word' id='word_1_138' title='bbox 309 2076 490 2150; x_wconf 86' lang='lat' dir='ltr'><strong>deliguntur,</strong></span> <span class='ocrx_word' id='word_1_139' title='bbox 507 2074 559 2150; x_wconf 92' lang='lat' dir='ltr'><strong>qui</strong></span> <span class='ocrx_word' id='word_1_140' title='bbox 574 2090 719 2136; x_wconf 91' lang='lat' dir='ltr'><strong>unacum</strong></span> <span class='ocrx_word' id='word_1_141' title='bbox 736 2073 768 2148; x_wconf 80' lang='lat' dir='ltr'><strong>Q.</strong></span> <span class='ocrx_word' id='word_1_142' title='bbox 784 2073 923 2135; x_wconf 88' lang='lat' dir='ltr'><strong>Sertorio</strong></span> <span class='ocrx_word' id='word_1_143' title='bbox 937 2088 1043 2136; x_wconf 82' lang='lat' dir='ltr'><strong>omnes</strong></span> 
     </span>
     <span class='ocr_line' id='line_1_21' title="bbox 71 2157 1044 2233; baseline 0.001 -15"><span class='ocrx_word' id='word_1_144' title='bbox 71 2175 167 2219; x_wconf 86' lang='lat' dir='ltr'><strong>annos</strong></span> <span class='ocrx_word' id='word_1_145' title='bbox 182 2162 303 2221; x_wconf 89' lang='lat' dir='ltr'><strong>lucrant</strong></span> <span class='ocrx_word' id='word_1_146' title='bbox 317 2175 528 2233; x_wconf 87' lang='lat' dir='ltr'><strong>summamque</strong></span> <span class='ocrx_word' id='word_1_147' title='bbox 543 2158 702 2219; x_wconf 85' lang='lat' dir='ltr'><strong>scientiam</strong></span> <span class='ocrx_word' id='word_1_148' title='bbox 717 2158 762 2217; x_wconf 90' lang='lat' dir='ltr'><strong>rei</strong></span> <span class='ocrx_word' id='word_1_149' title='bbox 776 2157 915 2219; x_wconf 83' lang='lat' dir='ltr'><strong>militaris</strong></span> <span class='ocrx_word' id='word_1_150' title='bbox 930 2158 1044 2219; x_wconf 86' lang='lat' dir='ltr'><strong>habere</strong></span> 
     </span>
     <span class='ocr_line' id='line_1_22' title="bbox 73 2240 1039 2316; baseline 0.006 -19"><span class='ocrx_word' id='word_1_151' title='bbox 73 2244 329 2305; x_wconf 66' lang='lat' dir='ltr'><strong>existimabantur.</strong></span> <span class='ocrx_word' id='word_1_152' title='bbox 354 2244 393 2303; x_wconf 91' lang='lat' dir='ltr'><strong>Hi</strong></span> <span class='ocrx_word' id='word_1_153' title='bbox 408 2243 629 2304; x_wconf 88' lang='lat' dir='ltr'><strong>consuetudine</strong></span> <span class='ocrx_word' id='word_1_154' title='bbox 643 2242 748 2316; x_wconf 91' lang='lat' dir='ltr'><strong>populi</strong></span> <span class='ocrx_word' id='word_1_155' title='bbox 763 2240 894 2301; x_wconf 84' lang='lat' dir='ltr'><strong>Romani</strong></span> <span class='ocrx_word' id='word_1_156' title='bbox 909 2244 981 2304; x_wconf 88' lang='lat' dir='ltr'><strong>loca</strong></span> <span class='ocrx_word' id='word_1_157' title='bbox 994 2256 1039 2303; x_wconf 87' lang='lat' dir='ltr'><strong>ca·</strong></span> 
     </span>
     <span class='ocr_line' id='line_1_23' title="bbox 69 2325 1057 2401; baseline -0.001 -15"><span class='ocrx_word' id='word_1_158' title='bbox 69 2342 159 2401; x_wconf 86' lang='lat' dir='ltr'><strong>pere,</strong></span> <span class='ocrx_word' id='word_1_159' title='bbox 186 2335 288 2387; x_wconf 88' lang='lat' dir='ltr'><strong>castra</strong></span> <span class='ocrx_word' id='word_1_160' title='bbox 302 2330 434 2400; x_wconf 90' lang='lat' dir='ltr'><strong>munire,</strong></span> <span class='ocrx_word' id='word_1_161' title='bbox 461 2326 680 2386; x_wconf 89' lang='lat' dir='ltr'><strong>commeatibus</strong></span> <span class='ocrx_word' id='word_1_162' title='bbox 702 2333 825 2386; x_wconf 90' lang='lat' dir='ltr'><strong>nostros</strong></span> <span class='ocrx_word' id='word_1_163' title='bbox 840 2325 1057 2387; x_wconf 76' lang='lat' dir='ltr'><strong>intercludere.</strong></span> 
     </span>
     <span class='ocr_line' id='line_1_24' title="bbox 69 2408 1044 2485; baseline 0.001 -15"><span class='ocrx_word' id='word_1_164' title='bbox 69 2411 236 2470; x_wconf 90' lang='lat' dir='ltr'><strong>instituunt.</strong></span> <span class='ocrx_word' id='word_1_165' title='bbox 277 2411 364 2485; x_wconf 83' lang='lat' dir='ltr'><strong>Quod</strong></span> <span class='ocrx_word' id='word_1_166' title='bbox 379 2410 430 2470; x_wconf 93' lang='lat' dir='ltr'><strong>ubi</strong></span> <span class='ocrx_word' id='word_1_167' title='bbox 447 2409 577 2469; x_wconf 85' lang='lat' dir='ltr'><strong>Crassus</strong></span> <span class='ocrx_word' id='word_1_168' title='bbox 593 2410 820 2484; x_wconf 86' lang='lat' dir='ltr'><strong>animadvertit,</strong></span> <span class='ocrx_word' id='word_1_169' title='bbox 846 2425 922 2470; x_wconf 90' lang='lat' dir='ltr'><strong>suas</strong></span> <span class='ocrx_word' id='word_1_170' title='bbox 938 2408 1044 2484; x_wconf 78' lang='lat' dir='ltr'><strong>copias</strong></span> 
     </span>
     <span class='ocr_line' id='line_1_25' title="bbox 71 2492 1045 2569; baseline 0 -16"><span class='ocrx_word' id='word_1_171' title='bbox 71 2501 196 2569; x_wconf 88' lang='lat' dir='ltr'><strong>propter</strong></span> <span class='ocrx_word' id='word_1_172' title='bbox 211 2493 406 2569; x_wconf 76' lang='lat' dir='ltr'><strong>exiguitatem</strong></span> <span class='ocrx_word' id='word_1_173' title='bbox 420 2509 482 2553; x_wconf 93' lang='lat' dir='ltr'><strong>non</strong></span> <span class='ocrx_word' id='word_1_174' title='bbox 499 2493 588 2552; x_wconf 88' lang='lat' dir='ltr'><strong>lacile</strong></span> <span class='ocrx_word' id='word_1_175' title='bbox 609 2493 729 2568; x_wconf 90' lang='lat' dir='ltr'><strong>diduci,</strong></span> <span class='ocrx_word' id='word_1_176' title='bbox 755 2492 875 2553; x_wconf 91' lang='lat' dir='ltr'><strong>hostem</strong></span> <span class='ocrx_word' id='word_1_177' title='bbox 896 2501 927 2555; x_wconf 94' lang='lat' dir='ltr'><strong>et</strong></span> <span class='ocrx_word' id='word_1_178' title='bbox 940 2492 1045 2569; x_wconf 82' lang='lat' dir='ltr'><strong>vagari</strong></span> 
     </span>
     <span class='ocr_line' id='line_1_26' title="bbox 69 2576 1045 2653; baseline 0.001 -15"><span class='ocrx_word' id='word_1_179' title='bbox 69 2577 179 2638; x_wconf 72' lang='lat' dir='ltr'><strong>etuias</strong></span> <span class='ocrx_word' id='word_1_180' title='bbox 196 2577 340 2637; x_wconf 88' lang='lat' dir='ltr'><strong>obsidere</strong></span> <span class='ocrx_word' id='word_1_181' title='bbox 355 2584 386 2638; x_wconf 92' lang='lat' dir='ltr'><strong>ct</strong></span> <span class='ocrx_word' id='word_1_182' title='bbox 407 2577 516 2638; x_wconf 92' lang='lat' dir='ltr'><strong>castris</strong></span> <span class='ocrx_word' id='word_1_183' title='bbox 532 2578 607 2637; x_wconf 88' lang='lat' dir='ltr'><strong>satis</strong></span> <span class='ocrx_word' id='word_1_184' title='bbox 623 2578 770 2652; x_wconf 90' lang='lat' dir='ltr'><strong>praesidii</strong></span> <span class='ocrx_word' id='word_1_185' title='bbox 785 2577 975 2653; x_wconf 89' lang='lat' dir='ltr'><strong>relinquere,</strong></span> <span class='ocrx_word' id='word_1_186' title='bbox 1006 2576 1045 2639; x_wconf 87' lang='lat' dir='ltr'><strong>ob</strong></span> 
     </span>
     <span class='ocr_line' id='line_1_27' title="bbox 69 2661 1059 2738; baseline 0.004 -18"><span class='ocrx_word' id='word_1_187' title='bbox 69 2677 137 2721; x_wconf 88' lang='lat' dir='ltr'><strong>earn</strong></span> <span class='ocrx_word' id='word_1_188' title='bbox 153 2676 277 2721; x_wconf 88' lang='lat' dir='ltr'><strong>causam</strong></span> <span class='ocrx_word' id='word_1_189' title='bbox 291 2662 391 2722; x_wconf 92' lang='lat' dir='ltr'><strong>minus</strong></span> <span class='ocrx_word' id='word_1_190' title='bbox 407 2661 568 2722; x_wconf 92' lang='lat' dir='ltr'><strong>commode</strong></span> <span class='ocrx_word' id='word_1_191' title='bbox 583 2664 765 2721; x_wconf 84' lang='lat' dir='ltr'><strong>trumentum</strong></span> <span class='ocrx_word' id='word_1_192' title='bbox 781 2669 1059 2738; x_wconf 83' lang='lat' dir='ltr'><strong>commeatumque·</strong></span> 
     </span>
     <span class='ocr_line' id='line_1_28' title="bbox 69 2744 1044 2821; baseline 0.002 -16"><span class='ocrx_word' id='word_1_193' title='bbox 69 2745 128 2806; x_wconf 88' lang='lat' dir='ltr'><strong>sibi</strong></span> <span class='ocrx_word' id='word_1_194' title='bbox 143 2745 333 2820; x_wconf 86' lang='lat' dir='ltr'><strong>supportari,</strong></span> <span class='ocrx_word' id='word_1_195' title='bbox 358 2744 388 2804; x_wconf 91' lang='lat' dir='ltr'><strong>in</strong></span> <span class='ocrx_word' id='word_1_196' title='bbox 410 2745 476 2805; x_wconf 89' lang='lat' dir='ltr'><strong>dies</strong></span> <span class='ocrx_word' id='word_1_197' title='bbox 497 2744 630 2806; x_wconf 91' lang='lat' dir='ltr'><strong>hostium</strong></span> <span class='ocrx_word' id='word_1_198' title='bbox 652 2761 812 2806; x_wconf 88' lang='lat' dir='ltr'><strong>numerum</strong></span> <span class='ocrx_word' id='word_1_199' title='bbox 832 2747 955 2821; x_wconf 82' lang='lat' dir='ltr'><strong>augeri,</strong></span> <span class='ocrx_word' id='word_1_200' title='bbox 985 2760 1044 2807; x_wconf 89' lang='lat' dir='ltr'><strong>non</strong></span> 
     </span>
     <span class='ocr_line' id='line_1_29' title="bbox 70 2826 1056 2906; baseline 0.001 -16"><span class='ocrx_word' id='word_1_201' title='bbox 70 2830 275 2891; x_wconf 87' lang='lat' dir='ltr'><strong>cunctandum</strong></span> <span class='ocrx_word' id='word_1_202' title='bbox 296 2830 480 2889; x_wconf 92' lang='lat' dir='ltr'><strong>existimavit</strong></span> <span class='ocrx_word' id='word_1_203' title='bbox 500 2830 572 2904; x_wconf 91' lang='lat' dir='ltr'><strong>quin</strong></span> <span class='ocrx_word' id='word_1_204' title='bbox 593 2846 698 2906; x_wconf 90' lang='lat' dir='ltr'><strong>pugna</strong></span> <span class='ocrx_word' id='word_1_205' title='bbox 717 2831 897 2889; x_wconf 88' lang='lat' dir='ltr'><strong>decertaret.</strong></span> <span class='ocrx_word' id='word_1_206' title='bbox 931 2826 999 2891; x_wconf 84' lang='lat' dir='ltr'><strong>Hac</strong></span> <span class='ocrx_word' id='word_1_207' title='bbox 1012 2838 1056 2891; x_wconf 72' lang='lat' dir='ltr'><strong>re·</strong></span> 
     </span>
     <span class='ocr_line' id='line_1_30' title="bbox 70 2913 1044 2991; baseline 0.003 -17"><span class='ocrx_word' id='word_1_208' title='bbox 70 2915 109 2974; x_wconf 88' lang='lat' dir='ltr'><strong>ad</strong></span> <span class='ocrx_word' id='word_1_209' title='bbox 121 2914 281 2974; x_wconf 92' lang='lat' dir='ltr'><strong>consilium</strong></span> <span class='ocrx_word' id='word_1_210' title='bbox 291 2915 393 2974; x_wconf 90' lang='lat' dir='ltr'><strong>delata</strong></span> <span class='ocrx_word' id='word_1_211' title='bbox 403 2913 456 2974; x_wconf 92' lang='lat' dir='ltr'><strong>ubi</strong></span> <span class='ocrx_word' id='word_1_212' title='bbox 471 2929 578 2974; x_wconf 91' lang='lat' dir='ltr'><strong>omnes</strong></span> <span class='ocrx_word' id='word_1_213' title='bbox 593 2915 675 2974; x_wconf 89' lang='lat' dir='ltr'><strong>idem</strong></span> <span class='ocrx_word' id='word_1_214' title='bbox 689 2914 803 2974; x_wconf 89' lang='lat' dir='ltr'><strong>sentire</strong></span> <span class='ocrx_word' id='word_1_215' title='bbox 818 2913 975 2990; x_wconf 86' lang='lat' dir='ltr'><strong>intellexit,</strong></span> <span class='ocrx_word' id='word_1_216' title='bbox 990 2928 1044 2991; x_wconf 72' lang='lat' dir='ltr'><strong>po</strong></span> 
     </span>
     <span class='ocr_line' id='line_1_31' title="bbox 1 2998 1052 3079; baseline 0.002 -23"><span class='ocrx_word' id='word_1_217' title='bbox 1 3051 3 3056; x_wconf 90' lang='lat'><em>.</em></span> <span class='ocrx_word' id='word_1_218' title='bbox 70 3006 182 3059; x_wconf 83' lang='lat' dir='ltr'><strong>starum</strong></span> <span class='ocrx_word' id='word_1_219' title='bbox 199 2998 280 3058; x_wconf 89' lang='lat' dir='ltr'><strong>diem</strong></span> <span class='ocrx_word' id='word_1_220' title='bbox 294 3013 418 3073; x_wconf 91' lang='lat' dir='ltr'><strong>pugnae</strong></span> <span class='ocrx_word' id='word_1_221' title='bbox 434 2998 597 3059; x_wconf 89' lang='lat' dir='ltr'><strong>constituit.</strong></span> <span class='ocrx_word' id='word_1_222' title='bbox 1049 3074 1052 3079; x_wconf 27' lang='grc' dir='ltr'>Ι</span> 
     </span>
    </p>

    <p class='ocr_par' dir='ltr' id='par_1_7' title="bbox 69 3080 1059 3832">
     <span class='ocr_line' id='line_1_32' title="bbox 148 3080 1059 3163; baseline 0.003 -21"><span class='ocrx_word' id='word_1_223' title='bbox 148 3083 255 3142; x_wconf 89' lang='lat' dir='ltr'>XXIV.</span> <span class='ocrx_word' id='word_1_224' title='bbox 277 3083 378 3142; x_wconf 85' lang='lat' dir='ltr'><strong>Prima</strong></span> <span class='ocrx_word' id='word_1_225' title='bbox 398 3085 466 3142; x_wconf 91' lang='lat' dir='ltr'><strong>luce</strong></span> <span class='ocrx_word' id='word_1_226' title='bbox 481 3083 642 3160; x_wconf 88' lang='lat' dir='ltr'><strong>productis</strong></span> <span class='ocrx_word' id='word_1_227' title='bbox 658 3082 798 3143; x_wconf 91' lang='lat' dir='ltr'><strong>omnibus</strong></span> <span class='ocrx_word' id='word_1_228' title='bbox 815 3081 914 3156; x_wconf 87' lang='lat' dir='ltr'><strong>copiis</strong></span> <span class='ocrx_word' id='word_1_229' title='bbox 931 3080 1059 3163; x_wconf 50' lang='lat' dir='ltr'><strong>duplici,</strong></span> 
     </span>
     <span class='ocr_line' id='line_1_33' title="bbox 70 3166 1053 3243; baseline 0 -15"><span class='ocrx_word' id='word_1_230' title='bbox 70 3167 136 3228; x_wconf 88' lang='lat' dir='ltr'><strong>acie</strong></span> <span class='ocrx_word' id='word_1_231' title='bbox 151 3166 301 3241; x_wconf 88' lang='lat' dir='ltr'><strong>instituta,</strong></span> <span class='ocrx_word' id='word_1_232' title='bbox 328 3167 448 3227; x_wconf 88' lang='lat' dir='ltr'><strong>auxiliis</strong></span> <span class='ocrx_word' id='word_1_233' title='bbox 470 3169 501 3228; x_wconf 93' lang='lat' dir='ltr'><strong>in</strong></span> <span class='ocrx_word' id='word_1_234' title='bbox 521 3167 652 3227; x_wconf 90' lang='lat' dir='ltr'><strong>mediam</strong></span> <span class='ocrx_word' id='word_1_235' title='bbox 668 3166 765 3227; x_wconf 87' lang='lat' dir='ltr'><strong>aciem</strong></span> <span class='ocrx_word' id='word_1_236' title='bbox 781 3166 946 3241; x_wconf 91' lang='lat' dir='ltr'><strong>coniectis,</strong></span> <span class='ocrx_word' id='word_1_237' title='bbox 973 3166 1053 3243; x_wconf 79' lang='lat' dir='ltr'><strong>quid·</strong></span> 
     </span>
     <span class='ocr_line' id='line_1_34' title="bbox 70 3249 1057 3327; baseline 0.002 -16"><span class='ocrx_word' id='word_1_238' title='bbox 70 3252 175 3313; x_wconf 90' lang='lat' dir='ltr'><strong>hostes</strong></span> <span class='ocrx_word' id='word_1_239' title='bbox 191 3249 310 3311; x_wconf 92' lang='lat' dir='ltr'><strong>consilii</strong></span> <span class='ocrx_word' id='word_1_240' title='bbox 326 3259 473 3326; x_wconf 86' lang='lat' dir='ltr'><strong>caperent</strong></span> <span class='ocrx_word' id='word_1_241' title='bbox 484 3252 675 3326; x_wconf 88' lang='lat' dir='ltr'><strong>expectabat.</strong></span> <span class='ocrx_word' id='word_1_242' title='bbox 692 3252 746 3325; x_wconf 91' lang='lat' dir='ltr'><strong>llli,</strong></span> <span class='ocrx_word' id='word_1_243' title='bbox 762 3253 819 3312; x_wconf 88' lang='lat' dir='ltr'><strong>etsi</strong></span> <span class='ocrx_word' id='word_1_244' title='bbox 830 3252 1057 3327; x_wconf 67' lang='lat' dir='ltr'><strong>properarat·</strong></span> 
     </span>
     <span class='ocr_line' id='line_1_35' title="bbox 69 3335 1046 3412; baseline 0.001 -15"><span class='ocrx_word' id='word_1_245' title='bbox 69 3337 225 3398; x_wconf 88' lang='lat' dir='ltr'><strong>titudinem</strong></span> <span class='ocrx_word' id='word_1_246' title='bbox 240 3342 271 3396; x_wconf 87' lang='lat' dir='ltr'><strong>et</strong></span> <span class='ocrx_word' id='word_1_247' title='bbox 283 3342 419 3397; x_wconf 90' lang='lat' dir='ltr'><strong>veterem</strong></span> <span class='ocrx_word' id='word_1_248' title='bbox 433 3337 504 3396; x_wconf 92' lang='lat' dir='ltr'><strong>belli</strong></span> <span class='ocrx_word' id='word_1_249' title='bbox 518 3336 646 3412; x_wconf 85' lang='lat' dir='ltr'><strong>gloriam</strong></span> <span class='ocrx_word' id='word_1_250' title='bbox 662 3335 910 3411; x_wconf 84' lang='lat' dir='ltr'><strong>paucitatemque</strong></span> <span class='ocrx_word' id='word_1_251' title='bbox 924 3343 1046 3398; x_wconf 86' lang='lat' dir='ltr'><strong>nostro·</strong></span> 
     </span>
     <span class='ocr_line' id='line_1_36' title="bbox 69 3420 1047 3495; baseline 0 -14"><span class='ocrx_word' id='word_1_252' title='bbox 69 3437 136 3483; x_wconf 92' lang='lat' dir='ltr'><strong>rum</strong></span> <span class='ocrx_word' id='word_1_253' title='bbox 152 3438 186 3482; x_wconf 91' lang='lat' dir='ltr'><strong>se</strong></span> <span class='ocrx_word' id='word_1_254' title='bbox 201 3427 265 3482; x_wconf 90' lang='lat' dir='ltr'><strong>tuto</strong></span> <span class='ocrx_word' id='word_1_255' title='bbox 281 3420 479 3482; x_wconf 89' lang='lat' dir='ltr'><strong>dimicaturos</strong></span> <span class='ocrx_word' id='word_1_256' title='bbox 495 3420 724 3495; x_wconf 86' lang='lat' dir='ltr'><strong>existimabant,</strong></span> <span class='ocrx_word' id='word_1_257' title='bbox 746 3428 848 3480; x_wconf 86' lang='lat' dir='ltr'><strong>tamen</strong></span> <span class='ocrx_word' id='word_1_258' title='bbox 864 3420 958 3481; x_wconf 88' lang='lat' dir='ltr'><strong>tutius</strong></span> <span class='ocrx_word' id='word_1_259' title='bbox 974 3434 1047 3481; x_wconf 85' lang='lat' dir='ltr'><strong>esse</strong></span> 
     </span>
     <span class='ocr_line' id='line_1_37' title="bbox 71 3503 1045 3566; baseline 0.003 -4"><span class='ocrx_word' id='word_1_260' title='bbox 71 3505 293 3566; x_wconf 88' lang='lat' dir='ltr'><strong>arbitrabantur</strong></span> <span class='ocrx_word' id='word_1_261' title='bbox 309 3504 447 3566; x_wconf 90' lang='lat' dir='ltr'><strong>obsessis</strong></span> <span class='ocrx_word' id='word_1_262' title='bbox 463 3505 521 3565; x_wconf 93' lang='lat' dir='ltr'><strong>viis</strong></span> <span class='ocrx_word' id='word_1_263' title='bbox 538 3512 706 3565; x_wconf 87' lang='lat' dir='ltr'><strong>commeatu</strong></span> <span class='ocrx_word' id='word_1_264' title='bbox 722 3505 888 3565; x_wconf 90' lang='lat' dir='ltr'><strong>intercluso</strong></span> <span class='ocrx_word' id='word_1_265' title='bbox 904 3503 973 3565; x_wconf 89' lang='lat' dir='ltr'><strong>sine</strong></span> <span class='ocrx_word' id='word_1_266' title='bbox 983 3506 1045 3565; x_wconf 90' lang='lat' dir='ltr'><strong>ullo</strong></span> 
     </span>
     <span class='ocr_line' id='line_1_38' title="bbox 70 3588 1045 3666; baseline 0.002 -19"><span class='ocrx_word' id='word_1_267' title='bbox 70 3591 196 3649; x_wconf 88' lang='lat' dir='ltr'><strong>vulnere</strong></span> <span class='ocrx_word' id='word_1_268' title='bbox 209 3590 338 3652; x_wconf 89' lang='lat' dir='ltr'><strong>victoria</strong></span> <span class='ocrx_word' id='word_1_269' title='bbox 352 3591 443 3666; x_wconf 93' lang='lat' dir='ltr'><strong>potiri</strong></span> <span class='ocrx_word' id='word_1_270' title='bbox 458 3598 502 3663; x_wconf 92' lang='lat' dir='ltr'><strong>ct,</strong></span> <span class='ocrx_word' id='word_1_271' title='bbox 518 3589 544 3649; x_wconf 92' lang='lat' dir='ltr'><strong>si</strong></span> <span class='ocrx_word' id='word_1_272' title='bbox 560 3594 686 3664; x_wconf 88' lang='lat' dir='ltr'><strong>propter</strong></span> <span class='ocrx_word' id='word_1_273' title='bbox 701 3588 836 3663; x_wconf 91' lang='lat' dir='ltr'><strong>inopiam</strong></span> <span class='ocrx_word' id='word_1_274' title='bbox 850 3589 895 3648; x_wconf 92' lang='lat' dir='ltr'><strong>rei</strong></span> <span class='ocrx_word' id='word_1_275' title='bbox 911 3590 1045 3650; x_wconf 86' lang='lat' dir='ltr'><strong>lrurueu·</strong></span> 
     </span>
     <span class='ocr_line' id='line_1_39' title="bbox 71 3671 1045 3750; baseline 0 -17"><span class='ocrx_word' id='word_1_276' title='bbox 71 3673 165 3734; x_wconf 77' lang='lat' dir='ltr'><strong>toriae</strong></span> <span class='ocrx_word' id='word_1_277' title='bbox 188 3674 319 3735; x_wconf 91' lang='lat' dir='ltr'><strong>Romani</strong></span> <span class='ocrx_word' id='word_1_278' title='bbox 345 3691 417 3736; x_wconf 88' lang='lat' dir='ltr'><strong>sese</strong></span> <span class='ocrx_word' id='word_1_279' title='bbox 442 3673 581 3748; x_wconf 88' lang='lat' dir='ltr'><strong>recipere</strong></span> <span class='ocrx_word' id='word_1_280' title='bbox 603 3672 795 3750; x_wconf 88' lang='lat' dir='ltr'><strong>coepissent,</strong></span> <span class='ocrx_word' id='word_1_281' title='bbox 821 3673 988 3747; x_wconf 90' lang='lat' dir='ltr'><strong>impeditos</strong></span> <span class='ocrx_word' id='word_1_282' title='bbox 1015 3671 1045 3733; x_wconf 90' lang='lat' dir='ltr'><strong>in</strong></span> 
     </span>
     <span class='ocr_line' id='line_1_40' title="bbox 72 3756 1044 3832; baseline 0.003 -17"><span class='ocrx_word' id='word_1_283' title='bbox 72 3757 192 3832; x_wconf 88' lang='lat' dir='ltr'><strong>agmine</strong></span> <span class='ocrx_word' id='word_1_284' title='bbox 213 3766 243 3818; x_wconf 91' lang='lat' dir='ltr'><strong>et</strong></span> <span class='ocrx_word' id='word_1_285' title='bbox 262 3759 320 3819; x_wconf 91' lang='lat' dir='ltr'><strong>sub</strong></span> <span class='ocrx_word' id='word_1_286' title='bbox 342 3759 472 3820; x_wconf 89' lang='lat' dir='ltr'><strong>sarcinis</strong></span> <span class='ocrx_word' id='word_1_287' title='bbox 495 3757 638 3817; x_wconf 81' lang='lat' dir='ltr'><strong>interiore</strong></span> <span class='ocrx_word' id='word_1_288' title='bbox 665 3757 765 3818; x_wconf 90' lang='lat' dir='ltr'><strong>animo</strong></span> <span class='ocrx_word' id='word_1_289' title='bbox 787 3757 901 3818; x_wconf 89' lang='lat' dir='ltr'><strong>adoriri</strong></span> <span class='ocrx_word' id='word_1_290' title='bbox 930 3756 1044 3831; x_wconf 87' lang='lat' dir='ltr'><strong>cogita·-</strong></span> 
     </span>
    </p>
   </div>
   <div class='ocr_carea' id='block_1_4' title="bbox 0 0 1152 4176">
    <p class='ocr_par' dir='ltr' id='par_1_8' title="bbox 0 0 1152 4176">
     <span class='ocr_line' id='line_1_41' title="bbox 0 0 1152 4176; baseline 0 0"><span class='ocrx_word' id='word_1_291' title='bbox 0 0 1152 4176; x_wconf 95' lang='lat' dir='ltr'><strong> </strong></span> 
     </span>
    </p>
   </div>
  </div>
 </body>
</html>
