<?xml version="1.0" encoding="UTF-8"?>
<!DOCTYPE html PUBLIC "-//W3C//DTD XHTML 1.0 Transitional//EN"
    "http://www.w3.org/TR/xhtml1/DTD/xhtml1-transitional.dtd">
<html xmlns="http://www.w3.org/1999/xhtml" xml:lang="en" lang="en">
 <head>
  <title>
</title>
<meta http-equiv="Content-Type" content="text/html;charset=utf-8" />
  <meta name='ocr-system' content='tesseract 3.04.00' />
  <meta name='ocr-capabilities' content='ocr_page ocr_carea ocr_par ocr_line ocrx_word'/>
</head>
<body>
  <div class='ocr_page' id='page_1' title='image "./commentarii00caesgoog_0480.png"; bbox 0 0 2272 4176; ppageno 0'>
   <div class='ocr_carea' id='block_1_1' title="bbox 203 189 1049 250">
    <p class='ocr_par' dir='ltr' id='par_1_1' title="bbox 203 189 1049 250">
     <span class='ocr_line' id='line_1_1' title="bbox 203 189 1049 250; baseline 0.012 -13"><span class='ocrx_word' id='word_1_1' title='bbox 203 198 246 237; x_wconf 83' lang='lat' dir='ltr'><strong>un</strong></span> <span class='ocrx_word' id='word_1_2' title='bbox 268 197 441 240; x_wconf 74' lang='lat' dir='ltr'><strong>exuruntur:</strong></span> <span class='ocrx_word' id='word_1_3' title='bbox 465 199 706 245; x_wconf 72' lang='lat' dir='ltr'><strong>comvnxrrouu</strong></span> <span class='ocrx_word' id='word_1_4' title='bbox 728 201 753 243; x_wconf 85' lang='lat' dir='ltr'><strong>c.</strong></span> <span class='ocrx_word' id='word_1_5' title='bbox 772 194 800 248; x_wconf 60' lang='grc' dir='ltr'>ἃ</span> <span class='ocrx_word' id='word_1_6' title='bbox 822 197 848 250; x_wconf 88' lang='lat'><strong>9.</strong></span> <span class='ocrx_word' id='word_1_7' title='bbox 869 198 910 249; x_wconf 87' lang='lat' dir='ltr'><strong>lo.</strong></span> <span class='ocrx_word' id='word_1_8' title='bbox 1022 189 1049 247; x_wconf 69' lang='lat' dir='ltr'><strong>b</strong></span> 
     </span>
    </p>
   </div>
   <div class='ocr_carea' id='block_1_2' title="bbox 64 347 1094 3529">
    <p class='ocr_par' dir='ltr' id='par_1_2' title="bbox 64 347 1043 595">
     <span class='ocr_line' id='line_1_2' title="bbox 64 347 1043 434; baseline 0.01 -29"><span class='ocrx_word' id='word_1_9' title='bbox 64 348 152 406; x_wconf 80' lang='lat' dir='ltr'><strong>etium</strong></span> <span class='ocrx_word' id='word_1_10' title='bbox 174 349 274 424; x_wconf 87' lang='lat' dir='ltr'><strong>copias</strong></span> <span class='ocrx_word' id='word_1_11' title='bbox 295 347 421 425; x_wconf 91' lang='lat' dir='ltr'><strong>populus</strong></span> <span class='ocrx_word' id='word_1_12' title='bbox 442 347 591 408; x_wconf 88' lang='lat' dir='ltr'><strong>Romanus</strong></span> <span class='ocrx_word' id='word_1_13' title='bbox 609 366 698 428; x_wconf 85' lang='lat' dir='ltr'><strong>parra</strong></span> <span class='ocrx_word' id='word_1_14' title='bbox 720 369 808 412; x_wconf 89' lang='lat' dir='ltr'><strong>manu</strong></span> <span class='ocrx_word' id='word_1_15' title='bbox 823 352 946 424; x_wconf 83' lang='lat' dir='ltr'><strong>fuderit,</strong></span> <span class='ocrx_word' id='word_1_16' title='bbox 970 374 1043 434; x_wconf 88' lang='lat' dir='ltr'><strong>quas</strong></span> 
     </span>
     <span class='ocr_line' id='line_1_3' title="bbox 64 429 1041 516; baseline 0.008 -27"><span class='ocrx_word' id='word_1_17' title='bbox 64 429 147 489; x_wconf 89' lang='lat' dir='ltr'><strong>urbis</strong></span> <span class='ocrx_word' id='word_1_18' title='bbox 163 438 266 491; x_wconf 89' lang='lat' dir='ltr'><strong>natura</strong></span> <span class='ocrx_word' id='word_1_19' title='bbox 284 433 410 491; x_wconf 89' lang='lat' dir='ltr'><strong>munitas</strong></span> <span class='ocrx_word' id='word_1_20' title='bbox 432 433 590 508; x_wconf 88' lang='lat' dir='ltr'><strong>pugnando</strong></span> <span class='ocrx_word' id='word_1_21' title='bbox 612 437 730 512; x_wconf 78' lang='lat' dir='ltr'><strong>ceperit,</strong></span> <span class='ocrx_word' id='word_1_22' title='bbox 754 438 784 496; x_wconf 88' lang='lat' dir='ltr'><strong>ui</strong></span> <span class='ocrx_word' id='word_1_23' title='bbox 805 454 838 497; x_wconf 89' lang='lat' dir='ltr'><strong>ea</strong></span> <span class='ocrx_word' id='word_1_24' title='bbox 857 454 906 498; x_wconf 89' lang='lat' dir='ltr'><strong>res</strong></span> <span class='ocrx_word' id='word_1_25' title='bbox 925 438 1041 516; x_wconf 86' lang='lat' dir='ltr'><strong>longius</strong></span> 
     </span>
     <span class='ocr_line' id='line_1_4' title="bbox 64 513 886 595; baseline 0.005 -24"><span class='ocrx_word' id='word_1_26' title='bbox 64 530 117 572; x_wconf 93' lang='lat' dir='ltr'><strong>nos</strong></span> <span class='ocrx_word' id='word_1_27' title='bbox 139 513 177 573; x_wconf 91' lang='lat' dir='ltr'><strong>ab</strong></span> <span class='ocrx_word' id='word_1_28' title='bbox 193 516 309 595; x_wconf 87' lang='lat' dir='ltr'><strong>incepto</strong></span> <span class='ocrx_word' id='word_1_29' title='bbox 331 515 471 575; x_wconf 89' lang='lat' dir='ltr'><strong>traheret.</strong></span> <span class='ocrx_word' id='word_1_30' title='bbox 879 536 886 543; x_wconf 77' lang='grc'><strong>’</strong></span> 
     </span>
    </p>

    <p class='ocr_par' dir='ltr' id='par_1_3' title="bbox 64 596 1078 1669">
     <span class='ocr_line' id='line_1_5' title="bbox 148 596 1078 677; baseline 0.012 -19"><span class='ocrx_word' id='word_1_31' title='bbox 148 597 199 658; x_wconf 84' lang='lat' dir='ltr'><strong>Set</strong></span> <span class='ocrx_word' id='word_1_32' title='bbox 220 596 353 677; x_wconf 88' lang='lat' dir='ltr'><strong>prolecto</strong></span> <span class='ocrx_word' id='word_1_33' title='bbox 374 598 490 659; x_wconf 89' lang='lat' dir='ltr'><strong>lortuna</strong></span> <span class='ocrx_word' id='word_1_34' title='bbox 514 601 543 660; x_wconf 91' lang='lat' dir='ltr'><strong>in</strong></span> <span class='ocrx_word' id='word_1_35' title='bbox 565 605 644 661; x_wconf 93' lang='lat' dir='ltr'><strong>omni</strong></span> <span class='ocrx_word' id='word_1_36' title='bbox 672 621 705 664; x_wconf 93' lang='lat' dir='ltr'><strong>re</strong></span> <span class='ocrx_word' id='word_1_37' title='bbox 729 603 909 664; x_wconf 81' lang='lat' dir='ltr'><strong>dominatur:</strong></span> <span class='ocrx_word' id='word_1_38' title='bbox 939 624 971 665; x_wconf 91' lang='lat' dir='ltr'><strong>ea</strong></span> <span class='ocrx_word' id='word_1_39' title='bbox 992 609 1078 670; x_wconf 82' lang='lat' dir='ltr'><strong>res8=</strong></span> 
     </span>
     <span class='ocr_line' id='line_1_6' title="bbox 65 681 1043 763; baseline 0.009 -23"><span class='ocrx_word' id='word_1_40' title='bbox 65 692 189 741; x_wconf 88' lang='lat' dir='ltr'><strong>cunctas</strong></span> <span class='ocrx_word' id='word_1_41' title='bbox 203 700 238 742; x_wconf 86' lang='lat' dir='ltr'><strong>ex</strong></span> <span class='ocrx_word' id='word_1_42' title='bbox 256 681 385 744; x_wconf 82' lang='lat' dir='ltr'><strong>lubidine</strong></span> <span class='ocrx_word' id='word_1_43' title='bbox 402 685 494 760; x_wconf 85' lang='lat' dir='ltr'><strong>magis</strong></span> <span class='ocrx_word' id='word_1_44' title='bbox 509 702 596 763; x_wconf 89' lang='lat' dir='ltr'><strong>quam</strong></span> <span class='ocrx_word' id='word_1_45' title='bbox 612 704 648 746; x_wconf 90' lang='lat' dir='ltr'><strong>ex</strong></span> <span class='ocrx_word' id='word_1_46' title='bbox 662 705 732 747; x_wconf 81' lang='lat' dir='ltr'><strong>vero</strong></span> <span class='ocrx_word' id='word_1_47' title='bbox 747 686 877 748; x_wconf 87' lang='lat' dir='ltr'><strong>celebrat</strong></span> <span class='ocrx_word' id='word_1_48' title='bbox 891 688 1043 750; x_wconf 90' lang='lat' dir='ltr'><strong>obscurat·</strong></span> 
     </span>
     <span class='ocr_line' id='line_1_7' title="bbox 64 765 1068 848; baseline 0.013 -24"><span class='ocrx_word' id='word_1_49' title='bbox 64 784 129 844; x_wconf 92' lang='lat' dir='ltr'><strong>que.</strong></span> <span class='ocrx_word' id='word_1_50' title='bbox 146 765 367 828; x_wconf 73' lang='lat' dir='ltr'><strong>Atheniensium</strong></span> <span class='ocrx_word' id='word_1_51' title='bbox 380 785 428 828; x_wconf 89' lang='lat' dir='ltr'><strong>res</strong></span> <span class='ocrx_word' id='word_1_52' title='bbox 443 775 555 844; x_wconf 81' lang='lat' dir='ltr'><strong>gestae,</strong></span> <span class='ocrx_word' id='word_1_53' title='bbox 573 772 649 830; x_wconf 87' lang='lat' dir='ltr'><strong>sicut</strong></span> <span class='ocrx_word' id='word_1_54' title='bbox 662 788 717 848; x_wconf 84' lang='lat' dir='ltr'><strong>ego</strong></span> <span class='ocrx_word' id='word_1_55' title='bbox 732 780 878 841; x_wconf 89' lang='lat' dir='ltr'><strong>aestumo,</strong></span> <span class='ocrx_word' id='word_1_56' title='bbox 895 776 964 833; x_wconf 90' lang='lat' dir='ltr'><strong>satis</strong></span> <span class='ocrx_word' id='word_1_57' title='bbox 980 790 1068 837; x_wconf 74' lang='lat' dir='ltr'><strong>ame</strong></span> 
     </span>
     <span class='ocr_line' id='line_1_8' title="bbox 64 849 1041 934; baseline 0.004 -23"><span class='ocrx_word' id='word_1_58' title='bbox 64 849 127 929; x_wconf 91' lang='lat' dir='ltr'><strong>plae</strong></span> <span class='ocrx_word' id='word_1_59' title='bbox 151 852 381 930; x_wconf 83' lang='lat' dir='ltr'><strong>magnificaeque</strong></span> <span class='ocrx_word' id='word_1_60' title='bbox 397 852 489 921; x_wconf 88' lang='lat' dir='ltr'><strong>luere,</strong></span> <span class='ocrx_word' id='word_1_61' title='bbox 512 871 615 913; x_wconf 85' lang='lat' dir='ltr'><strong>verum</strong></span> <span class='ocrx_word' id='word_1_62' title='bbox 633 853 780 934; x_wconf 85' lang='lat' dir='ltr'><strong>aliquanto</strong></span> <span class='ocrx_word' id='word_1_63' title='bbox 799 859 928 918; x_wconf 89' lang='lat' dir='ltr'><strong>minores</strong></span> <span class='ocrx_word' id='word_1_64' title='bbox 944 867 1041 918; x_wconf 87' lang='lat' dir='ltr'><strong>tamen</strong></span> 
     </span>
     <span class='ocr_line' id='line_1_9' title="bbox 64 936 1071 1018; baseline 0.007 -23"><span class='ocrx_word' id='word_1_65' title='bbox 64 954 151 1017; x_wconf 86' lang='lat' dir='ltr'><strong>quam</strong></span> <span class='ocrx_word' id='word_1_66' title='bbox 172 936 248 996; x_wconf 86' lang='lat' dir='ltr'><strong>lama</strong></span> <span class='ocrx_word' id='word_1_67' title='bbox 271 936 415 996; x_wconf 81' lang='lat' dir='ltr'><strong>feruutur.</strong></span> <span class='ocrx_word' id='word_1_68' title='bbox 458 936 509 996; x_wconf 89' lang='lat' dir='ltr'><strong>Set</strong></span> <span class='ocrx_word' id='word_1_69' title='bbox 530 939 597 1014; x_wconf 88' lang='lat' dir='ltr'><strong>quia</strong></span> <span class='ocrx_word' id='word_1_70' title='bbox 618 955 781 1017; x_wconf 86' lang='lat' dir='ltr'><strong>provenere</strong></span> <span class='ocrx_word' id='word_1_71' title='bbox 802 941 842 1000; x_wconf 89' lang='lat' dir='ltr'><strong>lbi</strong></span> <span class='ocrx_word' id='word_1_72' title='bbox 863 942 1040 1018; x_wconf 85' lang='lat' dir='ltr'><strong>scriptorum</strong></span> <span class='ocrx_word' id='word_1_73' title='bbox 1050 951 1071 1002; x_wconf 84' lang='lat'><strong>3·</strong></span> 
     </span>
     <span class='ocr_line' id='line_1_10' title="bbox 64 1021 1040 1099; baseline 0.003 -19"><span class='ocrx_word' id='word_1_74' title='bbox 64 1038 170 1097; x_wconf 89' lang='lat' dir='ltr'><strong>magna</strong></span> <span class='ocrx_word' id='word_1_75' title='bbox 191 1022 325 1098; x_wconf 88' lang='lat' dir='ltr'><strong>ingenia,</strong></span> <span class='ocrx_word' id='word_1_76' title='bbox 353 1038 407 1099; x_wconf 89' lang='lat' dir='ltr'><strong>per</strong></span> <span class='ocrx_word' id='word_1_77' title='bbox 429 1028 578 1080; x_wconf 89' lang='lat' dir='ltr'><strong>terrarum</strong></span> <span class='ocrx_word' id='word_1_78' title='bbox 600 1021 704 1082; x_wconf 89' lang='lat' dir='ltr'><strong>orbem</strong></span> <span class='ocrx_word' id='word_1_79' title='bbox 724 1023 946 1085; x_wconf 73' lang='lat' dir='ltr'><strong>Atheniensium</strong></span> <span class='ocrx_word' id='word_1_80' title='bbox 966 1025 1040 1084; x_wconf 88' lang='lat' dir='ltr'><strong>lacta</strong></span> 
     </span>
     <span class='ocr_line' id='line_1_11' title="bbox 64 1103 1066 1186; baseline 0.004 -22"><span class='ocrx_word' id='word_1_81' title='bbox 64 1123 115 1182; x_wconf 88' lang='lat' dir='ltr'><strong>pro</strong></span> <span class='ocrx_word' id='word_1_82' title='bbox 139 1106 283 1165; x_wconf 84' lang='lat' dir='ltr'><strong>maxumis</strong></span> <span class='ocrx_word' id='word_1_83' title='bbox 304 1103 500 1165; x_wconf 82' lang='lat' dir='ltr'><strong>celebrantur.</strong></span> <span class='ocrx_word' id='word_1_84' title='bbox 544 1105 586 1165; x_wconf 85' lang='lat' dir='ltr'><strong>lta</strong></span> <span class='ocrx_word' id='word_1_85' title='bbox 607 1124 726 1176; x_wconf 90' lang='lat' dir='ltr'><strong>eorum,</strong></span> <span class='ocrx_word' id='word_1_86' title='bbox 748 1109 798 1186; x_wconf 90' lang='lat' dir='ltr'><strong>qui</strong></span> <span class='ocrx_word' id='word_1_87' title='bbox 813 1108 911 1168; x_wconf 87' lang='lat' dir='ltr'><strong>locere</strong></span> <span class='ocrx_word' id='word_1_88' title='bbox 918 1110 928 1176; x_wconf 82' lang='lat'><strong>,&#39;</strong></span> <span class='ocrx_word' id='word_1_89' title='bbox 950 1111 1066 1170; x_wconf 82' lang='lat' dir='ltr'><strong>virtus4</strong></span> 
     </span>
     <span class='ocr_line' id='line_1_12' title="bbox 64 1185 1042 1270; baseline 0.005 -23"><span class='ocrx_word' id='word_1_90' title='bbox 64 1186 141 1250; x_wconf 91' lang='lat' dir='ltr'><strong>tanta</strong></span> <span class='ocrx_word' id='word_1_91' title='bbox 156 1185 297 1258; x_wconf 87' lang='lat' dir='ltr'><strong>hahetur,</strong></span> <span class='ocrx_word' id='word_1_92' title='bbox 318 1197 459 1268; x_wconf 89' lang='lat' dir='ltr'><strong>quantum</strong></span> <span class='ocrx_word' id='word_1_93' title='bbox 473 1207 538 1250; x_wconf 86' lang='lat' dir='ltr'><strong>earn</strong></span> <span class='ocrx_word' id='word_1_94' title='bbox 554 1188 649 1250; x_wconf 85' lang='lat' dir='ltr'><strong>verbis</strong></span> <span class='ocrx_word' id='word_1_95' title='bbox 664 1197 787 1268; x_wconf 91' lang='lat' dir='ltr'><strong>potuere</strong></span> <span class='ocrx_word' id='word_1_96' title='bbox 803 1191 942 1252; x_wconf 82' lang='lat' dir='ltr'><strong>extollere</strong></span> <span class='ocrx_word' id='word_1_97' title='bbox 957 1210 1042 1270; x_wconf 89' lang='lat' dir='ltr'><strong>prae-</strong></span> 
     </span>
     <span class='ocr_line' id='line_1_13' title="bbox 64 1271 1070 1354; baseline 0 -21"><span class='ocrx_word' id='word_1_98' title='bbox 64 1274 142 1333; x_wconf 86' lang='lat' dir='ltr'><strong>clara</strong></span> <span class='ocrx_word' id='word_1_99' title='bbox 159 1275 284 1350; x_wconf 88' lang='lat' dir='ltr'><strong>ingenia.</strong></span> <span class='ocrx_word' id='word_1_100' title='bbox 316 1274 351 1334; x_wconf 82' lang='lat' dir='ltr'><strong>tt</strong></span> <span class='ocrx_word' id='word_1_101' title='bbox 365 1273 474 1351; x_wconf 91' lang='lat' dir='ltr'><strong>populo</strong></span> <span class='ocrx_word' id='word_1_102' title='bbox 491 1271 624 1333; x_wconf 87' lang='lat' dir='ltr'><strong>Romano</strong></span> <span class='ocrx_word' id='word_1_103' title='bbox 639 1292 800 1354; x_wconf 88' lang='lat' dir='ltr'><strong>numquam</strong></span> <span class='ocrx_word' id='word_1_104' title='bbox 822 1295 855 1336; x_wconf 88' lang='lat' dir='ltr'><strong>ea</strong></span> <span class='ocrx_word' id='word_1_105' title='bbox 877 1278 960 1353; x_wconf 87' lang='lat' dir='ltr'><strong>copia</strong></span> <span class='ocrx_word' id='word_1_106' title='bbox 977 1276 1070 1343; x_wconf 65' lang='lat' dir='ltr'><strong>luith</strong></span> 
     </span>
     <span class='ocr_line' id='line_1_14' title="bbox 64 1357 1042 1437; baseline 0 -20"><span class='ocrx_word' id='word_1_107' title='bbox 64 1360 131 1436; x_wconf 86' lang='lat' dir='ltr'><strong>quia</strong></span> <span class='ocrx_word' id='word_1_108' title='bbox 146 1357 400 1435; x_wconf 89' lang='lat' dir='ltr'><strong>prudentissumus</strong></span> <span class='ocrx_word' id='word_1_109' title='bbox 414 1359 538 1437; x_wconf 88' lang='lat' dir='ltr'><strong>quisque</strong></span> <span class='ocrx_word' id='word_1_110' title='bbox 555 1375 692 1418; x_wconf 82' lang='lat' dir='ltr'><strong>maxume</strong></span> <span class='ocrx_word' id='word_1_111' title='bbox 708 1361 878 1434; x_wconf 84' lang='lat' dir='ltr'><strong>negotiosus</strong></span> <span class='ocrx_word' id='word_1_112' title='bbox 900 1367 977 1429; x_wconf 89' lang='lat' dir='ltr'><strong>erat,</strong></span> <span class='ocrx_word' id='word_1_113' title='bbox 998 1361 1042 1418; x_wconf 91' lang='lat' dir='ltr'><strong>in-</strong></span> 
     </span>
     <span class='ocr_line' id='line_1_15' title="bbox 64 1440 1042 1522; baseline 0.001 -21"><span class='ocrx_word' id='word_1_114' title='bbox 64 1444 184 1518; x_wconf 77' lang='lat' dir='ltr'><strong>genium</strong></span> <span class='ocrx_word' id='word_1_115' title='bbox 198 1459 285 1501; x_wconf 89' lang='lat' dir='ltr'><strong>ncmo</strong></span> <span class='ocrx_word' id='word_1_116' title='bbox 300 1443 362 1501; x_wconf 86' lang='lat' dir='ltr'><strong>siue</strong></span> <span class='ocrx_word' id='word_1_117' title='bbox 376 1458 501 1520; x_wconf 90' lang='lat' dir='ltr'><strong>corpore</strong></span> <span class='ocrx_word' id='word_1_118' title='bbox 519 1440 689 1511; x_wconf 90' lang='lat' dir='ltr'><strong>exercebat,</strong></span> <span class='ocrx_word' id='word_1_119' title='bbox 708 1448 846 1519; x_wconf 89' lang='lat' dir='ltr'><strong>optumus</strong></span> <span class='ocrx_word' id='word_1_120' title='bbox 862 1445 985 1522; x_wconf 89' lang='lat' dir='ltr'><strong>quisque</strong></span> <span class='ocrx_word' id='word_1_121' title='bbox 999 1442 1042 1502; x_wconf 90' lang='lat' dir='ltr'><strong>la-</strong></span> 
     </span>
     <span class='ocr_line' id='line_1_16' title="bbox 64 1524 1042 1604; baseline 0.002 -20"><span class='ocrx_word' id='word_1_122' title='bbox 64 1543 132 1586; x_wconf 88' lang='lat' dir='ltr'><strong>cere</strong></span> <span class='ocrx_word' id='word_1_123' title='bbox 148 1543 237 1604; x_wconf 89' lang='lat' dir='ltr'><strong>quam</strong></span> <span class='ocrx_word' id='word_1_124' title='bbox 254 1525 361 1594; x_wconf 86' lang='lat' dir='ltr'><strong>dicere,</strong></span> <span class='ocrx_word' id='word_1_125' title='bbox 378 1542 430 1585; x_wconf 89' lang='lat' dir='ltr'><strong>sua</strong></span> <span class='ocrx_word' id='word_1_126' title='bbox 444 1525 481 1584; x_wconf 94' lang='lat' dir='ltr'><strong>ab</strong></span> <span class='ocrx_word' id='word_1_127' title='bbox 498 1524 560 1584; x_wconf 90' lang='lat' dir='ltr'><strong>aliis</strong></span> <span class='ocrx_word' id='word_1_128' title='bbox 570 1524 647 1585; x_wconf 93' lang='lat' dir='ltr'><strong>bene</strong></span> <span class='ocrx_word' id='word_1_129' title='bbox 662 1524 736 1585; x_wconf 88' lang='lat' dir='ltr'><strong>iacta</strong></span> <span class='ocrx_word' id='word_1_130' title='bbox 754 1525 867 1586; x_wconf 89' lang='lat' dir='ltr'><strong>laudari</strong></span> <span class='ocrx_word' id='word_1_131' title='bbox 879 1544 964 1604; x_wconf 91' lang='lat' dir='ltr'><strong>quam</strong></span> <span class='ocrx_word' id='word_1_132' title='bbox 980 1528 1042 1602; x_wconf 84' lang='lat' dir='ltr'><strong>ipse</strong></span> 
     </span>
     <span class='ocr_line' id='line_1_17' title="bbox 64 1607 479 1669; baseline -0.005 0"><span class='ocrx_word' id='word_1_133' title='bbox 64 1608 190 1669; x_wconf 88' lang='lat' dir='ltr'><strong>aliorum</strong></span> <span class='ocrx_word' id='word_1_134' title='bbox 205 1626 328 1668; x_wconf 88' lang='lat' dir='ltr'><strong>narrare</strong></span> <span class='ocrx_word' id='word_1_135' title='bbox 345 1607 479 1669; x_wconf 85' lang='lat' dir='ltr'><strong>malebat.</strong></span> 
     </span>
    </p>

    <p class='ocr_par' dir='ltr' id='par_1_4' title="bbox 64 1691 1075 2859">
     <span class='ocr_line' id='line_1_18' title="bbox 147 1691 1075 1770; baseline -0.002 -17"><span class='ocrx_word' id='word_1_136' title='bbox 147 1693 239 1768; x_wconf 89' lang='lat' dir='ltr'><strong>lgitur</strong></span> <span class='ocrx_word' id='word_1_137' title='bbox 254 1692 333 1751; x_wconf 91' lang='lat' dir='ltr'><strong>domi</strong></span> <span class='ocrx_word' id='word_1_138' title='bbox 353 1691 530 1770; x_wconf 89' lang='lat' dir='ltr'><strong>militiaeque</strong></span> <span class='ocrx_word' id='word_1_139' title='bbox 551 1692 622 1752; x_wconf 93' lang='lat' dir='ltr'><strong>boui</strong></span> <span class='ocrx_word' id='word_1_140' title='bbox 642 1710 742 1753; x_wconf 89' lang='lat' dir='ltr'><strong>mores</strong></span> <span class='ocrx_word' id='word_1_141' title='bbox 763 1691 951 1753; x_wconf 89' lang='lat' dir='ltr'><strong>colebantur:</strong></span> <span class='ocrx_word' id='word_1_142' title='bbox 975 1691 1075 1751; x_wconf 82' lang='lat' dir='ltr'><strong>con-9</strong></span> 
     </span>
     <span class='ocr_line' id='line_1_19' title="bbox 64 1772 1043 1854; baseline -0.003 -18"><span class='ocrx_word' id='word_1_143' title='bbox 64 1776 163 1836; x_wconf 90' lang='lat' dir='ltr'><strong>cordia</strong></span> <span class='ocrx_word' id='word_1_144' title='bbox 181 1793 327 1843; x_wconf 88' lang='lat' dir='ltr'><strong>maxuma,</strong></span> <span class='ocrx_word' id='word_1_145' title='bbox 346 1778 475 1836; x_wconf 89' lang='lat' dir='ltr'><strong>minuma</strong></span> <span class='ocrx_word' id='word_1_146' title='bbox 492 1778 610 1836; x_wconf 84' lang='lat' dir='ltr'><strong>avaritia</strong></span> <span class='ocrx_word' id='word_1_147' title='bbox 626 1784 704 1836; x_wconf 90' lang='lat' dir='ltr'><strong>erat:</strong></span> <span class='ocrx_word' id='word_1_148' title='bbox 720 1778 765 1836; x_wconf 89' lang='lat' dir='ltr'><strong>ius</strong></span> <span class='ocrx_word' id='word_1_149' title='bbox 777 1772 950 1854; x_wconf 89' lang='lat' dir='ltr'><strong>bonumque</strong></span> <span class='ocrx_word' id='word_1_150' title='bbox 966 1776 1043 1854; x_wconf 88' lang='lat' dir='ltr'><strong>apud</strong></span> 
     </span>
     <span class='ocr_line' id='line_1_20' title="bbox 64 1858 1068 1938; baseline -0.003 -18"><span class='ocrx_word' id='word_1_151' title='bbox 64 1878 115 1921; x_wconf 91' lang='lat' dir='ltr'><strong>eos</strong></span> <span class='ocrx_word' id='word_1_152' title='bbox 132 1877 193 1920; x_wconf 89' lang='lat' dir='ltr'><strong>uon</strong></span> <span class='ocrx_word' id='word_1_153' title='bbox 208 1859 322 1936; x_wconf 84' lang='lat' dir='ltr'><strong>legibus</strong></span> <span class='ocrx_word' id='word_1_154' title='bbox 339 1861 431 1936; x_wconf 85' lang='lat' dir='ltr'><strong>magis</strong></span> <span class='ocrx_word' id='word_1_155' title='bbox 447 1878 534 1938; x_wconf 92' lang='lat' dir='ltr'><strong>quam</strong></span> <span class='ocrx_word' id='word_1_156' title='bbox 552 1869 657 1920; x_wconf 88' lang='lat' dir='ltr'><strong>natura</strong></span> <span class='ocrx_word' id='word_1_157' title='bbox 672 1858 793 1920; x_wconf 89' lang='lat' dir='ltr'><strong>valebat.</strong></span> <span class='ocrx_word' id='word_1_158' title='bbox 818 1860 916 1934; x_wconf 87' lang='lat' dir='ltr'><strong>lurgia</strong></span> <span class='ocrx_word' id='word_1_159' title='bbox 932 1859 1068 1918; x_wconf 78' lang='lat' dir='ltr'><strong>discor-2</strong></span> 
     </span>
     <span class='ocr_line' id='line_1_21' title="bbox 65 1942 1044 2012; baseline -0.003 -8"><span class='ocrx_word' id='word_1_160' title='bbox 65 1944 129 2004; x_wconf 92' lang='lat' dir='ltr'><strong>dias</strong></span> <span class='ocrx_word' id='word_1_161' title='bbox 143 1942 304 2003; x_wconf 88' lang='lat' dir='ltr'><strong>simultates</strong></span> <span class='ocrx_word' id='word_1_162' title='bbox 320 1960 387 2004; x_wconf 90' lang='lat' dir='ltr'><strong>cum</strong></span> <span class='ocrx_word' id='word_1_163' title='bbox 401 1942 534 2004; x_wconf 85' lang='lat' dir='ltr'><strong>hostibus</strong></span> <span class='ocrx_word' id='word_1_164' title='bbox 548 1943 738 2012; x_wconf 85' lang='lat' dir='ltr'><strong>exercebant,</strong></span> <span class='ocrx_word' id='word_1_165' title='bbox 757 1944 834 2003; x_wconf 85' lang='lat' dir='ltr'><strong>cives</strong></span> <span class='ocrx_word' id='word_1_166' title='bbox 849 1960 917 2002; x_wconf 92' lang='lat' dir='ltr'><strong>cum</strong></span> <span class='ocrx_word' id='word_1_167' title='bbox 934 1942 1044 2002; x_wconf 89' lang='lat' dir='ltr'><strong>civibus</strong></span> 
     </span>
     <span class='ocr_line' id='line_1_22' title="bbox 64 2026 1044 2105; baseline -0.004 -17"><span class='ocrx_word' id='word_1_168' title='bbox 64 2029 99 2088; x_wconf 87' lang='lat' dir='ltr'><strong>de</strong></span> <span class='ocrx_word' id='word_1_169' title='bbox 121 2029 228 2086; x_wconf 86' lang='lat' dir='ltr'><strong>virtute</strong></span> <span class='ocrx_word' id='word_1_170' title='bbox 243 2026 407 2086; x_wconf 88' lang='lat' dir='ltr'><strong>certabant:</strong></span> <span class='ocrx_word' id='word_1_171' title='bbox 427 2028 456 2085; x_wconf 94' lang='lat' dir='ltr'><strong>in</strong></span> <span class='ocrx_word' id='word_1_172' title='bbox 476 2027 624 2105; x_wconf 90' lang='lat' dir='ltr'><strong>subpliciis</strong></span> <span class='ocrx_word' id='word_1_173' title='bbox 642 2027 764 2087; x_wconf 90' lang='lat' dir='ltr'><strong>deorum</strong></span> <span class='ocrx_word' id='word_1_174' title='bbox 788 2026 943 2102; x_wconf 81' lang='lat' dir='ltr'><strong>magnilioi,</strong></span> <span class='ocrx_word' id='word_1_175' title='bbox 965 2026 1044 2086; x_wconf 92' lang='lat' dir='ltr'><strong>domi</strong></span> 
     </span>
     <span class='ocr_line' id='line_1_23' title="bbox 64 2109 1068 2189; baseline -0.001 -18"><span class='ocrx_word' id='word_1_176' title='bbox 64 2113 154 2189; x_wconf 90' lang='lat' dir='ltr'><strong>parci,</strong></span> <span class='ocrx_word' id='word_1_177' title='bbox 174 2113 204 2170; x_wconf 91' lang='lat' dir='ltr'><strong>in</strong></span> <span class='ocrx_word' id='word_1_178' title='bbox 225 2112 333 2170; x_wconf 89' lang='lat' dir='ltr'><strong>amicos</strong></span> <span class='ocrx_word' id='word_1_179' title='bbox 347 2110 447 2170; x_wconf 87' lang='lat' dir='ltr'><strong>fideles</strong></span> <span class='ocrx_word' id='word_1_180' title='bbox 463 2119 555 2171; x_wconf 89' lang='lat' dir='ltr'><strong>erant.</strong></span> <span class='ocrx_word' id='word_1_181' title='bbox 579 2110 699 2171; x_wconf 87' lang='lat' dir='ltr'><strong>Duabus</strong></span> <span class='ocrx_word' id='word_1_182' title='bbox 714 2109 760 2169; x_wconf 89' lang='lat' dir='ltr'><strong>his</strong></span> <span class='ocrx_word' id='word_1_183' title='bbox 777 2110 898 2178; x_wconf 79' lang='lat' dir='ltr'><strong>artibuS,</strong></span> <span class='ocrx_word' id='word_1_184' title='bbox 921 2110 1068 2170; x_wconf 70' lang='lat' dir='ltr'><strong>audacias</strong></span> 
     </span>
     <span class='ocr_line' id='line_1_24' title="bbox 64 2193 1044 2273; baseline -0.002 -19"><span class='ocrx_word' id='word_1_185' title='bbox 64 2198 92 2254; x_wconf 88' lang='lat' dir='ltr'><strong>in</strong></span> <span class='ocrx_word' id='word_1_186' title='bbox 109 2193 198 2262; x_wconf 92' lang='lat' dir='ltr'><strong>bello,</strong></span> <span class='ocrx_word' id='word_1_187' title='bbox 216 2193 266 2253; x_wconf 94' lang='lat' dir='ltr'><strong>ubi</strong></span> <span class='ocrx_word' id='word_1_188' title='bbox 279 2211 336 2270; x_wconf 88' lang='lat' dir='ltr'><strong>pax</strong></span> <span class='ocrx_word' id='word_1_189' title='bbox 350 2201 487 2254; x_wconf 86' lang='lat' dir='ltr'><strong>evenerat</strong></span> <span class='ocrx_word' id='word_1_190' title='bbox 497 2196 649 2273; x_wconf 84' lang='lat' dir='ltr'><strong>aequitate,</strong></span> <span class='ocrx_word' id='word_1_191' title='bbox 663 2210 753 2272; x_wconf 87' lang='lat' dir='ltr'><strong>seque</strong></span> <span class='ocrx_word' id='word_1_192' title='bbox 764 2211 886 2271; x_wconf 90' lang='lat' dir='ltr'><strong>remque</strong></span> <span class='ocrx_word' id='word_1_193' title='bbox 896 2193 1044 2271; x_wconf 86' lang='lat' dir='ltr'><strong>publicam</strong></span> 
     </span>
     <span class='ocr_line' id='line_1_25' title="bbox 64 2276 1069 2354; baseline -0.003 -16"><span class='ocrx_word' id='word_1_194' title='bbox 64 2276 218 2338; x_wconf 90' lang='lat' dir='ltr'><strong>curabant.</strong></span> <span class='ocrx_word' id='word_1_195' title='bbox 239 2277 370 2347; x_wconf 81' lang='lat' dir='ltr'><strong>Quarum</strong></span> <span class='ocrx_word' id='word_1_196' title='bbox 380 2295 482 2337; x_wconf 87' lang='lat' dir='ltr'><strong>rerum</strong></span> <span class='ocrx_word' id='word_1_197' title='bbox 498 2295 553 2354; x_wconf 84' lang='lat' dir='ltr'><strong>ego</strong></span> <span class='ocrx_word' id='word_1_198' title='bbox 568 2295 703 2338; x_wconf 87' lang='lat' dir='ltr'><strong>maxuma</strong></span> <span class='ocrx_word' id='word_1_199' title='bbox 715 2277 889 2338; x_wconf 89' lang='lat' dir='ltr'><strong>documenta</strong></span> <span class='ocrx_word' id='word_1_200' title='bbox 905 2277 978 2336; x_wconf 86' lang='lat' dir='ltr'><strong>haec</strong></span> <span class='ocrx_word' id='word_1_201' title='bbox 992 2277 1043 2335; x_wconf 90' lang='lat' dir='ltr'><strong>ba·</strong></span> <span class='ocrx_word' id='word_1_202' title='bbox 1053 2298 1069 2343; x_wconf 78' lang='lat' dir='ltr'><strong>-t</strong></span> 
     </span>
     <span class='ocr_line' id='line_1_26' title="bbox 64 2360 1043 2439; baseline -0.003 -18"><span class='ocrx_word' id='word_1_203' title='bbox 64 2361 135 2430; x_wconf 92' lang='lat' dir='ltr'><strong>beo,</strong></span> <span class='ocrx_word' id='word_1_204' title='bbox 156 2360 234 2439; x_wconf 93' lang='lat' dir='ltr'><strong>quod</strong></span> <span class='ocrx_word' id='word_1_205' title='bbox 252 2362 281 2419; x_wconf 91' lang='lat' dir='ltr'><strong>in</strong></span> <span class='ocrx_word' id='word_1_206' title='bbox 293 2361 371 2420; x_wconf 93' lang='lat' dir='ltr'><strong>bello</strong></span> <span class='ocrx_word' id='word_1_207' title='bbox 386 2363 502 2438; x_wconf 88' lang='lat' dir='ltr'><strong>saepius</strong></span> <span class='ocrx_word' id='word_1_208' title='bbox 512 2362 687 2421; x_wconf 85' lang='lat' dir='ltr'><strong>vindicatum</strong></span> <span class='ocrx_word' id='word_1_209' title='bbox 699 2368 742 2420; x_wconf 90' lang='lat' dir='ltr'><strong>est</strong></span> <span class='ocrx_word' id='word_1_210' title='bbox 755 2361 785 2419; x_wconf 93' lang='lat' dir='ltr'><strong>in</strong></span> <span class='ocrx_word' id='word_1_211' title='bbox 799 2378 864 2429; x_wconf 88' lang='lat' dir='ltr'><strong>eos,</strong></span> <span class='ocrx_word' id='word_1_212' title='bbox 882 2362 932 2439; x_wconf 91' lang='lat' dir='ltr'><strong>qui</strong></span> <span class='ocrx_word' id='word_1_213' title='bbox 943 2368 1043 2419; x_wconf 87' lang='lat' dir='ltr'><strong>contra</strong></span> 
     </span>
     <span class='ocr_line' id='line_1_27' title="bbox 64 2443 1043 2523; baseline -0.005 -17"><span class='ocrx_word' id='word_1_214' title='bbox 64 2447 211 2523; x_wconf 89' lang='lat' dir='ltr'><strong>inperium</strong></span> <span class='ocrx_word' id='word_1_215' title='bbox 232 2447 262 2503; x_wconf 93' lang='lat' dir='ltr'><strong>in</strong></span> <span class='ocrx_word' id='word_1_216' title='bbox 279 2443 394 2504; x_wconf 90' lang='lat' dir='ltr'><strong>hostem</strong></span> <span class='ocrx_word' id='word_1_217' title='bbox 415 2452 632 2522; x_wconf 84' lang='lat' dir='ltr'><strong>pugnaverant,</strong></span> <span class='ocrx_word' id='word_1_218' title='bbox 656 2445 763 2523; x_wconf 88' lang='lat' dir='ltr'><strong>quique</strong></span> <span class='ocrx_word' id='word_1_219' title='bbox 783 2444 895 2503; x_wconf 90' lang='lat' dir='ltr'><strong>tardius</strong></span> <span class='ocrx_word' id='word_1_220' title='bbox 916 2444 1043 2502; x_wconf 87' lang='lat' dir='ltr'><strong>revocati</strong></span> 
     </span>
     <span class='ocr_line' id='line_1_28' title="bbox 64 2525 1043 2608; baseline -0.004 -19"><span class='ocrx_word' id='word_1_221' title='bbox 64 2528 177 2607; x_wconf 90' lang='lat' dir='ltr'><strong>proelio</strong></span> <span class='ocrx_word' id='word_1_222' title='bbox 201 2532 400 2596; x_wconf 80' lang='lat' dir='ltr'><strong>excesserant,</strong></span> <span class='ocrx_word' id='word_1_223' title='bbox 423 2546 510 2606; x_wconf 92' lang='lat' dir='ltr'><strong>quam</strong></span> <span class='ocrx_word' id='word_1_224' title='bbox 533 2530 583 2608; x_wconf 95' lang='lat' dir='ltr'><strong>qui</strong></span> <span class='ocrx_word' id='word_1_225' title='bbox 603 2530 685 2603; x_wconf 89' lang='lat' dir='ltr'><strong>signa</strong></span> <span class='ocrx_word' id='word_1_226' title='bbox 708 2527 876 2606; x_wconf 86' lang='lat' dir='ltr'><strong>relinquere</strong></span> <span class='ocrx_word' id='word_1_227' title='bbox 898 2535 947 2586; x_wconf 90' lang='lat' dir='ltr'><strong>aut</strong></span> <span class='ocrx_word' id='word_1_228' title='bbox 966 2525 1043 2604; x_wconf 90' lang='lat' dir='ltr'><strong>pulsi</strong></span> 
     </span>
     <span class='ocr_line' id='line_1_29' title="bbox 64 2610 1067 2692; baseline -0.001 -20"><span class='ocrx_word' id='word_1_229' title='bbox 64 2613 129 2672; x_wconf 92' lang='lat' dir='ltr'><strong>loco</strong></span> <span class='ocrx_word' id='word_1_230' title='bbox 148 2611 255 2672; x_wconf 88' lang='lat' dir='ltr'><strong>cedere</strong></span> <span class='ocrx_word' id='word_1_231' title='bbox 270 2614 333 2671; x_wconf 89' lang='lat' dir='ltr'><strong>ausi</strong></span> <span class='ocrx_word' id='word_1_232' title='bbox 348 2619 444 2680; x_wconf 89' lang='lat' dir='ltr'><strong>erant,</strong></span> <span class='ocrx_word' id='word_1_233' title='bbox 467 2613 497 2672; x_wconf 92' lang='lat' dir='ltr'><strong>iu</strong></span> <span class='ocrx_word' id='word_1_234' title='bbox 513 2630 585 2692; x_wconf 88' lang='lat' dir='ltr'><strong>pace</strong></span> <span class='ocrx_word' id='word_1_235' title='bbox 600 2630 685 2679; x_wconf 88' lang='lat' dir='ltr'><strong>vero,</strong></span> <span class='ocrx_word' id='word_1_236' title='bbox 702 2611 780 2688; x_wconf 89' lang='lat' dir='ltr'><strong>quod</strong></span> <span class='ocrx_word' id='word_1_237' title='bbox 794 2610 936 2670; x_wconf 88' lang='lat' dir='ltr'><strong>bonificiis</strong></span> <span class='ocrx_word' id='word_1_238' title='bbox 951 2612 1042 2685; x_wconf 84' lang='lat' dir='ltr'><strong>magis</strong></span> <span class='ocrx_word' id='word_1_239' title='bbox 1052 2628 1067 2672; x_wconf 64' lang='grc' dir='ltr'><strong>ἡ</strong></span> 
     </span>
     <span class='ocr_line' id='line_1_30' title="bbox 64 2694 1044 2774; baseline -0.004 -18"><span class='ocrx_word' id='word_1_240' title='bbox 64 2715 153 2774; x_wconf 90' lang='lat' dir='ltr'><strong>quam</strong></span> <span class='ocrx_word' id='word_1_241' title='bbox 171 2701 251 2755; x_wconf 87' lang='lat' dir='ltr'><strong>metu</strong></span> <span class='ocrx_word' id='word_1_242' title='bbox 266 2697 411 2772; x_wconf 89' lang='lat' dir='ltr'><strong>inperium</strong></span> <span class='ocrx_word' id='word_1_243' title='bbox 429 2695 577 2772; x_wconf 84' lang='lat' dir='ltr'><strong>agitabant</strong></span> <span class='ocrx_word' id='word_1_244' title='bbox 592 2703 621 2755; x_wconf 91' lang='lat' dir='ltr'><strong>et</strong></span> <span class='ocrx_word' id='word_1_245' title='bbox 635 2701 754 2772; x_wconf 88' lang='lat' dir='ltr'><strong>accepta</strong></span> <span class='ocrx_word' id='word_1_246' title='bbox 771 2694 877 2753; x_wconf 90' lang='lat' dir='ltr'><strong>iniuria</strong></span> <span class='ocrx_word' id='word_1_247' title='bbox 891 2695 1044 2768; x_wconf 81' lang='lat' dir='ltr'><strong>ignoscere</strong></span> 
     </span>
     <span class='ocr_line' id='line_1_31' title="bbox 64 2778 489 2859; baseline -0.005 -19"><span class='ocrx_word' id='word_1_248' title='bbox 64 2798 152 2859; x_wconf 88' lang='lat' dir='ltr'><strong>quam</strong></span> <span class='ocrx_word' id='word_1_249' title='bbox 175 2780 313 2856; x_wconf 89' lang='lat' dir='ltr'><strong>persequi</strong></span> <span class='ocrx_word' id='word_1_250' title='bbox 334 2778 489 2839; x_wconf 72' lang='lat' dir='ltr'><strong>malebant,</strong></span> 
     </span>
    </p>

    <p class='ocr_par' dir='ltr' id='par_1_5' title="bbox 64 2861 1094 3529">
     <span class='ocr_line' id='line_1_32' title="bbox 149 2861 1094 2941; baseline -0.006 -17"><span class='ocrx_word' id='word_1_251' title='bbox 149 2864 200 2924; x_wconf 88' lang='lat' dir='ltr'><strong>Set</strong></span> <span class='ocrx_word' id='word_1_252' title='bbox 214 2861 265 2922; x_wconf 91' lang='lat' dir='ltr'><strong>ubi</strong></span> <span class='ocrx_word' id='word_1_253' title='bbox 286 2861 388 2922; x_wconf 85' lang='lat' dir='ltr'><strong>labore</strong></span> <span class='ocrx_word' id='word_1_254' title='bbox 410 2870 496 2941; x_wconf 88' lang='lat' dir='ltr'><strong>atque</strong></span> <span class='ocrx_word' id='word_1_255' title='bbox 513 2865 618 2923; x_wconf 89' lang='lat' dir='ltr'><strong>iustitia</strong></span> <span class='ocrx_word' id='word_1_256' title='bbox 636 2881 684 2924; x_wconf 90' lang='lat' dir='ltr'><strong>res</strong></span> <span class='ocrx_word' id='word_1_257' title='bbox 700 2861 817 2939; x_wconf 90' lang='lat' dir='ltr'><strong>publica</strong></span> <span class='ocrx_word' id='word_1_258' title='bbox 834 2861 932 2928; x_wconf 87' lang='lat' dir='ltr'><strong>crevit,</strong></span> <span class='ocrx_word' id='word_1_259' title='bbox 957 2875 1043 2934; x_wconf 89' lang='lat' dir='ltr'><strong>reges</strong></span> <span class='ocrx_word' id='word_1_260' title='bbox 1059 2867 1094 2924; x_wconf 85' lang='lat'><strong>10</strong></span> 
     </span>
     <span class='ocr_line' id='line_1_33' title="bbox 64 2943 1043 3025; baseline -0.007 -17"><span class='ocrx_word' id='word_1_261' title='bbox 64 2949 163 3024; x_wconf 85' lang='lat' dir='ltr'><strong>magni</strong></span> <span class='ocrx_word' id='word_1_262' title='bbox 177 2944 256 3006; x_wconf 89' lang='lat' dir='ltr'><strong>bello</strong></span> <span class='ocrx_word' id='word_1_263' title='bbox 269 2946 378 3015; x_wconf 92' lang='lat' dir='ltr'><strong>domiti,</strong></span> <span class='ocrx_word' id='word_1_264' title='bbox 394 2947 527 3006; x_wconf 87' lang='lat' dir='ltr'><strong>nationes</strong></span> <span class='ocrx_word' id='word_1_265' title='bbox 538 2947 618 3008; x_wconf 90' lang='lat' dir='ltr'><strong>lerae</strong></span> <span class='ocrx_word' id='word_1_266' title='bbox 633 2954 662 3007; x_wconf 89' lang='lat' dir='ltr'><strong>et</strong></span> <span class='ocrx_word' id='word_1_267' title='bbox 675 2945 776 3025; x_wconf 92' lang='lat' dir='ltr'><strong>populi</strong></span> <span class='ocrx_word' id='word_1_268' title='bbox 786 2946 919 3021; x_wconf 87' lang='lat' dir='ltr'><strong>ingentes</strong></span> <span class='ocrx_word' id='word_1_269' title='bbox 933 2944 960 3001; x_wconf 86' lang='lat' dir='ltr'><strong>ri</strong></span> <span class='ocrx_word' id='word_1_270' title='bbox 974 2943 1043 3002; x_wconf 89' lang='lat' dir='ltr'><strong>sub·</strong></span> 
     </span>
     <span class='ocr_line' id='line_1_34' title="bbox 64 3027 1042 3107; baseline -0.009 -15"><span class='ocrx_word' id='word_1_271' title='bbox 64 3034 135 3100; x_wconf 89' lang='lat' dir='ltr'><strong>acti,</strong></span> <span class='ocrx_word' id='word_1_272' title='bbox 160 3029 323 3106; x_wconf 81' lang='lat' dir='ltr'><strong>Carthago,</strong></span> <span class='ocrx_word' id='word_1_273' title='bbox 349 3029 463 3090; x_wconf 87' lang='lat' dir='ltr'><strong>aemula</strong></span> <span class='ocrx_word' id='word_1_274' title='bbox 484 3032 579 3107; x_wconf 89' lang='lat' dir='ltr'><strong>iuperi</strong></span> <span class='ocrx_word' id='word_1_275' title='bbox 598 3029 735 3097; x_wconf 87' lang='lat' dir='ltr'><strong>Romani,</strong></span> <span class='ocrx_word' id='word_1_276' title='bbox 757 3028 793 3088; x_wconf 95' lang='lat' dir='ltr'><strong>ab</strong></span> <span class='ocrx_word' id='word_1_277' title='bbox 814 3029 904 3105; x_wconf 88' lang='lat' dir='ltr'><strong>stirpe</strong></span> <span class='ocrx_word' id='word_1_278' title='bbox 925 3027 1042 3094; x_wconf 89' lang='lat' dir='ltr'><strong>interiit,</strong></span> 
     </span>
     <span class='ocr_line' id='line_1_35' title="bbox 64 3110 1044 3192; baseline -0.008 -17"><span class='ocrx_word' id='word_1_279' title='bbox 64 3123 170 3176; x_wconf 89' lang='lat' dir='ltr'><strong>cuncta</strong></span> <span class='ocrx_word' id='word_1_280' title='bbox 181 3115 274 3173; x_wconf 88' lang='lat' dir='ltr'><strong>maria</strong></span> <span class='ocrx_word' id='word_1_281' title='bbox 289 3121 443 3190; x_wconf 85' lang='lat' dir='ltr'><strong>terraeque</strong></span> <span class='ocrx_word' id='word_1_282' title='bbox 455 3113 606 3192; x_wconf 87' lang='lat' dir='ltr'><strong>patebant:</strong></span> <span class='ocrx_word' id='word_1_283' title='bbox 623 3114 734 3173; x_wconf 84' lang='lat' dir='ltr'><strong>saevire</strong></span> <span class='ocrx_word' id='word_1_284' title='bbox 745 3111 862 3171; x_wconf 81' lang='lat' dir='ltr'><strong>fortuna</strong></span> <span class='ocrx_word' id='word_1_285' title='bbox 874 3127 908 3169; x_wconf 90' lang='lat' dir='ltr'><strong>ac</strong></span> <span class='ocrx_word' id='word_1_286' title='bbox 920 3110 1044 3168; x_wconf 86' lang='lat' dir='ltr'><strong>miscere</strong></span> 
     </span>
     <span class='ocr_line' id='line_1_36' title="bbox 65 3194 1069 3276; baseline -0.008 -18"><span class='ocrx_word' id='word_1_287' title='bbox 65 3202 163 3259; x_wconf 88' lang='lat' dir='ltr'><strong>omnia</strong></span> <span class='ocrx_word' id='word_1_288' title='bbox 178 3199 284 3275; x_wconf 89' lang='lat' dir='ltr'><strong>coepit.</strong></span> <span class='ocrx_word' id='word_1_289' title='bbox 320 3197 375 3268; x_wconf 86' lang='lat' dir='ltr'><strong>Qui</strong></span> <span class='ocrx_word' id='word_1_290' title='bbox 392 3196 511 3257; x_wconf 90' lang='lat' dir='ltr'><strong>labores</strong></span> <span class='ocrx_word' id='word_1_291' title='bbox 525 3197 669 3276; x_wconf 87' lang='lat' dir='ltr'><strong>pericula,</strong></span> <span class='ocrx_word' id='word_1_292' title='bbox 694 3194 796 3255; x_wconf 92' lang='lat' dir='ltr'><strong>dubias</strong></span> <span class='ocrx_word' id='word_1_293' title='bbox 817 3197 905 3271; x_wconf 88' lang='lat' dir='ltr'><strong>atque</strong></span> <span class='ocrx_word' id='word_1_294' title='bbox 925 3209 1069 3271; x_wconf 77' lang='lat' dir='ltr'><strong>asperas2</strong></span> 
     </span>
     <span class='ocr_line' id='line_1_37' title="bbox 65 3277 1045 3356; baseline -0.007 -15"><span class='ocrx_word' id='word_1_295' title='bbox 65 3301 111 3344; x_wconf 90' lang='lat' dir='ltr'><strong>res</strong></span> <span class='ocrx_word' id='word_1_296' title='bbox 123 3281 211 3343; x_wconf 91' lang='lat' dir='ltr'><strong>lacile</strong></span> <span class='ocrx_word' id='word_1_297' title='bbox 224 3280 428 3349; x_wconf 87' lang='lat' dir='ltr'><strong>toleraverant,</strong></span> <span class='ocrx_word' id='word_1_298' title='bbox 442 3284 483 3341; x_wconf 88' lang='lat' dir='ltr'><strong>eis</strong></span> <span class='ocrx_word' id='word_1_299' title='bbox 494 3285 584 3342; x_wconf 89' lang='lat' dir='ltr'><strong>otium</strong></span> <span class='ocrx_word' id='word_1_300' title='bbox 596 3281 718 3348; x_wconf 89' lang='lat' dir='ltr'><strong>divitiae,</strong></span> <span class='ocrx_word' id='word_1_301' title='bbox 731 3278 857 3356; x_wconf 90' lang='lat' dir='ltr'><strong>optanda</strong></span> <span class='ocrx_word' id='word_1_302' title='bbox 868 3277 947 3344; x_wconf 85' lang='lat' dir='ltr'><strong>alias,</strong></span> <span class='ocrx_word' id='word_1_303' title='bbox 962 3277 1045 3340; x_wconf 69' lang='lat' dir='ltr'><strong>oneri</strong></span> 
     </span>
     <span class='ocr_line' id='line_1_38' title="bbox 64 3360 1070 3442; baseline -0.007 -15"><span class='ocrx_word' id='word_1_304' title='bbox 64 3368 260 3442; x_wconf 87' lang='lat' dir='ltr'><strong>miseriaeque</strong></span> <span class='ocrx_word' id='word_1_305' title='bbox 281 3364 373 3424; x_wconf 86' lang='lat' dir='ltr'><strong>luere.</strong></span> <span class='ocrx_word' id='word_1_306' title='bbox 413 3365 505 3441; x_wconf 82' lang='lat' dir='ltr'><strong>lgitur</strong></span> <span class='ocrx_word' id='word_1_307' title='bbox 526 3366 621 3442; x_wconf 88' lang='lat' dir='ltr'><strong>primo</strong></span> <span class='ocrx_word' id='word_1_308' title='bbox 644 3363 799 3441; x_wconf 89' lang='lat' dir='ltr'><strong>pecuniae,</strong></span> <span class='ocrx_word' id='word_1_309' title='bbox 823 3360 926 3420; x_wconf 90' lang='lat' dir='ltr'><strong>deinde</strong></span> <span class='ocrx_word' id='word_1_310' title='bbox 948 3361 1070 3437; x_wconf 66' lang='lat' dir='ltr'><strong>inperia</strong></span> 
     </span>
     <span class='ocr_line' id='line_1_39' title="bbox 66 3444 1057 3529; baseline -0.016 -19"><span class='ocrx_word' id='word_1_311' title='bbox 66 3451 173 3529; x_wconf 87' lang='lat' dir='ltr'><strong>cupido</strong></span> <span class='ocrx_word' id='word_1_312' title='bbox 196 3455 305 3508; x_wconf 81' lang='lat' dir='ltr'><strong>crertt:</strong></span> <span class='ocrx_word' id='word_1_313' title='bbox 329 3466 362 3508; x_wconf 87' lang='lat' dir='ltr'><strong>ea</strong></span> <span class='ocrx_word' id='word_1_314' title='bbox 384 3450 466 3528; x_wconf 89' lang='lat' dir='ltr'><strong>quasi</strong></span> <span class='ocrx_word' id='word_1_315' title='bbox 487 3449 624 3509; x_wconf 85' lang='lat' dir='ltr'><strong>materies</strong></span> <span class='ocrx_word' id='word_1_316' title='bbox 641 3447 775 3507; x_wconf 83' lang='lat' dir='ltr'><strong>omnium</strong></span> <span class='ocrx_word' id='word_1_317' title='bbox 785 3444 1057 3505; x_wconf 65' lang='lat' dir='ltr'><strong>malorumluexe.</strong></span> 
     </span>
    </p>
   </div>
   <div class='ocr_carea' id='block_1_3' title="bbox 0 0 1140 4176">
    <p class='ocr_par' dir='ltr' id='par_1_6' title="bbox 0 0 1140 4176">
     <span class='ocr_line' id='line_1_40' title="bbox 0 0 1140 4176; baseline 0 0"><span class='ocrx_word' id='word_1_318' title='bbox 0 0 1140 4176; x_wconf 95' lang='lat' dir='ltr'><strong> </strong></span> 
     </span>
    </p>
   </div>
  </div>
 </body>
</html>
