2272 4176
9 41 87 172 fu
298 120 797 189 amamumnxannamnu.
879 86 884 93 ’
974 118 1035 187 aar

58 290 90 345 ut
103 282 387 355 consuleretregno
402 284 539 355 patemo,
554 284 695 353 parceret
706 280 970 355 praeclarissimae
981 298 1034 359 pa·

58 366 151 443 triae,
178 378 261 441 quae
274 364 416 440 turpibus
437 362 587 423 incendiis
602 368 633 423 et
645 362 743 425 ruinis
757 371 844 426 esset
858 367 1035 444 deformata,

60 452 145 515 cives
160 464 238 511 suos
254 450 384 525 primum
399 449 439 508 ad
453 447 614 508 sanitatem
635 455 811 525 revocaret,
832 450 944 512 deinde
963 469 1034 512 con·

60 541 215 609 servaret,
229 532 323 593 tidem
337 534 454 609 populo
468 532 608 592 Romano
623 532 746 608 sibique
760 542 945 610 praestaret,
967 554 1035 597 cum

60 623 127 699 ipse
140 625 261 680 tantum
275 618 304 678 el
319 618 467 691 crederet,
481 623 516 677 ut
529 617 570 676 ad
583 615 690 677 hostes
705 624 839 679 armatos
856 635 925 680 eum
939 622 1034 682 mitte-

60 711 119 781 ret,
146 704 259 764 dextra
279 702 417 763 dextram
437 708 545 762 tenens
568 700 718 761 dimittere
739 704 842 777 coepit
861 706 964 765 adulta
977 705 1036 765 iam

60 796 160 851 aetate
174 805 314 865 puerum.
335 788 377 848 At
389 786 493 862 regius
508 786 627 846 animus
643 785 814 862 disciplinis
829 789 1034 850 fallacissimis

61 875 215 948 eruditus,
240 888 279 933 ne
299 888 318 932 a
338 872 438 947 gentis
459 887 535 932 suae
555 871 691 934 moribus
713 872 929 948 degeneraret,
956 874 1035 935 ilens

61 974 150 1020 orare
167 956 443 1018 contraCaesarem
458 955 568 1030 coepit,
583 972 622 1016 ne
638 972 673 1017 se
688 956 863 1017 dimitteret:
879 975 940 1019 non
956 960 1034 1019 enim

61 1043 119 1104 sibi
144 1056 273 1118 regnum
300 1042 402 1117 ipsum
427 1047 597 1115 conspectu
617 1041 756 1101 Caesaris
778 1057 849 1103 esse
864 1044 1035 1105 iucundius.

61 1126 257 1203 Compressis
278 1126 366 1201 pueri
385 1125 517 1185 lacrimis
534 1125 647 1185 Caesar
659 1126 728 1201 ipse
744 1135 913 1189 commotus
930 1130 1034 1189 celeri·

61 1222 121 1287 ter,
148 1210 175 1272 si
197 1212 248 1271 illa
267 1211 407 1285 sentiret,
432 1211 498 1271 lore
518 1225 587 1269 eum
603 1226 708 1271 secum
723 1210 888 1272 adfirmans
904 1214 943 1273 ad
959 1230 1035 1275 suos

62 1296 184 1357 dimisit.
214 1294 268 1355 Ille
283 1302 318 1355 ut
332 1311 370 1355 ex
386 1294 560 1355 carceribus
575 1294 605 1353 in
620 1295 747 1354 liberum
763 1312 886 1356 cursum
901 1299 1034 1359 emissus

61 1382 139 1442 adeo
162 1386 270 1441 contra
290 1379 453 1440 Caesarem
474 1380 585 1439 acriter
603 1379 716 1439 bellum
736 1394 845 1454 gerere
860 1384 976 1458 coepit,
1001 1390 1035 1445 ut

61 1466 218 1539 lacrimas,
246 1464 368 1539 quasin
384 1464 539 1539 colloquio
555 1463 735 1539 proiecerat,
753 1467 865 1539 gaudio
880 1468 1034 1528 videretur

61 1549 249 1625 profudisse.
262 1548 490 1610 Accidissahoc
498 1550 673 1623 complures
681 1549 821 1610 Caesaris
829 1552 927 1626 legati,
936 1552 1034 1627 amici,

61 1634 258 1694 centuriones
279 1634 451 1710 militesque
471 1633 676 1708 laetabantur,
703 1634 787 1710 quod
806 1634 898 1695 nimia
912 1636 1033 1696 bonitas

61 1717 127 1778 eius
149 1717 278 1778 lallaciis
299 1719 387 1793 pueri
409 1720 496 1778 elusa
516 1724 609 1777 esset.
653 1716 747 1791 Quasi
764 1733 839 1780 vero
865 1720 894 1779 id
922 1719 1034 1780 Caesar

60 1802 194 1863 bonitate
215 1808 330 1862 tantum
352 1803 503 1862 adductus
525 1818 562 1861 ac
576 1818 636 1862 non
652 1802 890 1877 prudentissimo
906 1804 1032 1866 consilio

60 1887 197 1948 lecisset.

143 1970 237 2031 XXV.
261 1971 333 2031 Cum
349 1972 428 2032 duce
442 1971 605 2046 adsumpto
612 1970 811 2031 Alexandrini
826 1973 919 2033 nihilo
934 1989 969 2033 se
984 1974 1030 2033 fir·

59 2056 173 2117 miores
189 2056 287 2115 lactos
302 2061 354 2115 aut
368 2056 573 2130 languidiores
587 2057 743 2115 Romanos
762 2057 1030 2123 animadverterent

58 2140 317 2216 eludentibusque
332 2140 474 2200 militibus
489 2141 571 2214 regis
586 2147 715 2200 aetatem
727 2147 819 2215 atque
831 2142 1029 2206 infirmitatem

60 2240 205 2300 magnum
227 2225 364 2286 dolorem
384 2225 559 2300 acciperent
579 2240 679 2300 neque
701 2239 735 2284 se
756 2225 919 2302 quicquam
942 2229 1027 2303 proli·

59 2326 129 2371 cere
141 2309 280 2368 viderent
291 2324 492 2384 rumoresque
503 2309 678 2383 existerent,
694 2311 933 2385 magnacaesari
946 2329 1030 2387 prae·

57 2394 139 2453 sidia
152 2393 289 2453 terrestri
304 2394 410 2454 itinere
426 2393 518 2471 Syria
532 2394 696 2470 Ciliciaque
711 2394 836 2469 adduci,
859 2397 941 2471 quod
957 2413 1032 2457 non·

58 2479 131 2539 dum
146 2477 282 2537 auditum
299 2478 421 2538 Caesari
436 2484 516 2552 erat,
532 2483 746 2552 commeatum,
763 2480 815 2554 qui
830 2481 904 2539 mari
920 2482 1032 2542 nostris

60 2562 319 2638 supportabatur,
345 2562 527 2637 intercipere
545 2568 724 2622 statuerunt.
759 2564 866 2639 ltaque
881 2565 1033 2639 expeditis

57 2647 189 2722 navigiis
211 2646 289 2706 locis
309 2646 428 2707 idoneis
451 2646 489 2705 ad
506 2646 662 2721 Canopum
683 2648 712 2705 in
728 2648 858 2708 statione
874 2649 1033 2724 dispositis

57 2732 188 2792 navibus
215 2730 436 2790 insidiabantur
461 2731 574 2791 nostris
600 2733 827 2793 commeatibus.
868 2732 955 2806 Quod
982 2734 1033 2794 ubi

58 2814 181 2877 Caesari
197 2815 364 2875 nuntiatum
378 2823 434 2890 est,
452 2832 538 2876 suam
552 2817 682 2876 classem
696 2817 779 2876 iubet
790 2818 927 2891 expediri
942 2824 1034 2893 atque

57 2900 176 2960 instrui.
206 2898 347 2959 Praelicit
361 2899 431 2961 huic
446 2900 509 2961 Tib.
524 2901 683 2961 Neronem.
698 2900 938 2962 Proficiscuntnr
951 2904 982 2962 in
996 2919 1033 2963 ea

58 2987 160 3045 classe
175 2983 316 3044 Rhodiae
338 3000 434 3044 naves
450 2992 542 3060 atque
557 2984 588 3042 in
603 2984 650 3045 his
665 2985 862 3062 Euphranor,
888 2988 955 3046 sine
971 3004 1032 3063 quo

56 3071 139 3130 nulla
152 3082 299 3144 umquam
316 3069 468 3130 dimicatio
482 3070 650 3145 marituma,
665 3072 749 3130 nulla
763 3071 852 3130 etiam
867 3088 974 3147 parum
989 3071 1024 3133 le

55 3154 152 3215 liciter
173 3154 316 3213 conlecta
336 3160 409 3213 crat.
438 3155 481 3214 At
501 3155 638 3228 lortuna,
665 3170 745 3230 quae
766 3157 946 3231 plerumque
965 3172 1031 3231 eos,

56 3254 134 3315 quos
150 3236 291 3314 plurimis
306 3237 464 3298 beneficiis
480 3238 613 3312 ornavit,
641 3239 681 3298 ad
696 3239 849 3299 duriorem
864 3255 969 3302 casum
982 3255 1030 3303 re·

54 3330 172 3399 servat,
203 3320 397 3397 superiorum
422 3328 595 3398 temporum
620 3321 776 3383 dissimilis
800 3322 1029 3399 Euphranorem

54 3406 312 3493 prosequebatur.
339 3406 415 3470 llam
437 3421 506 3471 curn
524 3407 564 3469 ad
580 3405 737 3487 canopum
750 3416 874 3471 ventum
888 3418 971 3474 esset
984 3410 1027 3475 ln-
