2302 4192
490 133 604 195 traua
625 134 674 195 ur.
981 131 1067 199 ⁴aon
1112 114 1115 119 '

90 309 184 355 mans
197 290 308 352 ulilites
325 287 501 351 cohortatus
517 294 573 364 est,
588 294 621 348 ut
634 287 785 350 beneficio
796 289 936 352 fortunae
947 300 1066 352 uteren-

90 388 141 441 tur
163 384 327 453 casusque
348 380 571 450 oppugnarent.
611 372 682 449 Qui,
709 374 767 433 etsi
785 390 896 449 magno
918 383 1006 436 aestu
1025 409 1052 419 -

90 480 163 524 uam
184 461 223 521 ad
243 459 402 521 meridiem
415 473 466 519 res
482 464 547 519 erat
561 459 709 533 perducta
720 490 762 506 -
777 464 878 518 tamen
893 460 930 519 ad
948 476 1067 520 omnem

89 549 231 609 laborem
251 544 352 604 animo
374 543 472 618 parati
493 542 621 618 imperio
642 548 819 618 paruerunt.
855 544 961 604 Castra
981 561 1066 605 aco-
1140 582 1143 587 -

89 632 241 704 hortibus
255 644 335 704 quae
345 628 387 687 ibi
398 628 553 704 praesidio
566 634 653 687 erant
662 627 794 701 relictae,
807 627 955 688 industrie
963 629 1066 688 delen·

90 717 262 789 dabantur,
291 714 385 772 multo
407 712 496 771 ctiam
518 712 619 773 acrius
640 711 843 771 aThracibus
864 713 1067 788 barbarisque

89 801 226 860 auxiliis.
255 798 330 857 Nam
353 797 404 872 qui
421 797 487 856 acie
501 797 677 871 refugerant
690 797 816 870 milites,
838 803 869 857 et
882 797 983 858 animo
998 814 1054 873 per

90 885 187 945 territi
200 889 231 943 et
239 881 420 943 lassitudine
432 882 572 955 confecti,
587 881 690 941 missis
702 881 842 956 plerique
853 884 945 942 armis
956 882 1065 957 signis·

90 986 154 1045 que
168 966 348 1028 militaribus
363 966 459 1040 magis
476 966 515 1025 de
529 965 648 1041 reliqua
659 966 731 1040 luga
743 982 834 1041 quam
847 968 885 1026 de
898 973 1067 1028 castrorum

90 1053 274 1114 defensione
296 1050 481 1125 cogitabant.
515 1050 621 1125 Neque
642 1065 715 1110 vero
739 1050 851 1111 diutius
874 1052 971 1127 quiin
984 1054 1065 1113 vallo

90 1137 293 1198 constiterant
313 1135 534 1195 multitudinem
558 1135 687 1194 telorum
712 1135 865 1195 sustinere
889 1144 1065 1213 potuerunt,

90 1223 149 1283 sed
172 1221 301 1281 conlecti
322 1219 498 1280 vulneribus
519 1220 619 1279 locum
646 1219 836 1294 reliquerunt
862 1223 1066 1297 protinusque

90 1304 201 1368 omnes
224 1305 354 1366 ducibus
375 1305 424 1364 usi
446 1304 673 1364 centurionibus
689 1304 881 1379 tribunisque
896 1307 1021 1366 militurn
1036 1308 1065 1366 in

89 1391 259 1453 altissimos
270 1396 400 1464 montes,
413 1389 464 1464 qui
477 1388 517 1448 ad
530 1396 630 1449 castra
640 1389 841 1464 pertinebant,
855 1393 1064 1465 confugerunt.

176 1475 278 1535 XCVI.
306 1475 341 1532 ln
356 1473 465 1534 castris
476 1471 602 1548 Pompei
616 1474 722 1532 videre
736 1475 820 1534 licuit
835 1474 971 1534 trichilas
987 1482 1063 1536 stru-

90 1568 174 1634 ctaS,
196 1575 339 1634 magnum
354 1558 470 1632 argenti
484 1558 607 1633 pondus
622 1558 810 1633 expositum,
826 1559 1001 1620 recentibus
1017 1576 1052 1620 ce

91 1645 225 1720 spitibus
236 1644 435 1704 tabernacula
447 1648 609 1714 constrata,
622 1641 706 1702 Lucil
718 1643 808 1701 etiam
819 1643 937 1703 Lentuli
948 1650 979 1702 ct
989 1661 1060 1704 non-

90 1731 245 1790 nullorum
258 1728 457 1789 tabernacula
470 1733 610 1801 protecta
626 1727 719 1785 edera
729 1728 885 1801 multaque
896 1734 1060 1804 praeterea,

90 1830 172 1889 quae
193 1812 316 1872 niuriam
331 1811 482 1871 luxuriam
497 1819 527 1870 et
541 1810 687 1871 victoriae
702 1810 844 1890 fiduciam
860 1811 1061 1888 designarent

89 1906 124 1960 ut
145 1898 235 1957 facile
257 1896 423 1956 existimari
444 1901 552 1972 posset
572 1893 645 1953 nihil
665 1909 720 1954 eos
742 1895 781 1954 de
796 1901 909 1955 eventu
922 1896 988 1956 eius
1005 1896 1060 1957 diei

90 1982 245 2056 timuisse,
273 1981 407 2054 quinon
429 1979 622 2039 necessarias
646 1978 860 2054 conquirerent
878 1983 1060 2057 voluptates.

89 2070 130 2127 At
150 2065 182 2125 hi
198 2065 367 2125 miserrimo
383 2081 419 2125 ac
433 2063 655 2140 patientissimo
672 2064 808 2124 exercitu
823 2065 962 2126 Caesaris
976 2069 1061 2127 luxu·

88 2153 164 2212 riem
180 2150 361 2224 obiciebant,
379 2149 427 2209 cui
442 2164 565 2224 semper
580 2147 682 2207 omnia
695 2149 735 2208 ad
749 2150 959 2210 necessarium
973 2168 1063 2217 usum

88 2235 271 2296 doluissent.
300 2232 480 2310 Pompeius,
501 2234 560 2292 iarn
583 2248 651 2291 cum
666 2232 744 2291 intra
757 2236 871 2294 vallum
885 2237 982 2296 nostri
996 2253 1063 2296 vcr-

88 2325 246 2393 sarentur,
268 2334 382 2393 equum
396 2323 504 2377 nactus
527 2317 669 2377 detractis
685 2317 857 2392 insignibus
871 2320 1063 2395 imperatoris

88 2407 261 2467 decumana
283 2409 372 2477 porta
393 2418 428 2462 se
449 2417 488 2461 ex
510 2402 619 2462 castris
641 2402 729 2462 eiecit
753 2403 957 2479 protinusque
982 2422 1062 2481 equo

87 2491 179 2551 citato
195 2487 332 2548 Larisam
347 2487 510 2548 contendit.
540 2487 647 2562 Neque
661 2486 702 2545 ibi
718 2487 861 2562 constitit,
884 2489 940 2548 sed
955 2491 1062 2550 eadem

87 2574 244 2635 celeritate
265 2588 384 2648 paucos
406 2587 481 2631 suos
503 2586 543 2631 ex
563 2572 636 2644 luga
656 2578 764 2632 nactus
785 2579 934 2633 nocturno
957 2574 1063 2634 itinere

87 2676 148 2721 non
172 2657 345 2717 intermisso
369 2656 512 2716 comitatu
533 2655 669 2730 equitum
688 2656 809 2730 triginta
829 2657 869 2716 ad
888 2673 973 2717 mare
993 2675 1062 2734 per·-

86 2744 169 2804 venit
184 2756 355 2816 navemque
373 2740 598 2802 llumentariam
613 2742 792 2801 conscendit
805 2756 908 2817 saepe,
933 2748 967 2802 ut
981 2743 1061 2803 dice·

85 2829 186 2901 batur,
209 2840 342 2902 querens
356 2831 471 2886 tantum
488 2842 523 2884 se
539 2824 715 2900 opinionem
730 2826 886 2900 lelellisse,
908 2832 950 2902 ut,
966 2843 1061 2902 aquo

84 2927 200 2990 genere
222 2910 378 2970 hominum
392 2910 551 2971 victoriam
566 2916 739 2984 sperasset,
762 2910 800 2970 ab
816 2925 853 2970 eo
871 2910 955 2972 initio
971 2912 1061 2986 lugae

84 2999 166 3060 lacto
183 3011 284 3072 paene
298 2995 439 3071 proditus
454 2995 617 3055 videretur.

169 3080 286 3142 XCVII.
332 3081 445 3141 Caesar
460 3079 569 3141 castris
584 3079 698 3153 potitus
712 3078 885 3140 amilitibus
897 3082 1059 3157 contendit,

85 3182 124 3228 ne
145 3166 178 3225 in
200 3164 319 3242 praeda
340 3166 480 3241 occupati
494 3163 603 3238 reliqui
618 3164 732 3239 negotii
746 3163 873 3238 gerendi
886 3164 1057 3228 lacultatcm

83 3252 280 3313 dimitterent.
324 3249 446 3324 Quare
470 3250 630 3323 impetrata
653 3256 786 3309 montem
813 3263 907 3323 opere
932 3249 1057 3312 circum-

82 3336 203 3397 munire
215 3334 351 3395 instituit.
377 3333 564 3410 Pompeiani,
581 3333 667 3408 quod
676 3333 703 3393 is
715 3348 804 3393 mons
816 3338 881 3392 erat
890 3332 957 3394 sine
968 3350 1061 3411 aquo,

82 3420 180 3483 dilllsl
202 3419 229 3478 ei
247 3420 317 3479 loco
335 3419 442 3481 relicto
464 3424 569 3482 monte
589 3416 729 3483 universi
747 3416 834 3499 iugis
848 3416 1083 3481 exustarum

115 3518 141 3557 c.
157 3515 256 3557 merus
269 3516 397 3561 causta.
839 3515 880 3571 ‘tu
