2272 4176
106 109 166 173 228
352 108 357 119 ’
424 113 474 174 DE
496 114 620 175 BELLO
645 115 760 177 CIVILI

107 270 186 327 iacta
201 283 239 325 cx
254 267 332 326 binis
349 268 540 337 viderentur;
568 271 805 344 compluresque
826 268 936 329 tribuni
950 269 1068 330 militurn
1120 318 1130 333 ,

105 359 135 412 et
156 351 350 412 centuriones
372 353 411 411 ad
434 353 594 412 Caesarem
615 355 742 413 veniunt
764 370 863 429 seque
882 355 909 414 ei
924 370 1068 415 commen-

106 437 188 497 dant.
218 438 301 496 Idem
315 437 375 498 hoc
390 437 424 498 fit
437 454 456 496 a
469 437 658 512 principibus
673 438 858 512 Hispaniae,
874 456 952 513 quos
969 454 1071 501 evoca-

106 529 213 581 verant
233 529 264 581 et
284 538 390 582 secum
410 523 440 580 in
462 522 571 580 castris
592 520 749 582 habebant
768 523 913 583 obsidum
933 525 1013 585 loco.
1038 525 1071 585 Hi

106 623 181 668 suos
204 614 294 667 notos
316 606 516 681 hospitesque
538 606 741 681 quaerebant,
767 623 824 682 per
840 623 932 682 quem
948 608 1071 685 quisque

107 709 213 753 eorum
243 692 357 750 aditum
388 690 658 752 commendationis
689 690 817 750 haberet
842 692 883 751 ad
907 692 1070 753 Caesarem.

107 776 223 837 Afranii
238 776 327 835 etiam
342 774 421 835 filins
437 775 621 835 adulescens
637 774 676 833 dc
691 791 748 834 sua
762 792 800 835 ac
815 777 953 851 parentis
968 778 1014 837 sui
1028 793 1070 837 sa·

106 864 168 922 lute
189 877 258 920 cum
279 860 410 920 Caesare
430 874 486 934 per
508 858 676 935 Sulpicium
690 860 823 934 legatum
839 861 961 935 agebat
987 862 1072 923 Erant

108 949 198 1022 plena
212 944 324 1005 laetitia
333 951 365 1004 ct
377 945 579 1019 gratulatione
593 943 696 1004 omnia
709 959 825 1020 eorum,
842 945 895 1021 qui
906 952 991 1007 tauta
999 946 1071 1022 peri·

107 1033 176 1090 cula
188 1029 318 1102 vitasse,
345 1035 376 1088 et
389 1045 510 1103 eorum,
533 1028 586 1103 qui
601 1028 668 1087 sine
681 1030 811 1089 vulnere
825 1035 928 1091 tantas
942 1047 993 1091 res
1007 1047 1071 1092 con

107 1115 219 1174 iecisse
241 1114 436 1188 videbantur,
461 1127 667 1187 magnumque
688 1113 820 1173 fructum
842 1130 920 1175 suae
934 1116 1072 1190 pristinae

107 1198 237 1257 lenitatis
262 1197 395 1257 omnium
418 1197 530 1257 iudicio
558 1196 670 1256 Caesar
691 1197 824 1273 terebat,
857 1200 1071 1276 consiliumque

107 1283 174 1343 eius
187 1299 206 1341 a
220 1284 338 1342 cunctis
352 1282 548 1357 probabatur.

186 1367 303 1426 LXXV.
327 1366 442 1440 Quibus
457 1365 551 1427 rebus
574 1365 720 1425 nuntiatis
733 1365 862 1426 Afranio
884 1366 925 1427 ab
946 1368 1070 1431 instituto
1127 1396 1130 1409 ·

108 1467 203 1528 opere
219 1451 350 1512 discedit
364 1466 461 1526 seque
475 1450 506 1509 in
521 1456 622 1511 castra
635 1449 760 1524 recipit,
775 1449 822 1511 sic
836 1457 976 1527 paratus,
990 1461 1022 1514 ut
1033 1453 1069 1513 vi

107 1538 252 1610 debatur,
268 1543 317 1611 ut,
332 1537 517 1611 quicumque
532 1534 698 1596 accidisset
711 1549 820 1609 casus,
834 1534 919 1596 hunc
935 1538 1035 1613 quieto
1047 1545 1072 1597 et

108 1638 209 1697 aequo
227 1621 326 1682 animo
342 1622 443 1680 ferret.
471 1620 607 1681 Petreius
622 1633 696 1678 vero
712 1635 774 1678 non
789 1619 906 1686 deserit
920 1637 1002 1683 sese.
1021 1622 1070 1682 Ar·

107 1714 170 1766 mat
189 1705 346 1766 familiarn=
376 1722 444 1765 curn
464 1703 524 1765 hac
543 1712 574 1765 et
587 1702 741 1780 praetoria
754 1702 882 1764 cohorte
898 1713 1071 1769 cetratorum

108 1791 309 1866 barbarisque
331 1790 484 1865 equitibus
512 1788 635 1864 paucis,
660 1787 866 1849 beneficiariis
893 1791 977 1865 suis,
1003 1806 1072 1868 quos

109 1891 183 1935 suae
206 1876 363 1935 custodiae
385 1890 481 1934 causa
505 1874 618 1934 habere
643 1879 821 1947 consuerat,
846 1874 1017 1949 improviso
1038 1875 1073 1936 ad

108 1963 219 2018 vallum
231 1960 362 2031 advolat,
374 1958 672 2033 conloqulamilitum
682 1957 881 2033 interrumpit,
897 1967 1072 2021 nostrosre

108 2044 225 2118 pellita
240 2044 364 2116 castris,
381 2058 460 2117 quos
477 2042 638 2115 deprendit
651 2040 803 2102 interficit.
831 2042 956 2120 Reliqui
972 2049 1074 2108 coeunt

108 2129 185 2187 inter
199 2143 234 2185 se
256 2134 286 2186 ct
306 2127 464 2201 repentino
480 2127 616 2200 periculo
632 2126 766 2185 exterriti
781 2126 922 2188 sinistras
938 2131 1023 2205 sagis
1035 2131 1073 2190 in·

109 2214 234 2270 volvunt
255 2211 437 2284 gladiosque
463 2210 654 2285 destringunt
678 2218 772 2286 atque
797 2212 838 2271 ita
862 2227 898 2271 se
919 2229 938 2272 a
960 2213 1074 2275 cetratis

109 2295 325 2370 equitibusque
347 2295 513 2354 defendunt
533 2303 701 2355 castrorum
721 2295 951 2371 propinquitate
974 2297 1076 2360 confisi

110 2395 206 2455 seque
221 2380 251 2438 in
267 2387 369 2439 castra
381 2379 532 2454 recipiunt
546 2386 576 2439 et
590 2381 629 2440 ab
644 2380 680 2439 iis
697 2379 883 2455 cohortibus,
901 2399 983 2457 quae
998 2391 1078 2444 erant

110 2464 139 2523 in
156 2464 284 2524 statione
299 2464 338 2523 ad
354 2470 470 2538 portas,
486 2465 700 2526 defenduntur.

192 2549 321 2608 LXXVI.
345 2548 460 2623 Quibus
475 2549 568 2609 rebus
584 2548 731 2610 conlectis
748 2548 974 2612 flensPetreius
989 2569 1076 2614 manr-

109 2634 201 2708 pulos
218 2633 354 2693 circumit
366 2634 538 2709 militesque
549 2636 690 2710 appellat,
706 2648 766 2694 neu
781 2651 816 2694 se
827 2634 1079 2714 ncuPompeium,

109 2717 322 2792 imperatorem
333 2735 431 2794 suum,
443 2719 628 2779 adversariis
639 2717 678 2777 ad
690 2719 875 2793 supplicium
886 2721 1017 2799 tradant,
1029 2723 1079 2784 oh

111 2809 219 2862 secrat.
247 2802 293 2863 Fit
313 2803 451 2863 celeriter
471 2819 640 2864 concursus
662 2802 693 2860 in
710 2803 906 2877 praetorium.
935 2805 1080 2877 Postulat.

111 2892 144 2946 ut
163 2888 262 2947 iurent
283 2903 388 2948 omnes
410 2904 445 2948 se
466 2889 631 2948 exercitum
653 2887 812 2963 ducesque
827 2905 889 2948 non
904 2889 1080 2954 deserturos

111 2987 212 3046 neque
227 2972 402 3048 prodituros
423 2988 524 3048 neque
545 2973 603 3031 sibi
625 2973 790 3045 separatim
806 2989 824 3031 a
838 2974 965 3050 reliquis
982 2978 1080 3038 consi·

111 3056 184 3115 lium
205 3064 358 3134 capturos.
385 3056 532 3133 Princeps
553 3057 583 3114 in
598 3056 674 3115 haee
688 3057 785 3116 verba
798 3057 879 3118 iurat
891 3061 978 3133 ipse;
1003 3062 1081 3123 idem

111 3138 321 3202 iusiurandum
335 3142 429 3218 adigit
441 3140 614 3203 Afranium:
637 3140 867 3217 subsequuntur
881 3143 994 3205 tribuni
1007 3147 1080 3206 mili·

111 3228 175 3282 tum
196 3227 468 3303 centurionesque3
494 3226 683 3287 centuriatim
708 3227 850 3300 producti
871 3227 981 3289 milites
1003 3231 1080 3291 idem

112 3306 220 3369 iurant.
248 3311 394 3387 Edicunt,
409 3328 506 3388 penes
522 3325 613 3387 quern
628 3311 761 3386 quisque
775 3312 816 3373 sit
830 3312 971 3373 Caesaris
985 3316 1071 3376 miles

112 3397 146 3454 ut
159 3395 363 3468 producatum
378 3399 546 3475 productos
560 3396 663 3473 palam
676 3395 706 3455 in
720 3397 873 3471 praetorio
888 3396 1081 3463 interficiunt.
