2302 4192
492 173 607 234 LIBER
629 175 651 232 l.
1022 176 1059 238 1³

97 334 101 341 ·
125 322 257 386 sustineret
270 325 403 387 hostium
417 325 571 402 impetum,
593 325 683 386 misit.
717 328 788 402 lpse
802 328 920 387 interim
935 338 965 388 tn
982 332 1060 391 collo

124 407 203 469 netto
214 412 356 486 triplicem
375 411 471 471 aciem
493 410 636 472 instruxit
650 412 802 483 legionum
820 419 962 485 quattuor
976 422 1054 476 vete-

122 504 251 565 ranarum
286 495 391 553 sedin
413 512 532 555 summo
554 496 625 570 iugo
649 497 725 555 duas
749 496 899 571 legiones,
930 501 1059 574 quasin

123 573 198 637 Gallia
213 578 346 641 citeriore
361 578 502 653 proxime
518 580 761 654 conscripserat,
785 587 814 638 et
830 581 930 640 onmia
945 584 1059 644 auxilia

122 661 244 722 conlocari
254 679 289 723 ac
300 668 396 723 toturn
407 669 540 722 montem
555 663 727 724 hominibus
744 665 892 738 compleri
905 673 934 724 et
944 666 1056 726 interea

119 745 230 807 sarcinas
250 749 279 807 in
301 763 395 806 unum
410 749 510 806 locum
527 748 658 807 conlerri
680 757 794 808 etcum
815 749 854 807 ab
870 748 932 821 his,
957 753 1008 825 qui
1029 751 1055 810 ir

120 832 252 899 superiore
272 831 339 891 acie
361 832 568 905 constiterant,
591 833 698 890 muniri
714 832 814 890 iussit.
843 833 973 892 Helvetii
991 852 1057 894 cum

118 914 232 976 ontibus
252 917 317 976 suis
340 915 434 974 carris
457 915 553 974 secuti
577 916 785 989 inpedimenta
800 916 829 974 in
845 933 941 976 unum
958 920 1057 978 locum

117 1001 298 1070 contulerunt;
320 998 379 1073 ipsi
395 999 619 1058 confertissima
634 999 699 1058 acie
714 1000 827 1059 reiecto
843 1008 950 1060 nostro
973 1004 1055 1077 equi-

116 1084 163 1140 tatu
175 1083 319 1159 phalange
342 1085 422 1141 lacta
436 1083 493 1142 sub
510 1083 637 1156 primam
657 1090 793 1143 nostram
815 1085 911 1144 aciem
932 1102 1055 1147 succes--

111 1175 204 1226 serunt.

176 1251 262 1311 lttv.
288 1251 402 1308 Caesar
416 1251 545 1324 primunr
561 1266 628 1323 suo,
651 1248 762 1310 deinde
778 1252 912 1312 omnium
928 1268 968 1312 ex
984 1270 1041 1314 con

104 1343 198 1408 spectu
214 1334 336 1394 remotis
353 1334 450 1408 equis
472 1342 505 1393 ut
520 1339 650 1408 aequato
668 1334 801 1395 omniunt
817 1337 951 1409 periculo
969 1354 1056 1412 spent

102 1419 182 1492 togae
197 1421 321 1491 tolleret,
338 1417 515 1478 cohortatus
531 1434 606 1478 suos
623 1418 773 1491 proelium
788 1420 948 1479 commisit.
978 1421 1054 1480 Mili-

99 1508 138 1561 tes
161 1505 257 1562 eloco
280 1501 440 1576 superiore
455 1503 524 1576 pilis
547 1501 649 1561 missis
665 1502 753 1561 lacile
774 1503 907 1563 hostium
929 1505 1054 1578 phalan-

93 1603 160 1662 gem
180 1587 399 1660 perfregerunt.
427 1586 472 1644 Ea
493 1585 621 1646 disiecta
641 1586 750 1659 gladiis
773 1588 925 1647 destrictis
949 1588 978 1647 in
1001 1604 1054 1650 eos

91 1672 232 1745 impetum
255 1672 401 1729 lecerunt.
438 1670 531 1729 Gallis
546 1686 658 1744 magno
675 1670 714 1728 ad
730 1687 864 1744 pugnam
885 1679 950 1731 orat
970 1672 1053 1746 inpe-

89 1756 238 1826 dimento,
262 1753 345 1827 quod
366 1754 505 1828 pluribus
527 1770 634 1814 eorum
652 1754 746 1813 sontis
768 1772 830 1813 uno
847 1755 908 1814 ictu
925 1756 1054 1829 pilorum

71 1838 244 1898 transfixis
260 1845 291 1896 et
304 1837 473 1911 conligatis,
496 1854 565 1897 cunr
581 1840 694 1897 serrum
709 1853 744 1896 se
758 1837 938 1913 inflexisset,
955 1856 1055 1915 neque

87 1924 219 1983 evellere
236 1937 338 1995 neque
352 1921 475 1980 sinistra
496 1921 631 1996 inpedita
646 1921 720 1980 satis
737 1923 897 1982 commode
918 1939 1056 1998 pugnare

86 2011 245 2081 poterant,
266 2005 350 2064 multi
366 2011 399 2063 ut
413 2005 465 2065 diu
486 2006 596 2066 iactato
612 2004 737 2065 brachio
753 2015 971 2081 praeoptarent
986 2027 1053 2069 sou-

86 2100 150 2150 turn
171 2106 262 2147 manu
283 2090 417 2149 emittere
438 2097 469 2148 et
488 2091 571 2149 nudo
594 2105 724 2164 corpore
744 2106 892 2165 pugnare.
920 2094 1053 2156 Tandem

85 2173 263 2234 vulneribus
280 2173 394 2231 delessi
409 2180 439 2232 et
453 2174 564 2247 pedem
579 2174 693 2233 reterre
708 2181 752 2248 et,
771 2176 859 2248 'quod
873 2192 961 2235 mons
984 2178 1052 2236 sub-

83 2264 153 2319 erat
174 2257 292 2316 circiter
312 2257 393 2315 mille
413 2273 579 2332 passuum,
602 2273 639 2317 eo
660 2273 695 2316 se
716 2259 854 2333 recipere
876 2269 1054 2334 coeperunt.

84 2344 183 2415 Capto
200 2347 301 2400 monte
313 2346 343 2398 et
357 2341 595 2401 succedentibus
610 2341 723 2401 nostris
732 2341 799 2402 Boii
815 2349 845 2401 et
857 2344 985 2417 Tulingi,
1004 2345 1053 2419 qui

83 2425 243 2486 hominum
257 2423 378 2483 milibus
400 2424 520 2485 circiter
535 2441 575 2484 xv
595 2441 703 2499 agmen
718 2425 852 2485 hostium
874 2428 1056 2487 claudebant

82 2520 115 2570 et
138 2508 313 2568 novissimis
335 2508 490 2581 praesidio
513 2517 614 2583 erant,
637 2525 676 2568 ex
696 2510 802 2569 itinere
824 2517 947 2569 nostros
963 2512 1055 2572 latere

84 2599 195 2669 aperto
217 2592 356 2665 adgressi
380 2592 616 2667 circumvenire,
638 2600 669 2652 et
683 2593 714 2653 id
731 2594 900 2668 conspicati
915 2596 1054 2670 Helvetii,

83 2678 139 2753 qui
162 2678 192 2734 in
208 2682 341 2734 montem
356 2691 428 2735 sese
443 2684 638 2751 receperant,
660 2694 768 2736 rursus
790 2679 905 2736 instare
920 2685 950 2736 et
965 2696 1053 2752 proe-

82 2764 158 2823 lium
176 2760 383 2832 redintegrare
398 2768 574 2834 coeperunt.
597 2762 726 2822 Romani
743 2778 894 2822 conversa
908 2763 996 2837 signa
1011 2765 1053 2823 bi-

83 2845 198 2922 partito
220 2844 400 2903 intulerunt=
425 2844 522 2917 prima
542 2852 572 2904 et
592 2845 730 2904 secunda
752 2846 844 2918 acies,
867 2853 900 2905 ut
914 2847 1002 2906 victis
1019 2864 1055 2906 ae

82 2927 247 2991 summotis
263 2927 429 3000 resisteret,
445 2929 542 2999 tertia,
559 2936 592 2989 ut
606 2929 765 2988 venientes
782 2931 956 2989 sustineret.

169 3011 275 3070 lttvt.
299 3012 343 3070 lta
358 3011 480 3085 ancipiti
496 3013 614 3086 proelio
630 3013 682 3071 diu
702 3019 794 3086 atque
810 3015 918 3073 acriter
937 3027 1049 3086 pugna·

83 3105 148 3155 tum
164 3103 222 3154 est.
253 3095 371 3154 Diutius
387 3111 455 3154 curn
477 3097 630 3155 sustinere
650 3103 825 3156 nostrorum
846 3096 977 3169 impetus
993 3113 1054 3153 non

82 3186 230 3255 possent,
253 3179 338 3238 alteri
354 3194 397 3251 se,
419 3185 453 3239 ut
468 3187 648 3255 coeperant,
670 3181 699 3238 in
715 3186 848 3240 montem
863 3187 1054 3255 receperunt.

82 3262 171 3323 alteri
185 3264 223 3321 ad
238 3262 442 3336 inpedimenta
459 3271 489 3323 et
503 3280 608 3324 carros
622 3280 697 3324 suos
710 3279 744 3322 se
757 3266 957 3324 contulerunt.
981 3265 1054 3322 Nam

83 3348 143 3408 ltoo
159 3354 224 3406 toto
239 3347 369 3422 proelio,
392 3363 460 3406 oum
476 3348 514 3405 ab
530 3348 607 3408 hora
621 3348 752 3422 septima
765 3349 805 3407 ad
819 3364 983 3423 vesperum
1000 3364 1053 3422 pu·

83 3439 209 3507 gnatum
222 3431 270 3507 sit,
287 3445 430 3491 aversum
441 3430 560 3491 hostem
572 3432 678 3491 videre
689 3447 778 3493 nemo
790 3433 896 3510 potuit.
919 3432 969 3490 Ad
980 3432 1041 3490 nrul
