2272 4176
24 39 211 77 errem-³5:³⁰³:
227 42 233 65 ·.

438 188 554 252 LIBER
574 188 640 250 vn.
957 187 1018 256 lot

42 348 108 421 quas
116 346 289 407 mttombtts
296 350 452 420 perunte,
463 345 617 419 temeratis,
630 344 768 419 respicite
774 343 930 416 finitimam
943 346 1019 409 Gal-

42 433 121 507 lium,
138 448 221 507 quac
230 431 458 507 inprobandam
467 431 602 502 redacto,
620 429 724 489 torret
734 428 1018 501 tepiaocommuta·

42 517 78 578 lt‘s
88 516 247 577 accumbas
258 516 544 590 subtectaperpetaa
552 514 852 591 premiturservt'tate.

124 594 289 661 LXXVIII.
313 598 477 659 Sententbs
493 599 582 659 dictIs
595 597 791 672 constituunt
807 604 840 657 ut
854 597 884 674 ii,
900 600 952 675 qui
965 617 1017 660 va-

42 684 179 747 letudine
193 691 248 745 aut
267 690 365 745 aetate
385 684 507 744 inutiles
523 689 595 744 sunt
607 682 704 755 bello,
731 681 847 756 oppido
869 685 1019 747 excedant

42 777 134 847 atque
158 769 263 841 omma
283 769 368 844 prius
390 769 589 843 experiantur
604 783 695 842 quam
710 766 750 825 ad
770 767 933 843 Critognati
948 786 1016 830 sen-

43 856 168 917 tentiam
183 854 389 914 descendant:
415 855 466 914 illo
481 861 582 914 temen
598 850 702 927 potius
717 853 864 911 utendum
879 855 1017 931 consilio,

43 941 68 1001 si
80 955 135 1000 res
151 946 245 1014 cogat
259 946 351 1014 atque
366 938 480 998 auxilia
493 945 664 1012 morentur,
681 952 773 1012 quam
788 944 840 997 aut
855 938 1016 1001 deditionis

43 1031 94 1086 aut
114 1025 208 1099 pacis
229 1023 420 1085 subeundam
442 1023 662 1084 condicionem.
690 1020 862 1096 Mandubii,
889 1023 941 1098 qui
961 1040 1016 1087 eos

43 1109 165 1186 oppido
179 1114 377 1184 receperant,
393 1124 461 1168 cum
476 1108 580 1168 liberis
597 1113 689 1181 atque
702 1105 850 1167 uxoribus
866 1109 950 1168 extre
965 1126 1016 1173 co·

42 1201 164 1271 gtmtur.
189 1194 229 1254 Hi
244 1210 312 1253 cum
326 1193 366 1252 ad
380 1192 563 1254 munitiones
577 1193 785 1252 Romanorum
800 1194 1015 1272 accessissent,

42 1278 154 1341 llentes
169 1277 314 1340 omnibus
329 1278 474 1353 precibus
490 1278 627 1351 orabant
642 1281 677 1334 ut
690 1291 725 1336 se
736 1276 765 1335 in
779 1277 954 1340 servitutem
967 1296 1015 1342 re

43 1371 153 1440 reptos
169 1363 240 1423 cibo
254 1363 401 1423 iuvarent.
418 1362 460 1422 At
475 1362 588 1422 Caesar
600 1361 759 1436 dispositis
774 1361 804 1419 in
818 1364 899 1423 vallo
915 1372 1014 1427 custo·

42 1449 133 1509 dibus
149 1448 248 1523 recipi
262 1447 454 1523 prohibebat.

121 1532 255 1594 LXXIX.
278 1533 398 1592 Interea
413 1531 564 1592 Commius
579 1529 751 1606 reliquique
766 1531 876 1607 duces,
904 1535 1015 1610 quibus

41 1633 164 1681 summa
184 1617 303 1692 imperii
324 1616 476 1692 permissa
497 1622 576 1690 erat,
604 1631 671 1675 cum
693 1612 837 1676 omnibus‘
856 1619 953 1694 copiis
976 1624 1013 1684 ad

41 1704 181 1765 Alesiam
197 1702 380 1777 perveniunt
400 1708 430 1762 ct
445 1703 523 1761 colle
539 1700 690 1761 exteriore
706 1709 857 1775 occupato
872 1721 933 1763 non
950 1707 1011 1767 lon-

40 1790 109 1866 gius
130 1787 215 1847 nulle
235 1787 380 1862 passibus
402 1787 440 1846 ab
467 1787 581 1846 nostris
603 1785 819 1848 munitionibus
842 1790 1011 1855 considunt

41 1872 171 1935 Postero
195 1871 246 1931 die
266 1871 401 1948 equitatu
422 1886 461 1929 ex
483 1871 591 1931 castris
608 1871 718 1929 educto
734 1886 854 1930 omnem
869 1888 936 1933 eam
951 1879 1013 1950 pla·

41 1958 166 2031 niciem,
193 1972 284 2031 quam
305 1957 334 2015 in
349 1956 567 2030 longitudinem
581 1954 639 2013 tria
652 1954 733 2013 milia
747 1971 895 2029 passuum
910 1969 1014 2033 patera

42 2041 337 2117 demonstravimus,
365 2043 517 2115 complent
532 2040 757 2114 pedestresque
769 2041 875 2115 copias
891 2048 1013 2118 paulum

42 2128 134 2188 abeo
150 2129 221 2186 loco
238 2126 357 2186 abditus
373 2126 402 2185 in
419 2125 495 2185 locis
508 2124 718 2199 superioribus
732 2127 927 2188 constituunt.
944 2130 1016 2192 Erat

41 2227 79 2272 ex
96 2211 217 2287 oppido
232 2211 339 2270 Alesia
354 2213 519 2284 despectus
534 2210 564 2267 in
581 2226 731 2284 campum.
762 2211 953 2275 Concurrunt
966 2215 1014 2276 his

42 2297 165 2358 auxiliis
181 2294 274 2364 visis;
290 2295 323 2355 lit
337 2295 497 2370 gratulatio
512 2296 658 2355 intereos
675 2302 767 2368 atque
780 2298 912 2357 omnium
925 2301 1014 2360 animi

42 2382 80 2442 ad
94 2380 242 2441 laetitiam
258 2379 435 2439 excitantur.
465 2380 571 2455 ltaque
587 2379 745 2455 productis
761 2381 858 2456 copiis
875 2391 944 2444 ante
960 2401 1013 2460 ope

42 2466 149 2543 pidum
174 2464 339 2524 considunt
359 2472 389 2525 et
408 2465 577 2539 proximam
599 2466 713 2524 lossam
730 2466 863 2526 cratibus
879 2467 1016 2544 integunt

42 2558 135 2627 atque
150 2565 265 2625 aggere
280 2550 406 2624 explent
419 2565 517 2626 seque
532 2551 572 2608 ad
586 2549 776 2624 eruptionem
798 2559 891 2627 atque
907 2569 1013 2614 omnes

43 2652 136 2697 casus
152 2632 341 2709 comparant.

124 2719 242 2779 LXXX.
267 2719 379 2778 Caesar
400 2719 482 2780 omni
504 2718 641 2778 exercitu
662 2719 701 2778 ad
722 2724 1014 2797 utramquepartem

42 2804 244 2865 munitionum
260 2803 427 2879 disposito,
443 2811 490 2879 ut,
507 2805 533 2863 si
547 2820 623 2863 usus
639 2803 756 2877 veniat,
778 2819 867 2863 suum
883 2807 1015 2883 quisque

42 2892 144 2951 locum
165 2894 268 2948 teneat
289 2895 319 2949 et
340 2888 473 2963 noverit,
503 2889 668 2963 equitatum
690 2903 729 2946 ex
752 2889 859 2949 eastris
882 2891 970 2951 educi
985 2900 1016 2954 et

43 2974 194 3051 proelium
210 2973 354 3033 committi
369 2974 460 3033 iubet.
493 2973 566 3032 Erat
580 2990 619 3032 ex
634 2972 774 3034 omnibus
791 2975 914 3050 castris,
936 2993 1015 3052 quac
1109 3020 1116 3040 t

44 3074 194 3120 summum
209 3057 348 3132 undique
362 3058 464 3133 iugum
479 3058 630 3132 tenebant
646 3058 828 3134 despectus,
844 3067 936 3135 atque
951 3077 1014 3123 om·

44 3160 98 3205 nes
114 3143 227 3204 milites
243 3142 348 3202 intenti
363 3159 485 3219 pugnae
500 3150 681 3218 proventum
696 3144 908 3217 expectabant.
938 3145 1014 3209 Galli

43 3227 121 3290 luter
140 3228 263 3304 equites
284 3244 372 3288 raros
394 3227 568 3303 sagittarios
583 3226 809 3302 expeditosque
824 3228 900 3289 levis
916 3245 1012 3291 arma·

44 3320 129 3377 turae
141 3312 366 3389 interiecerant,
383 3314 434 3389 qui
450 3311 514 3372 suis
531 3312 711 3373 cedentibus
727 3311 840 3373 auxilio
855 3329 1013 3377 succurre·

43 3406 110 3461 rent
129 3406 160 3460 et
180 3406 356 3460 nostrorum
378 3398 512 3475 equitum
534 3397 665 3473 impetus
680 3396 875 3459 sustinerent.
901 3398 947 3461 .⁴²
964 3398 995 3416 '⁰

45 3485 218 3561 complures
245 3483 285 3543 de
310 3483 467 3559 inproviso
493 3483 643 3548 vulnerati
670 3483 790 3565 proelio
817 3480 904 3549 ettad

81 3584 105 3627 c.
124 3582 225 3627 rmrrs
245 3582 372 3629 cassan.
790 3578 833 3638 tt
