2272 4176
71 458 92 518 b
367 455 418 517 DE
440 454 564 518 BELLO
588 455 753 519 othtlco

72 608 178 672 scribit
192 615 314 685 altres,
330 625 410 686 quae
425 609 539 669 circum
552 607 725 684 Aquileiam
739 609 930 690 hiemabant,
946 631 958 676 ε

70 695 174 756 bernis
189 695 292 756 educit
306 703 344 770 et,
361 712 422 771 qua
436 694 610 770 proximum
624 694 681 753 iter
692 696 723 753 in
734 697 910 759 ulteriorem
920 700 958 760 Ga

71 795 126 854 per
140 779 237 855 Alpes
254 785 326 855 erat,
343 796 411 839 cum
426 780 473 838 his
488 777 624 853 quinque
637 778 811 852 legionibus
822 781 958 844 ireconu

71 863 115 923 lbi
131 863 297 925 Ceutrones
314 872 344 925 et
359 863 508 924 Graioceli
523 867 553 922 et
567 862 723 936 Caturiges
739 865 816 924 locis
832 870 958 943 superio

70 949 228 1022 occupatis
244 949 350 1007 itinere
365 948 532 1008 exercitum
547 945 711 1021 prohibere
726 957 883 1010 conantur.
913 953 954 1012 Co

71 1031 155 1093 ribus
171 1031 218 1092 his
234 1032 360 1107 proeliis
375 1032 474 1107 pulsis
489 1030 527 1090 ab
538 1030 640 1104 Ocelo,
656 1032 740 1105 quod
751 1039 799 1092 est
811 1035 958 1096 citerioris

71 1116 188 1176 vinciae
204 1124 388 1190 extremum,
414 1117 443 1175 in
464 1116 542 1175 fines
557 1115 780 1175 Vocontiorum
801 1118 956 1179 [ulterioris

73 1199 187 1260 cinciae
204 1201 253 1260 die
267 1200 397 1274 septimo
413 1200 569 1274 pervenit;
594 1198 667 1258 inde
686 1199 717 1258 in
731 1196 934 1276 Allobrogum
956 1256 958 1263 .

69 1285 107 1343 ab
121 1284 342 1358 Allobrogibus
363 1284 393 1342 in
409 1282 599 1358 Segusiavos
615 1285 780 1343 exercitum
798 1285 891 1345 ducit.
919 1289 958 1346 Hi

69 1374 155 1427 extra
170 1368 360 1442 provinciam
376 1376 460 1427 trans
475 1366 659 1427 Rhodanum
674 1367 772 1440 primi.

151 1451 201 1510 ΧΙ.
224 1452 354 1511 Helvetii
368 1453 427 1511 iam
443 1466 500 1525 per
514 1450 672 1523 angustias
689 1456 719 1508 et
731 1450 811 1510 lines
828 1451 958 1528 Sequani

68 1550 142 1594 suas
158 1535 264 1609 copias
280 1537 481 1595 traduxerant
495 1541 525 1594 et
539 1534 568 1592 111
583 1533 782 1594 Haeduorum
797 1535 876 1595 fines
891 1553 958 1611 perr

67 1625 136 1677 rant
150 1634 319 1694 eorumque
334 1635 426 1694 agros
441 1619 677 1693 populabantur.
698 1618 826 1692 Haedui,
844 1635 912 1680 oum
924 1638 958 1681 se

68 1717 130 1778 que
143 1702 181 1761 ab
197 1703 233 1761 iis
249 1703 415 1762 defendero
429 1719 504 1762 non.
512 1708 656 1778 possent,
682 1702 802 1775 legatos
824 1703 863 1762 ad
880 1704 956 1764 Caes

67 1787 188 1846 mittunt
201 1793 342 1861 rogatum
357 1787 518 1846 auxilium=
547 1785 592 1844 lta
613 1800 649 1844 se
670 1788 752 1846 omni
774 1794 915 1863 tempore
930 1791 958 1849 dt

67 1872 141 1945 pulo
156 1871 295 1930 Romano
310 1871 436 1929 meritos
452 1885 540 1943 esse,
555 1876 589 1928 ut
602 1885 701 1944 paene
716 1871 748 1929 in
765 1880 937 1946 conspectu
953 1893 958 1931 t

67 1954 145 2014 citus
160 1955 257 2013 nostri
271 1954 336 2028 agri
350 1953 481 2026 vastari,
506 1954 594 2012 liberi
616 1968 722 2012 eorum
742 1955 774 2013 in
796 1957 958 2016 servituten

66 2037 152 2111 duci,
177 2037 292 2113 oppida
306 2036 477 2112 expugnari
492 2054 554 2097 non
570 2037 740 2098 debuerim.
767 2038 885 2099 Eodem
900 2048 958 2099 tem

66 2122 185 2182 Haedui
198 2122 354 2196 Ambarri,
369 2121 538 2182 necessarii
553 2127 583 2180 ct
598 2122 817 2196 consanguinei
831 2123 958 2184 Haeduo

67 2207 226 2267 Caesarem
244 2207 404 2266 certiorem
420 2206 548 2278 iaciunt,
575 2220 647 2263 sese
668 2206 864 2280 depopulatis
879 2209 958 2282 agris

66 2291 156 2350 lacile
176 2290 215 2349 ab
237 2291 360 2364 oppidis
375 2291 436 2348 vim
457 2287 590 2348 hostium
604 2288 778 2363 prohibere.
807 2291 882 2349 ltem
895 2292 958 2353 All(

65 2390 136 2450 ges,
164 2373 217 2448 qui
236 2380 320 2432 trans
335 2373 517 2433 Rhodanum
539 2372 625 2431 vicos
646 2373 958 2449 possessionesqucl

66 2456 153 2529 bant,
176 2459 249 2529 iuga
263 2472 298 2515 so
313 2457 350 2515 ad
368 2457 530 2517 Caesarem
544 2457 696 2531 recipiunt
710 2465 740 2516 et
754 2459 958 2519 demonstrant

66 2547 187 2616 praetor
209 2540 275 2614 agri
296 2541 395 2600 solum
415 2540 488 2599 nihil
510 2555 581 2599 esse
595 2540 715 2615 reliqui.
744 2541 860 2613 Quibus
875 2543 958 2603 rebm

66 2625 176 2685 ductus
193 2624 305 2683 Caesar
326 2641 387 2685 non
403 2626 629 2699 expectandum
644 2625 702 2683 sibi
718 2625 838 2700 statuit,
854 2629 926 2686 dum
942 2646 958 2688 o

65 2713 123 2767 bus
145 2707 274 2768 fortunis
296 2709 450 2769 sociorum
473 2709 662 2781 consumptis
685 2709 714 2765 in
738 2707 892 2770 Santonos
908 2712 958 2770 He

66 2791 266 2867 pervenirent.

146 2877 209 2937 XII.
231 2876 356 2935 Flumen
372 2883 419 2934 est
432 2876 520 2949 Arar,
537 2876 618 2949 quod
634 2891 691 2950 per
706 2875 783 2934 fines
794 2876 958 2937 Haeduoru

64 2960 279 3035 Sequanorum
294 2959 324 3017 in
337 2958 520 3019 Rhodanum
536 2959 643 3033 iniluit,
659 2959 828 3019 incredibili
843 2961 958 3021 lenitate

65 3054 96 3105 ut
110 3046 224 3120 oculis,
240 3045 270 3103 in
286 3050 383 3103 utram
398 3050 516 3117 partem
531 3042 620 3116 fluat,
641 3043 769 3102 iudicari
784 3059 846 3102 non
862 3047 958 3119 possit

64 3129 193 3189 Helvetii
214 3127 330 3187 ratibus
353 3122 551 3187 actionibus
573 3128 682 3186 iunctis
698 3126 877 3186 transibant.
906 3129 958 3188 Ub

63 3215 277 3288 exploratores
301 3212 413 3271 Caesar
435 3211 546 3271 certior
568 3212 667 3270 iactus
690 3217 738 3270 est
761 3217 823 3270 tres
849 3212 909 3270 iam
931 3229 958 3285 pt

64 3298 222 3373 copiarum
243 3295 400 3354 Helvetios
420 3295 452 3353 id
473 3293 586 3355 flumen
602 3295 794 3367 traduxisse,
817 3302 956 3368 quartam

64 3389 179 3455 partem
196 3381 271 3441 citra
285 3378 398 3437 ilumen
409 3380 529 3436 Ararim
543 3378 692 3452 reliquam
707 3392 787 3450 esse,
803 3377 843 3436 de
857 3379 946 3438 tertia

63 3465 103 3524 tia
118 3481 186 3524 eum
201 3463 372 3538 legionibus
387 3462 484 3521 tribus
500 3478 517 3521 e
532 3462 641 3520 castris
657 3462 815 3535 proiectus
831 3462 871 3521 ad
885 3477 953 3520 eam

64 3555 123 3608 tem
137 3548 284 3623 pervenit,
301 3561 380 3621 quae
394 3547 529 3605 nondum
545 3544 658 3604 ilumen
673 3545 843 3604 transierat.
871 3545 958 3605 Eosi

64 3632 145 3692 ditos
167 3637 197 3689 et
216 3632 410 3705 inopinantes
433 3630 601 3702 adgressus
627 3645 768 3702 magnam
788 3635 908 3702 partem
929 3645 958 3689 et

63 3714 211 3777 concidit:
226 3715 336 3790 reliqui
347 3730 419 3774 sese
430 3715 520 3787 lugae
532 3713 714 3773 mandarunt
726 3720 819 3788 atque
833 3713 864 3771 in
878 3728 958 3788 prox
