2272 4176
67 471 109 536 90
359 470 411 532 DE
432 469 558 532 BELLO
582 468 746 533 cantico

64 627 237 701 pronissime
255 641 295 685 eo
308 625 386 687 robis
399 629 499 688 mortis
508 628 644 703 pertento
657 629 789 686 terreor:
822 623 856 683 tt
866 627 1000 700 sopitat·
1018 623 1046 686 st

63 714 187 786 procia
200 711 273 784 poto
285 712 443 784 ocddert‘t,
462 713 515 772 obs
529 717 556 771 te
569 713 712 771 rationem
724 713 890 784 reposcent,
926 712 992 784 qut,
1018 711 1046 770 si

47 812 121 876 ‚per
140 801 168 854 te
187 798 288 868 liceat,
311 796 477 871 perendino
497 797 547 855 die
566 810 631 854 com
650 795 797 868 proximis
816 793 950 854 hibernis
969 811 1042 855 con-

66 880 159 940 iuncti
187 894 366 940 communem
391 895 457 940 com
487 880 609 953 reliquis
640 879 709 938 oeteo
736 893 839 942 casum
871 881 1042 951 antioceni,

67 980 126 1024 ooo
145 965 249 1023 reiecti
266 968 296 1022 et
313 965 542 1045 rolepottionpe
563 962 600 1022 ab
614 965 719 1023 ceteris
732 968 785 1022 aot
794 961 883 1034 ferro
895 970 949 1023 out
957 962 1044 1035 sorno

66 1052 220 1109 intereant.
633 1102 646 1117 „

84 1202 88 1207 ,
106 1131 210 1193 XXXI.
227 1127 426 1203 Consurgitur
441 1144 480 1188 ex
501 1128 646 1200 consilio;
662 1127 1042 1204 conprehenduntutrum·

68 1231 128 1293 quo
153 1221 183 1275 ot
206 1221 306 1287 orant,
328 1227 367 1271 ne
381 1227 439 1271 sua
464 1212 659 1274 dissensione
679 1221 710 1272 et
729 1212 897 1288 pertinacia
921 1229 986 1273 rem
1011 1215 1041 1272 in

68 1314 217 1361 summum
241 1296 411 1374 periculum
433 1296 600 1357 deductum
635 1297 755 1356 facilem
776 1311 848 1356 esse
871 1311 952 1372 rem,
985 1313 1041 1358 seu

68 1388 221 1458 maneant,
237 1397 293 1441 seu
308 1380 557 1456 proficiscantur,
583 1381 610 1440 si
632 1380 723 1441 modo
738 1396 833 1441 unum
848 1396 956 1440 omnes
971 1397 1026 1440 sen

69 1469 141 1528 liant
156 1482 191 1526 ac
206 1466 353 1540 probent;
380 1471 488 1524 contra
508 1466 538 1524 in
561 1462 757 1524 dissensione
777 1465 891 1525 nullam
906 1480 943 1524 se
957 1468 1038 1526 salu·

69 1560 126 1612 tem
138 1551 325 1625 perspicere.
341 1549 404 1609 Res
416 1549 622 1624 disputatione
633 1549 674 1608 ad
688 1549 819 1608 mediam
834 1555 957 1608 noctem
970 1565 1038 1624 per-

58 1635 195 1713 ducitur.
211 1634 346 1693 Tandem
359 1633 410 1691 dat
418 1632 504 1693 Cotta
518 1640 675 1708 permotus
691 1648 815 1693 manus:
831 1638 959 1707 superat
971 1649 1039 1693 sen-

67 1719 160 1778 tentia
175 1717 289 1777 Sabini.
318 1715 534 1778 Pronuntiatur
548 1717 646 1791 prima
659 1719 729 1776 lucc
744 1716 850 1776 ituros.
881 1716 1039 1777 Consumi-

67 1811 115 1862 tur
134 1801 244 1877 vigiliis
266 1802 386 1875 reliqua
406 1817 479 1876 pars
500 1802 615 1875 noctu,
642 1816 789 1860 cum-sua
805 1800 938 1876 quisque
953 1803 1039 1861 miles

67 1887 331 1960 circumspiceret,
344 1885 430 1959 *quid
445 1900 551 1946 secum
565 1891 689 1960 portare
704 1891 827 1960 posset,
850 1885 925 1959 quid
940 1901 978 1943 ex
994 1887 1036 1944 in-

67 1976 235 2030 strumento
250 1970 453 2029 ¹hibernorum
473 1971 648 2044 relinquere
663 1976 834 2042 cogeretur.
864 1966 972 2027 Omnia
986 1985 1039 2027 ex·

68 2054 246 2129 cogitantur,
263 2069 359 2129 quare
371 2067 428 2113 nec
440 2055 507 2113 sine
521 2054 658 2129 periculo
674 2059 832 2112 maneatur
846 2058 877 2110 et
891 2053 1039 2126 languore

69 2139 190 2197 nlilitum
205 2145 235 2198 et
249 2138 358 2213 vigillis
376 2138 543 2212 periculum
559 2142 714 2212 augeatur.
744 2136 844 2195 Prima
858 2137 925 2195 luce
940 2137 985 2196 sic
1000 2154 1038 2197 ex

68 2223 175 2281 castris
190 2223 435 2297 proficiscuntur,
451 2230 484 2281 ut
500 2222 609 2296 quibus
626 2227 709 2280 esset
722 2235 907 2295 persuasum
921 2237 982 2280 non
1000 2222 1037 2280 ab

66 2298 169 2379 hoste,
196 2307 253 2365 sed
274 2306 312 2365 ab
334 2305 456 2365 homine
477 2305 661 2364 anricissimo
683 2303 861 2378 Ambiorige
877 2305 1037 2365 consilium

68 2389 179 2462 datum,
199 2389 377 2464 longissimo
394 2390 513 2463 agmine
527 2388 730 2471 maximisque
744 2387 968 2463 inpedimentis.

107 2473 224 2532 XXXII.
256 2477 297 2532 At
318 2473 424 2532 hostes
444 2479 649 2547 posteaquam
675 2489 714 2531 ex
741 2478 889 2532 nocturno
917 2475 1036 2535 fremitu

70 2557 238 2631 uigiliisque
254 2557 292 2614 de
304 2557 494 2630 proiectione
506 2572 612 2616 eorum
624 2564 795 2631 senserunt,
812 2558 979 2617 conlocatis
994 2560 1034 2616 in-

66 2640 153 2699 sidiis
172 2640 314 2714 bipertito
336 2641 366 2698 in
388 2641 472 2700 silvis
496 2647 668 2716 opportuno
690 2648 783 2715 atque
799 2643 919 2702 occulto
933 2645 1003 2701 loco
1018 2659 1035 2701 a

65 2723 185 2782 milibus
208 2739 357 2797 passuum
380 2723 499 2783 circiter
514 2725 635 2785 duobus
649 2726 857 2786 Romanorum
872 2727 1035 2785 adventum

65 2808 284 2882 expectabant,
311 2813 341 2865 et
363 2823 431 2866 cum
452 2824 487 2868 se
508 2810 604 2869 maior
617 2826 691 2884 pars
707 2810 834 2883 agminis
851 2809 880 2866 in
896 2825 1035 2883 magnoin

66 2892 235 2951 convallem
257 2891 446 2966 demisisset,
473 2908 511 2950 ex
531 2900 662 2968 utraque
677 2901 765 2968 parte
786 2893 851 2953 eius
873 2894 961 2952 vallis
984 2910 1035 2952 su·

66 2975 126 3034 bilo
153 2990 188 3033 se
214 2974 413 3034 ostenderunt
437 2977 686 3054 novissimosque
707 2993 847 3051 premere
869 2984 899 3036 et
918 2978 1036 3051 priruos

65 3057 228 3131 prohibere
248 3074 382 3118 ascensu
403 3065 495 3134 atque
510 3061 702 3136 iniquissimo
719 3062 832 3121 nostris
854 3063 922 3121 loco
945 3078 1035 3136 proc·

64 3142 136 3201 lium
151 3143 337 3202 committere
354 3152 530 3217 coeperunt.

105 3225 235 3285 XXXIII.
259 3228 334 3286 ium
357 3228 478 3287 demum
498 3229 645 3298 Titurius,
674 3229 726 3303 qui
748 3229 821 3287 nihil
843 3236 913 3288 ante
934 3230 1033 3305 provi·

64 3309 176 3385 disset,
201 3311 354 3385 trepidare
376 3318 406 3370 et
428 3328 614 3372 concursare
636 3311 843 3387 cohortesque
859 3314 1035 3390 disponere,

63 3392 140 3452 haec
161 3401 260 3454 tamen
283 3395 352 3470 ipsa
374 3394 475 3455 timide
490 3403 582 3471 atquc
597 3403 630 3456 ut
644 3411 713 3455 eum
728 3398 828 3456 omnia
844 3397 976 3457 deficere
992 3398 1035 3457 vi-

63 3477 225 3547 derentur;
249 3480 332 3554 quod
346 3481 528 3554 plerumque
543 3481 579 3539 iis
595 3480 735 3539 accidere
752 3481 919 3553 consuevit,
937 3482 989 3557 qui
1005 3482 1033 3542 in

63 3558 131 3632 ipso
154 3564 276 3635 negotio
300 3563 461 3624 consilium
483 3579 594 3639 capere
610 3571 769 3637 coguntur.
799 3566 840 3624 At
855 3564 956 3640 Cotta,
983 3567 1035 3640 qui

38 3702 41 3706 .
63 3643 231 3716 cogitasset
251 3647 327 3707 haec
348 3663 444 3722 posse
464 3649 494 3707 in
516 3648 624 3707 itincre
644 3648 786 3707 accidere
806 3657 898 3724 atque
913 3650 952 3710 ob
968 3665 1034 3710 eam

63 3741 187 3787 causam
202 3730 403 3804 protectionis
419 3739 526 3793 auctor
540 3748 601 3792 non
617 3730 740 3807 luisset,
761 3734 844 3797 nulla
857 3734 889 3797 io
903 3750 938 3794 re
953 3751 1035 3796 com-
