<?xml version="1.0" encoding="UTF-8"?>
<!DOCTYPE html PUBLIC "-//W3C//DTD XHTML 1.0 Transitional//EN"
    "http://www.w3.org/TR/xhtml1/DTD/xhtml1-transitional.dtd">
<html xmlns="http://www.w3.org/1999/xhtml" xml:lang="en" lang="en">
 <head>
  <title>
</title>
<meta http-equiv="Content-Type" content="text/html;charset=utf-8" />
  <meta name='ocr-system' content='tesseract 3.04.00' />
  <meta name='ocr-capabilities' content='ocr_page ocr_carea ocr_par ocr_line ocrx_word'/>
</head>
<body>
  <div class='ocr_page' id='page_1' title='image "./commentarii00caesgoog_0222.png"; bbox 0 0 2302 4192; ppageno 0'>
   <div class='ocr_carea' id='block_1_1' title="bbox 486 171 1042 237">
    <p class='ocr_par' dir='ltr' id='par_1_1' title="bbox 486 171 1042 237">
     <span class='ocr_line' id='line_1_1' title="bbox 486 171 1042 237; baseline 0.007 -4"><span class='ocrx_word' id='word_1_1' title='bbox 486 173 601 235; x_wconf 82' lang='lat' dir='ltr'><strong>LIBER</strong></span> <span class='ocrx_word' id='word_1_2' title='bbox 615 176 636 233; x_wconf 92' lang='lat' dir='ltr'><strong>l.</strong></span> <span class='ocrx_word' id='word_1_3' title='bbox 979 171 1042 237; x_wconf 76' lang='lat'><strong>2⁰9</strong></span> 
     </span>
    </p>
   </div>
   <div class='ocr_carea' id='block_1_2' title="bbox 65 325 1041 3448">
    <p class='ocr_par' dir='ltr' id='par_1_2' title="bbox 65 325 1041 1332">
     <span class='ocr_line' id='line_1_2' title="bbox 67 325 1040 405; baseline 0.003 -16"><span class='ocrx_word' id='word_1_4' title='bbox 67 343 111 389; x_wconf 86' lang='lat' dir='ltr'><strong>ex</strong></span> <span class='ocrx_word' id='word_1_5' title='bbox 133 325 275 389; x_wconf 79' lang='lat' dir='ltr'><strong>Sardinia</strong></span> <span class='ocrx_word' id='word_1_6' title='bbox 294 327 326 389; x_wconf 87' lang='lat' dir='ltr'><strong>iu</strong></span> <span class='ocrx_word' id='word_1_7' title='bbox 347 326 482 388; x_wconf 80' lang='lat' dir='ltr'><strong>Africam</strong></span> <span class='ocrx_word' id='word_1_8' title='bbox 500 327 643 405; x_wconf 82' lang='lat' dir='ltr'><strong>profugit.</strong></span> <span class='ocrx_word' id='word_1_9' title='bbox 674 326 747 388; x_wconf 84' lang='lat' dir='ltr'><strong>cato</strong></span> <span class='ocrx_word' id='word_1_10' title='bbox 768 328 799 387; x_wconf 86' lang='lat' dir='ltr'><strong>iu</strong></span> <span class='ocrx_word' id='word_1_11' title='bbox 821 327 925 389; x_wconf 89' lang='lat' dir='ltr'><strong>Sicilia</strong></span> <span class='ocrx_word' id='word_1_12' title='bbox 945 346 1040 392; x_wconf 83' lang='lat' dir='ltr'><strong>naves</strong></span> 
     </span>
     <span class='ocr_line' id='line_1_3' title="bbox 68 411 1039 488; baseline 0.001 -16"><span class='ocrx_word' id='word_1_13' title='bbox 68 417 181 488; x_wconf 82' lang='lat' dir='ltr'><strong>longas</strong></span> <span class='ocrx_word' id='word_1_14' title='bbox 205 419 327 473; x_wconf 87' lang='lat' dir='ltr'><strong>veteres</strong></span> <span class='ocrx_word' id='word_1_15' title='bbox 352 412 522 487; x_wconf 83' lang='lat' dir='ltr'><strong>reficiebat,</strong></span> <span class='ocrx_word' id='word_1_16' title='bbox 548 428 645 474; x_wconf 86' lang='lat' dir='ltr'><strong>novas</strong></span> <span class='ocrx_word' id='word_1_17' title='bbox 670 411 841 473; x_wconf 87' lang='lat' dir='ltr'><strong>civitatibus</strong></span> <span class='ocrx_word' id='word_1_18' title='bbox 862 412 1039 488; x_wconf 79' lang='lat' dir='ltr'><strong>imperabat.</strong></span> 
     </span>
     <span class='ocr_line' id='line_1_4' title="bbox 67 495 1041 574; baseline 0.001 -17"><span class='ocrx_word' id='word_1_19' title='bbox 67 499 157 557; x_wconf 79' lang='lat' dir='ltr'><strong>Haec</strong></span> <span class='ocrx_word' id='word_1_20' title='bbox 175 512 286 572; x_wconf 77' lang='lat' dir='ltr'><strong>magno</strong></span> <span class='ocrx_word' id='word_1_21' title='bbox 308 497 408 558; x_wconf 92' lang='lat' dir='ltr'><strong>studio</strong></span> <span class='ocrx_word' id='word_1_22' title='bbox 431 497 549 572; x_wconf 83' lang='lat' dir='ltr'><strong>agebat.</strong></span> <span class='ocrx_word' id='word_1_23' title='bbox 578 498 612 556; x_wconf 91' lang='lat' dir='ltr'><strong>ln</strong></span> <span class='ocrx_word' id='word_1_24' title='bbox 632 495 763 557; x_wconf 90' lang='lat' dir='ltr'><strong>Lucanis</strong></span> <span class='ocrx_word' id='word_1_25' title='bbox 784 497 971 572; x_wconf 82' lang='lat' dir='ltr'><strong>Bruttiisque</strong></span> <span class='ocrx_word' id='word_1_26' title='bbox 985 514 1041 574; x_wconf 88' lang='lat' dir='ltr'><strong>per</strong></span> 
     </span>
     <span class='ocr_line' id='line_1_5' title="bbox 68 580 1040 657; baseline 0.002 -16"><span class='ocrx_word' id='word_1_27' title='bbox 68 584 189 656; x_wconf 80' lang='lat' dir='ltr'><strong>legatos</strong></span> <span class='ocrx_word' id='word_1_28' title='bbox 204 598 279 643; x_wconf 92' lang='lat' dir='ltr'><strong>suos</strong></span> <span class='ocrx_word' id='word_1_29' title='bbox 295 581 405 642; x_wconf 91' lang='lat' dir='ltr'><strong>civium</strong></span> <span class='ocrx_word' id='word_1_30' title='bbox 419 582 625 642; x_wconf 87' lang='lat' dir='ltr'><strong>Romanorum</strong></span> <span class='ocrx_word' id='word_1_31' title='bbox 641 581 777 641; x_wconf 90' lang='lat' dir='ltr'><strong>delectus</strong></span> <span class='ocrx_word' id='word_1_32' title='bbox 792 580 939 656; x_wconf 84' lang='lat' dir='ltr'><strong>habebat,</strong></span> <span class='ocrx_word' id='word_1_33' title='bbox 955 582 1040 657; x_wconf 91' lang='lat' dir='ltr'><strong>equi-</strong></span> 
     </span>
     <span class='ocr_line' id='line_1_6' title="bbox 66 664 1041 741; baseline 0 -15"><span class='ocrx_word' id='word_1_34' title='bbox 66 674 131 726; x_wconf 88' lang='lat' dir='ltr'><strong>tmn</strong></span> <span class='ocrx_word' id='word_1_35' title='bbox 154 666 353 741; x_wconf 83' lang='lat' dir='ltr'><strong>peditumque</strong></span> <span class='ocrx_word' id='word_1_36' title='bbox 373 673 488 727; x_wconf 90' lang='lat' dir='ltr'><strong>certum</strong></span> <span class='ocrx_word' id='word_1_37' title='bbox 509 681 666 726; x_wconf 89' lang='lat' dir='ltr'><strong>numerum</strong></span> <span class='ocrx_word' id='word_1_38' title='bbox 687 681 707 724; x_wconf 88' lang='lat' dir='ltr'><strong>a</strong></span> <span class='ocrx_word' id='word_1_39' title='bbox 727 664 898 725; x_wconf 83' lang='lat' dir='ltr'><strong>civitatibus</strong></span> <span class='ocrx_word' id='word_1_40' title='bbox 920 664 1041 726; x_wconf 84' lang='lat' dir='ltr'><strong>Siciliae</strong></span> 
     </span>
     <span class='ocr_line' id='line_1_7' title="bbox 68 749 1040 826; baseline 0.001 -18"><span class='ocrx_word' id='word_1_41' title='bbox 68 750 224 825; x_wconf 85' lang='lat' dir='ltr'><strong>exigebat.</strong></span> <span class='ocrx_word' id='word_1_42' title='bbox 241 750 355 824; x_wconf 82' lang='lat' dir='ltr'><strong>Quibus</strong></span> <span class='ocrx_word' id='word_1_43' title='bbox 370 750 464 810; x_wconf 89' lang='lat' dir='ltr'><strong>rebus</strong></span> <span class='ocrx_word' id='word_1_44' title='bbox 479 765 578 824; x_wconf 87' lang='lat' dir='ltr'><strong>paene</strong></span> <span class='ocrx_word' id='word_1_45' title='bbox 593 749 738 826; x_wconf 85' lang='lat' dir='ltr'><strong>perlectis</strong></span> <span class='ocrx_word' id='word_1_46' title='bbox 753 749 887 810; x_wconf 87' lang='lat' dir='ltr'><strong>adventu</strong></span> <span class='ocrx_word' id='word_1_47' title='bbox 902 750 1040 810; x_wconf 85' lang='lat' dir='ltr'><strong>Curionis</strong></span> 
     </span>
     <span class='ocr_line' id='line_1_8' title="bbox 67 832 1038 910; baseline 0.002 -17"><span class='ocrx_word' id='word_1_48' title='bbox 67 834 193 908; x_wconf 82' lang='lat' dir='ltr'><strong>cognito</strong></span> <span class='ocrx_word' id='word_1_49' title='bbox 211 835 344 909; x_wconf 88' lang='lat' dir='ltr'><strong>queritur</strong></span> <span class='ocrx_word' id='word_1_50' title='bbox 358 834 389 893; x_wconf 89' lang='lat' dir='ltr'><strong>in</strong></span> <span class='ocrx_word' id='word_1_51' title='bbox 405 835 548 896; x_wconf 88' lang='lat' dir='ltr'><strong>contione</strong></span> <span class='ocrx_word' id='word_1_52' title='bbox 566 832 637 894; x_wconf 81' lang='lat' dir='ltr'><strong>se&#39;se</strong></span> <span class='ocrx_word' id='word_1_53' title='bbox 651 833 821 908; x_wconf 90' lang='lat' dir='ltr'><strong>proiectum</strong></span> <span class='ocrx_word' id='word_1_54' title='bbox 836 850 872 894; x_wconf 87' lang='lat' dir='ltr'><strong>ac</strong></span> <span class='ocrx_word' id='word_1_55' title='bbox 887 834 1038 910; x_wconf 87' lang='lat' dir='ltr'><strong>proditum</strong></span> 
     </span>
     <span class='ocr_line' id='line_1_9' title="bbox 66 917 1037 994; baseline 0.001 -16"><span class='ocrx_word' id='word_1_56' title='bbox 66 919 153 978; x_wconf 84' lang='lat' dir='ltr'><strong>aCn.</strong></span> <span class='ocrx_word' id='word_1_57' title='bbox 175 918 337 994; x_wconf 84' lang='lat' dir='ltr'><strong>Pompeio,</strong></span> <span class='ocrx_word' id='word_1_58' title='bbox 363 918 414 994; x_wconf 91' lang='lat' dir='ltr'><strong>qui</strong></span> <span class='ocrx_word' id='word_1_59' title='bbox 436 920 577 979; x_wconf 90' lang='lat' dir='ltr'><strong>omnibus</strong></span> <span class='ocrx_word' id='word_1_60' title='bbox 598 919 690 980; x_wconf 91' lang='lat' dir='ltr'><strong>rebus</strong></span> <span class='ocrx_word' id='word_1_61' title='bbox 713 917 956 994; x_wconf 81' lang='lat' dir='ltr'><strong>imparatissimis</strong></span> <span class='ocrx_word' id='word_1_62' title='bbox 977 935 1037 980; x_wconf 90' lang='lat' dir='ltr'><strong>non</strong></span> 
     </span>
     <span class='ocr_line' id='line_1_10' title="bbox 67 1002 1037 1080; baseline 0.001 -18"><span class='ocrx_word' id='word_1_63' title='bbox 67 1003 280 1063; x_wconf 87' lang='lat' dir='ltr'><strong>necessarium</strong></span> <span class='ocrx_word' id='word_1_64' title='bbox 300 1004 412 1064; x_wconf 90' lang='lat' dir='ltr'><strong>bellum</strong></span> <span class='ocrx_word' id='word_1_65' title='bbox 434 1005 626 1078; x_wconf 85' lang='lat' dir='ltr'><strong>suscepisset</strong></span> <span class='ocrx_word' id='word_1_66' title='bbox 646 1008 676 1062; x_wconf 89' lang='lat' dir='ltr'><strong>et</strong></span> <span class='ocrx_word' id='word_1_67' title='bbox 695 1002 734 1062; x_wconf 88' lang='lat' dir='ltr'><strong>ab</strong></span> <span class='ocrx_word' id='word_1_68' title='bbox 755 1019 790 1063; x_wconf 93' lang='lat' dir='ltr'><strong>se</strong></span> <span class='ocrx_word' id='word_1_69' title='bbox 803 1003 994 1080; x_wconf 89' lang='lat' dir='ltr'><strong>reliquisque</strong></span> <span class='ocrx_word' id='word_1_70' title='bbox 1008 1005 1037 1064; x_wconf 89' lang='lat' dir='ltr'><strong>in</strong></span> 
     </span>
     <span class='ocr_line' id='line_1_11' title="bbox 66 1087 1040 1166; baseline 0.001 -18"><span class='ocrx_word' id='word_1_71' title='bbox 66 1094 176 1148; x_wconf 84' lang='lat' dir='ltr'><strong>senatu</strong></span> <span class='ocrx_word' id='word_1_72' title='bbox 198 1087 402 1163; x_wconf 83' lang='lat' dir='ltr'><strong>interrogatus</strong></span> <span class='ocrx_word' id='word_1_73' title='bbox 422 1088 523 1148; x_wconf 88' lang='lat' dir='ltr'><strong>omnin</strong></span> <span class='ocrx_word' id='word_1_74' title='bbox 544 1087 601 1148; x_wconf 93' lang='lat' dir='ltr'><strong>sibi</strong></span> <span class='ocrx_word' id='word_1_75' title='bbox 623 1103 694 1148; x_wconf 87' lang='lat' dir='ltr'><strong>esse</strong></span> <span class='ocrx_word' id='word_1_76' title='bbox 715 1088 755 1147; x_wconf 84' lang='lat' dir='ltr'><strong>ad</strong></span> <span class='ocrx_word' id='word_1_77' title='bbox 774 1088 887 1148; x_wconf 88' lang='lat' dir='ltr'><strong>bellum</strong></span> <span class='ocrx_word' id='word_1_78' title='bbox 907 1096 979 1166; x_wconf 86' lang='lat' dir='ltr'><strong>apta</strong></span> <span class='ocrx_word' id='word_1_79' title='bbox 1003 1104 1040 1149; x_wconf 87' lang='lat' dir='ltr'><strong>ac</strong></span> 
     </span>
     <span class='ocr_line' id='line_1_12' title="bbox 65 1171 1038 1249; baseline 0.001 -17"><span class='ocrx_word' id='word_1_80' title='bbox 65 1179 174 1249; x_wconf 88' lang='lat' dir='ltr'><strong>parata</strong></span> <span class='ocrx_word' id='word_1_81' title='bbox 188 1173 441 1233; x_wconf 81' lang='lat' dir='ltr'><strong>confirmavisset.</strong></span> <span class='ocrx_word' id='word_1_82' title='bbox 470 1172 599 1232; x_wconf 87' lang='lat' dir='ltr'><strong>Haecin</strong></span> <span class='ocrx_word' id='word_1_83' title='bbox 615 1171 756 1233; x_wconf 88' lang='lat' dir='ltr'><strong>contione</strong></span> <span class='ocrx_word' id='word_1_84' title='bbox 772 1178 899 1248; x_wconf 90' lang='lat' dir='ltr'><strong>questus</strong></span> <span class='ocrx_word' id='word_1_85' title='bbox 915 1188 954 1233; x_wconf 88' lang='lat' dir='ltr'><strong>ex</strong></span> <span class='ocrx_word' id='word_1_86' title='bbox 968 1188 1038 1249; x_wconf 94' lang='lat' dir='ltr'><strong>pro-</strong></span> 
     </span>
     <span class='ocr_line' id='line_1_13' title="bbox 66 1257 266 1332; baseline -0.015 -15"><span class='ocrx_word' id='word_1_87' title='bbox 66 1257 167 1317; x_wconf 85' lang='lat' dir='ltr'><strong>vincia</strong></span> <span class='ocrx_word' id='word_1_88' title='bbox 180 1257 266 1332; x_wconf 82' lang='lat' dir='ltr'><strong>fugit.</strong></span> 
     </span>
    </p>

    <p class='ocr_par' dir='ltr' id='par_1_3' title="bbox 66 1339 1039 2431">
     <span class='ocr_line' id='line_1_14' title="bbox 148 1339 1039 1420; baseline 0.004 -19"><span class='ocrx_word' id='word_1_89' title='bbox 148 1340 253 1401; x_wconf 86' lang='lat' dir='ltr'>XXXI.</span> <span class='ocrx_word' id='word_1_90' title='bbox 276 1342 360 1402; x_wconf 89' lang='lat' dir='ltr'><strong>Nacti</strong></span> <span class='ocrx_word' id='word_1_91' title='bbox 374 1357 489 1403; x_wconf 90' lang='lat' dir='ltr'><strong>vacuas</strong></span> <span class='ocrx_word' id='word_1_92' title='bbox 505 1342 543 1401; x_wconf 82' lang='lat' dir='ltr'><strong>ab</strong></span> <span class='ocrx_word' id='word_1_93' title='bbox 558 1342 693 1417; x_wconf 89' lang='lat' dir='ltr'><strong>imperiis</strong></span> <span class='ocrx_word' id='word_1_94' title='bbox 710 1339 1039 1420; x_wconf 86' lang='lat' dir='ltr'><strong>SardiniamValerius,</strong></span> 
     </span>
     <span class='ocr_line' id='line_1_15' title="bbox 67 1425 1038 1504; baseline 0.003 -17"><span class='ocrx_word' id='word_1_95' title='bbox 67 1426 154 1487; x_wconf 87' lang='lat' dir='ltr'><strong>Curio</strong></span> <span class='ocrx_word' id='word_1_96' title='bbox 178 1425 311 1486; x_wconf 88' lang='lat' dir='ltr'><strong>Siciliam</strong></span> <span class='ocrx_word' id='word_1_97' title='bbox 333 1442 401 1487; x_wconf 91' lang='lat' dir='ltr'><strong>cum</strong></span> <span class='ocrx_word' id='word_1_98' title='bbox 422 1426 607 1487; x_wconf 86' lang='lat' dir='ltr'><strong>exercitibus</strong></span> <span class='ocrx_word' id='word_1_99' title='bbox 629 1442 665 1486; x_wconf 92' lang='lat' dir='ltr'><strong>eo</strong></span> <span class='ocrx_word' id='word_1_100' title='bbox 689 1426 880 1501; x_wconf 74' lang='lat' dir='ltr'><strong>perveniunt,</strong></span> <span class='ocrx_word' id='word_1_101' title='bbox 908 1427 1038 1504; x_wconf 89' lang='lat' dir='ltr'><strong>Tubero,</strong></span> 
     </span>
     <span class='ocr_line' id='line_1_16' title="bbox 66 1511 1037 1589; baseline 0.001 -18"><span class='ocrx_word' id='word_1_102' title='bbox 66 1528 135 1572; x_wconf 89' lang='lat' dir='ltr'><strong>cum</strong></span> <span class='ocrx_word' id='word_1_103' title='bbox 149 1511 180 1570; x_wconf 91' lang='lat' dir='ltr'><strong>in</strong></span> <span class='ocrx_word' id='word_1_104' title='bbox 195 1511 331 1570; x_wconf 84' lang='lat' dir='ltr'><strong>Africam</strong></span> <span class='ocrx_word' id='word_1_105' title='bbox 345 1511 497 1585; x_wconf 91' lang='lat' dir='ltr'><strong>venisset,</strong></span> <span class='ocrx_word' id='word_1_106' title='bbox 514 1511 628 1571; x_wconf 89' lang='lat' dir='ltr'><strong>invenit</strong></span> <span class='ocrx_word' id='word_1_107' title='bbox 642 1512 671 1570; x_wconf 93' lang='lat' dir='ltr'><strong>in</strong></span> <span class='ocrx_word' id='word_1_108' title='bbox 687 1511 845 1586; x_wconf 89' lang='lat' dir='ltr'><strong>provincia</strong></span> <span class='ocrx_word' id='word_1_109' title='bbox 861 1527 928 1572; x_wconf 89' lang='lat' dir='ltr'><strong>cum</strong></span> <span class='ocrx_word' id='word_1_110' title='bbox 943 1512 1037 1589; x_wconf 91' lang='lat' dir='ltr'><strong>impe-</strong></span> 
     </span>
     <span class='ocr_line' id='line_1_17' title="bbox 66 1595 1038 1671; baseline 0.002 -17"><span class='ocrx_word' id='word_1_111' title='bbox 66 1595 109 1656; x_wconf 93' lang='lat' dir='ltr'><strong>rio</strong></span> <span class='ocrx_word' id='word_1_112' title='bbox 125 1595 243 1655; x_wconf 85' lang='lat' dir='ltr'><strong>Attium</strong></span> <span class='ocrx_word' id='word_1_113' title='bbox 256 1596 389 1666; x_wconf 86' lang='lat' dir='ltr'><strong>Varum;</strong></span> <span class='ocrx_word' id='word_1_114' title='bbox 417 1595 468 1671; x_wconf 93' lang='lat' dir='ltr'><strong>qui</strong></span> <span class='ocrx_word' id='word_1_115' title='bbox 485 1597 524 1655; x_wconf 91' lang='lat' dir='ltr'><strong>ad</strong></span> <span class='ocrx_word' id='word_1_116' title='bbox 537 1596 717 1670; x_wconf 89' lang='lat' dir='ltr'><strong>Auximum,</strong></span> <span class='ocrx_word' id='word_1_117' title='bbox 742 1602 776 1656; x_wconf 94' lang='lat' dir='ltr'><strong>ut</strong></span> <span class='ocrx_word' id='word_1_118' title='bbox 796 1611 892 1671; x_wconf 88' lang='lat' dir='ltr'><strong>supra</strong></span> <span class='ocrx_word' id='word_1_119' title='bbox 913 1596 1038 1658; x_wconf 90' lang='lat' dir='ltr'><strong>demon-</strong></span> 
     </span>
     <span class='ocr_line' id='line_1_18' title="bbox 66 1679 1037 1756; baseline 0.001 -16"><span class='ocrx_word' id='word_1_120' title='bbox 66 1680 245 1753; x_wconf 85' lang='lat' dir='ltr'><strong>stravimus,</strong></span> <span class='ocrx_word' id='word_1_121' title='bbox 269 1679 390 1741; x_wconf 87' lang='lat' dir='ltr'><strong>amissis</strong></span> <span class='ocrx_word' id='word_1_122' title='bbox 413 1680 589 1743; x_wconf 85' lang='lat' dir='ltr'><strong>cohortibus</strong></span> <span class='ocrx_word' id='word_1_123' title='bbox 610 1682 751 1756; x_wconf 88' lang='lat' dir='ltr'><strong>protinus</strong></span> <span class='ocrx_word' id='word_1_124' title='bbox 772 1695 811 1738; x_wconf 91' lang='lat' dir='ltr'><strong>ex</strong></span> <span class='ocrx_word' id='word_1_125' title='bbox 826 1680 898 1755; x_wconf 85' lang='lat' dir='ltr'><strong>suga</strong></span> <span class='ocrx_word' id='word_1_126' title='bbox 913 1680 943 1740; x_wconf 91' lang='lat' dir='ltr'><strong>iu</strong></span> <span class='ocrx_word' id='word_1_127' title='bbox 957 1681 1037 1741; x_wconf 87' lang='lat' dir='ltr'><strong>Airi-</strong></span> 
     </span>
     <span class='ocr_line' id='line_1_19' title="bbox 66 1770 1033 1840; baseline 0 -16"><span class='ocrx_word' id='word_1_128' title='bbox 66 1780 132 1824; x_wconf 87' lang='lat' dir='ltr'><strong>eam</strong></span> <span class='ocrx_word' id='word_1_129' title='bbox 146 1772 330 1840; x_wconf 84' lang='lat' dir='ltr'><strong>pervenerat</strong></span> <span class='ocrx_word' id='word_1_130' title='bbox 341 1770 433 1840; x_wconf 90' lang='lat' dir='ltr'><strong>atque</strong></span> <span class='ocrx_word' id='word_1_131' title='bbox 448 1781 515 1825; x_wconf 85' lang='lat' dir='ltr'><strong>eam</strong></span> <span class='ocrx_word' id='word_1_132' title='bbox 531 1782 589 1825; x_wconf 89' lang='lat' dir='ltr'><strong>sua</strong></span> <span class='ocrx_word' id='word_1_133' title='bbox 602 1773 712 1840; x_wconf 88' lang='lat' dir='ltr'><strong>sponte</strong></span> <span class='ocrx_word' id='word_1_134' title='bbox 726 1779 855 1824; x_wconf 82' lang='lat' dir='ltr'><strong>vacuam</strong></span> <span class='ocrx_word' id='word_1_135' title='bbox 867 1781 1033 1840; x_wconf 76' lang='lat' dir='ltr'><strong>occupare</strong></span> 
     </span>
     <span class='ocr_line' id='line_1_20' title="bbox 66 1848 1034 1924; baseline 0.001 -15"><span class='ocrx_word' id='word_1_136' title='bbox 66 1855 110 1909; x_wconf 83' lang='lat' dir='ltr'><strong>rat</strong></span> <span class='ocrx_word' id='word_1_137' title='bbox 129 1849 314 1924; x_wconf 89' lang='lat' dir='ltr'><strong>delectuque</strong></span> <span class='ocrx_word' id='word_1_138' title='bbox 334 1849 437 1911; x_wconf 85' lang='lat' dir='ltr'><strong>habito</strong></span> <span class='ocrx_word' id='word_1_139' title='bbox 460 1850 537 1909; x_wconf 89' lang='lat' dir='ltr'><strong>duas</strong></span> <span class='ocrx_word' id='word_1_140' title='bbox 559 1850 697 1924; x_wconf 85' lang='lat' dir='ltr'><strong>legiones</strong></span> <span class='ocrx_word' id='word_1_141' title='bbox 718 1848 863 1909; x_wconf 85' lang='lat' dir='ltr'><strong>effecerat</strong></span> <span class='ocrx_word' id='word_1_142' title='bbox 882 1849 1034 1910; x_wconf 91' lang='lat' dir='ltr'><strong>hominum</strong></span> 
     </span>
     <span class='ocr_line' id='line_1_21' title="bbox 66 1933 1037 2009; baseline 0.001 -16"><span class='ocrx_word' id='word_1_143' title='bbox 66 1940 95 1994; x_wconf 86' lang='lat' dir='ltr'><strong>et</strong></span> <span class='ocrx_word' id='word_1_144' title='bbox 108 1935 248 1994; x_wconf 90' lang='lat' dir='ltr'><strong>locorum</strong></span> <span class='ocrx_word' id='word_1_145' title='bbox 262 1934 367 1993; x_wconf 87' lang='lat' dir='ltr'><strong>notitia</strong></span> <span class='ocrx_word' id='word_1_146' title='bbox 381 1940 410 1992; x_wconf 91' lang='lat' dir='ltr'><strong>et</strong></span> <span class='ocrx_word' id='word_1_147' title='bbox 424 1950 484 1993; x_wconf 93' lang='lat' dir='ltr'><strong>usu</strong></span> <span class='ocrx_word' id='word_1_148' title='bbox 495 1934 560 1993; x_wconf 91' lang='lat' dir='ltr'><strong>eius</strong></span> <span class='ocrx_word' id='word_1_149' title='bbox 577 1935 753 2009; x_wconf 86' lang='lat' dir='ltr'><strong>provinciae</strong></span> <span class='ocrx_word' id='word_1_150' title='bbox 766 1941 873 1994; x_wconf 86' lang='lat' dir='ltr'><strong>nactus</strong></span> <span class='ocrx_word' id='word_1_151' title='bbox 886 1933 985 1996; x_wconf 85' lang='lat' dir='ltr'><strong>aditus</strong></span> <span class='ocrx_word' id='word_1_152' title='bbox 998 1935 1037 1994; x_wconf 85' lang='lat' dir='ltr'><strong>ad</strong></span> 
     </span>
     <span class='ocr_line' id='line_1_22' title="bbox 66 2018 1035 2094; baseline 0.002 -17"><span class='ocrx_word' id='word_1_153' title='bbox 66 2034 101 2078; x_wconf 89' lang='lat' dir='ltr'><strong>ea</strong></span> <span class='ocrx_word' id='word_1_154' title='bbox 121 2018 279 2093; x_wconf 88' lang='lat' dir='ltr'><strong>conanda,</strong></span> <span class='ocrx_word' id='word_1_155' title='bbox 309 2018 393 2092; x_wconf 93' lang='lat' dir='ltr'><strong>quod</strong></span> <span class='ocrx_word' id='word_1_156' title='bbox 414 2018 521 2094; x_wconf 83' lang='lat' dir='ltr'><strong>paucis</strong></span> <span class='ocrx_word' id='word_1_157' title='bbox 542 2027 612 2078; x_wconf 85' lang='lat' dir='ltr'><strong>ante</strong></span> <span class='ocrx_word' id='word_1_158' title='bbox 634 2019 722 2078; x_wconf 88' lang='lat' dir='ltr'><strong>annis</strong></span> <span class='ocrx_word' id='word_1_159' title='bbox 745 2034 784 2078; x_wconf 87' lang='lat' dir='ltr'><strong>ex</strong></span> <span class='ocrx_word' id='word_1_160' title='bbox 806 2025 949 2092; x_wconf 86' lang='lat' dir='ltr'><strong>praetura</strong></span> <span class='ocrx_word' id='word_1_161' title='bbox 969 2035 1035 2079; x_wconf 88' lang='lat' dir='ltr'><strong>eam</strong></span> 
     </span>
     <span class='ocr_line' id='line_1_23' title="bbox 67 2102 1035 2177; baseline 0.002 -15"><span class='ocrx_word' id='word_1_162' title='bbox 67 2102 257 2177; x_wconf 84' lang='lat' dir='ltr'><strong>provinciam</strong></span> <span class='ocrx_word' id='word_1_163' title='bbox 284 2103 463 2163; x_wconf 84' lang='lat' dir='ltr'><strong>obtinuerat.</strong></span> <span class='ocrx_word' id='word_1_164' title='bbox 492 2103 548 2162; x_wconf 89' lang='lat' dir='ltr'><strong>Hic</strong></span> <span class='ocrx_word' id='word_1_165' title='bbox 573 2104 743 2164; x_wconf 89' lang='lat' dir='ltr'><strong>venientem</strong></span> <span class='ocrx_word' id='word_1_166' title='bbox 764 2102 881 2164; x_wconf 83' lang='lat' dir='ltr'><strong>Uticam</strong></span> <span class='ocrx_word' id='word_1_167' title='bbox 905 2104 1035 2164; x_wconf 89' lang='lat' dir='ltr'><strong>navibus</strong></span> 
     </span>
     <span class='ocr_line' id='line_1_24' title="bbox 66 2187 1035 2263; baseline 0.002 -17"><span class='ocrx_word' id='word_1_168' title='bbox 66 2187 255 2248; x_wconf 74' lang='lat' dir='ltr'><strong>Tuberonem</strong></span> <span class='ocrx_word' id='word_1_169' title='bbox 271 2195 360 2262; x_wconf 92' lang='lat' dir='ltr'><strong>portu</strong></span> <span class='ocrx_word' id='word_1_170' title='bbox 374 2194 466 2261; x_wconf 90' lang='lat' dir='ltr'><strong>atque</strong></span> <span class='ocrx_word' id='word_1_171' title='bbox 482 2188 597 2262; x_wconf 87' lang='lat' dir='ltr'><strong>oppido</strong></span> <span class='ocrx_word' id='word_1_172' title='bbox 613 2188 754 2263; x_wconf 91' lang='lat' dir='ltr'><strong>prohibet</strong></span> <span class='ocrx_word' id='word_1_173' title='bbox 769 2203 869 2262; x_wconf 89' lang='lat' dir='ltr'><strong>neque</strong></span> <span class='ocrx_word' id='word_1_174' title='bbox 884 2189 1035 2249; x_wconf 86' lang='lat' dir='ltr'><strong>adiectum</strong></span> 
     </span>
     <span class='ocr_line' id='line_1_25' title="bbox 66 2271 1035 2347; baseline 0.005 -18"><span class='ocrx_word' id='word_1_175' title='bbox 66 2271 239 2331; x_wconf 85' lang='lat' dir='ltr'><strong>valetudine</strong></span> <span class='ocrx_word' id='word_1_176' title='bbox 253 2271 347 2331; x_wconf 86' lang='lat' dir='ltr'><strong>filium</strong></span> <span class='ocrx_word' id='word_1_177' title='bbox 361 2287 518 2347; x_wconf 87' lang='lat' dir='ltr'><strong>exponere</strong></span> <span class='ocrx_word' id='word_1_178' title='bbox 533 2272 563 2331; x_wconf 91' lang='lat' dir='ltr'><strong>in</strong></span> <span class='ocrx_word' id='word_1_179' title='bbox 579 2280 689 2333; x_wconf 87' lang='lat' dir='ltr'><strong>terram</strong></span> <span class='ocrx_word' id='word_1_180' title='bbox 703 2273 823 2347; x_wconf 84' lang='lat' dir='ltr'><strong>patitur,</strong></span> <span class='ocrx_word' id='word_1_181' title='bbox 839 2273 896 2332; x_wconf 94' lang='lat' dir='ltr'><strong>sed</strong></span> <span class='ocrx_word' id='word_1_182' title='bbox 907 2273 1035 2334; x_wconf 86' lang='lat' dir='ltr'><strong>sublatis</strong></span> 
     </span>
     <span class='ocr_line' id='line_1_26' title="bbox 66 2356 596 2431; baseline -0.004 -16"><span class='ocrx_word' id='word_1_183' title='bbox 66 2356 186 2417; x_wconf 88' lang='lat' dir='ltr'><strong>ancoris</strong></span> <span class='ocrx_word' id='word_1_184' title='bbox 202 2357 354 2416; x_wconf 84' lang='lat' dir='ltr'><strong>excedere</strong></span> <span class='ocrx_word' id='word_1_185' title='bbox 369 2372 405 2416; x_wconf 92' lang='lat' dir='ltr'><strong>eo</strong></span> <span class='ocrx_word' id='word_1_186' title='bbox 421 2359 490 2416; x_wconf 91' lang='lat' dir='ltr'><strong>loco</strong></span> <span class='ocrx_word' id='word_1_187' title='bbox 507 2357 596 2431; x_wconf 82' lang='lat' dir='ltr'><strong>cogit.</strong></span> 
     </span>
    </p>

    <p class='ocr_par' dir='ltr' id='par_1_4' title="bbox 66 2439 1040 3448">
     <span class='ocr_line' id='line_1_27' title="bbox 143 2439 1032 2516; baseline 0.001 -16"><span class='ocrx_word' id='word_1_188' title='bbox 143 2439 263 2500; x_wconf 88' lang='lat' dir='ltr'>XXXII.</span> <span class='ocrx_word' id='word_1_189' title='bbox 285 2440 340 2500; x_wconf 90' lang='lat' dir='ltr'><strong>His</strong></span> <span class='ocrx_word' id='word_1_190' title='bbox 354 2441 446 2501; x_wconf 87' lang='lat' dir='ltr'><strong>rebus</strong></span> <span class='ocrx_word' id='word_1_191' title='bbox 463 2441 609 2502; x_wconf 87' lang='lat' dir='ltr'><strong>conlectis</strong></span> <span class='ocrx_word' id='word_1_192' title='bbox 618 2441 739 2516; x_wconf 84' lang='lat' dir='ltr'><strong>Caesar,</strong></span> <span class='ocrx_word' id='word_1_193' title='bbox 753 2448 787 2502; x_wconf 93' lang='lat' dir='ltr'><strong>ut</strong></span> <span class='ocrx_word' id='word_1_194' title='bbox 797 2441 948 2516; x_wconf 89' lang='lat' dir='ltr'><strong>reliquum</strong></span> <span class='ocrx_word' id='word_1_195' title='bbox 959 2447 1032 2501; x_wconf 87' lang='lat' dir='ltr'><strong>tem-</strong></span> 
     </span>
     <span class='ocr_line' id='line_1_28' title="bbox 66 2523 1032 2601; baseline -0.001 -15"><span class='ocrx_word' id='word_1_196' title='bbox 66 2541 118 2601; x_wconf 89' lang='lat' dir='ltr'><strong>pus</strong></span> <span class='ocrx_word' id='word_1_197' title='bbox 135 2541 156 2583; x_wconf 91' lang='lat' dir='ltr'><strong>a</strong></span> <span class='ocrx_word' id='word_1_198' title='bbox 176 2523 282 2584; x_wconf 84' lang='lat' dir='ltr'><strong>labore</strong></span> <span class='ocrx_word' id='word_1_199' title='bbox 303 2524 559 2599; x_wconf 88' lang='lat' dir='ltr'><strong>intermitteretur,</strong></span> <span class='ocrx_word' id='word_1_200' title='bbox 585 2526 694 2586; x_wconf 86' lang='lat' dir='ltr'><strong>milites</strong></span> <span class='ocrx_word' id='word_1_201' title='bbox 710 2526 739 2584; x_wconf 90' lang='lat' dir='ltr'><strong>in</strong></span> <span class='ocrx_word' id='word_1_202' title='bbox 755 2526 895 2601; x_wconf 86' lang='lat' dir='ltr'><strong>proxima</strong></span> <span class='ocrx_word' id='word_1_203' title='bbox 908 2525 1032 2586; x_wconf 87' lang='lat' dir='ltr'><strong>munici-</strong></span> 
     </span>
     <span class='ocr_line' id='line_1_29' title="bbox 66 2608 1034 2687; baseline 0.004 -18"><span class='ocrx_word' id='word_1_204' title='bbox 66 2611 112 2687; x_wconf 87' lang='lat' dir='ltr'><strong>pia</strong></span> <span class='ocrx_word' id='word_1_205' title='bbox 126 2608 268 2677; x_wconf 86' lang='lat' dir='ltr'><strong>deducit;</strong></span> <span class='ocrx_word' id='word_1_206' title='bbox 294 2608 362 2683; x_wconf 89' lang='lat' dir='ltr'><strong>ipse</strong></span> <span class='ocrx_word' id='word_1_207' title='bbox 378 2610 417 2668; x_wconf 87' lang='lat' dir='ltr'><strong>ad</strong></span> <span class='ocrx_word' id='word_1_208' title='bbox 432 2610 539 2669; x_wconf 92' lang='lat' dir='ltr'><strong>urbem</strong></span> <span class='ocrx_word' id='word_1_209' title='bbox 554 2610 767 2684; x_wconf 89' lang='lat' dir='ltr'><strong>proficiscitur.</strong></span> <span class='ocrx_word' id='word_1_210' title='bbox 798 2611 909 2670; x_wconf 85' lang='lat' dir='ltr'><strong>Coacto</strong></span> <span class='ocrx_word' id='word_1_211' title='bbox 925 2616 1034 2673; x_wconf 87' lang='lat' dir='ltr'><strong>senatu</strong></span> 
     </span>
     <span class='ocr_line' id='line_1_30' title="bbox 66 2692 1032 2756; baseline -0.001 -1"><span class='ocrx_word' id='word_1_212' title='bbox 66 2694 187 2755; x_wconf 86' lang='lat' dir='ltr'><strong>niurias</strong></span> <span class='ocrx_word' id='word_1_213' title='bbox 211 2692 399 2754; x_wconf 89' lang='lat' dir='ltr'><strong>inimicorum</strong></span> <span class='ocrx_word' id='word_1_214' title='bbox 421 2702 644 2755; x_wconf 89' lang='lat' dir='ltr'><strong>commemorat.</strong></span> <span class='ocrx_word' id='word_1_215' title='bbox 684 2695 781 2756; x_wconf 88' lang='lat' dir='ltr'><strong>Docet</strong></span> <span class='ocrx_word' id='word_1_216' title='bbox 801 2709 836 2754; x_wconf 90' lang='lat' dir='ltr'><strong>se</strong></span> <span class='ocrx_word' id='word_1_217' title='bbox 850 2696 964 2755; x_wconf 91' lang='lat' dir='ltr'><strong>nullum</strong></span> <span class='ocrx_word' id='word_1_218' title='bbox 980 2711 1032 2755; x_wconf 88' lang='lat' dir='ltr'><strong>ex-</strong></span> 
     </span>
     <span class='ocr_line' id='line_1_31' title="bbox 66 2778 1031 2855; baseline 0 -15"><span class='ocrx_word' id='word_1_219' title='bbox 66 2778 295 2839; x_wconf 85' lang='lat' dir='ltr'><strong>raordinarium</strong></span> <span class='ocrx_word' id='word_1_220' title='bbox 310 2778 457 2838; x_wconf 91' lang='lat' dir='ltr'><strong>honorem</strong></span> <span class='ocrx_word' id='word_1_221' title='bbox 473 2780 639 2854; x_wconf 85' lang='lat' dir='ltr'><strong>appetisse,</strong></span> <span class='ocrx_word' id='word_1_222' title='bbox 655 2780 710 2839; x_wconf 89' lang='lat' dir='ltr'><strong>sed</strong></span> <span class='ocrx_word' id='word_1_223' title='bbox 726 2786 887 2855; x_wconf 89' lang='lat' dir='ltr'><strong>expectato</strong></span> <span class='ocrx_word' id='word_1_224' title='bbox 900 2779 1031 2853; x_wconf 80' lang='lat' dir='ltr'><strong>legitimo</strong></span> 
     </span>
     <span class='ocr_line' id='line_1_32' title="bbox 66 2863 1031 2938; baseline 0 -14"><span class='ocrx_word' id='word_1_225' title='bbox 66 2878 200 2938; x_wconf 83' lang='lat' dir='ltr'><strong>empore</strong></span> <span class='ocrx_word' id='word_1_226' title='bbox 216 2865 392 2923; x_wconf 84' lang='lat' dir='ltr'><strong>consulatus</strong></span> <span class='ocrx_word' id='word_1_227' title='bbox 415 2879 453 2924; x_wconf 89' lang='lat' dir='ltr'><strong>co</strong></span> <span class='ocrx_word' id='word_1_228' title='bbox 469 2864 565 2923; x_wconf 87' lang='lat' dir='ltr'><strong>luisse</strong></span> <span class='ocrx_word' id='word_1_229' title='bbox 581 2871 769 2936; x_wconf 88' lang='lat' dir='ltr'><strong>contentum,</strong></span> <span class='ocrx_word' id='word_1_230' title='bbox 792 2865 877 2937; x_wconf 92' lang='lat' dir='ltr'><strong>quod</strong></span> <span class='ocrx_word' id='word_1_231' title='bbox 891 2863 1031 2924; x_wconf 93' lang='lat' dir='ltr'><strong>omnibus</strong></span> 
     </span>
     <span class='ocr_line' id='line_1_33' title="bbox 66 2948 1031 3022; baseline -0.001 -15"><span class='ocrx_word' id='word_1_232' title='bbox 66 2948 180 3007; x_wconf 69' lang='lat' dir='ltr'><strong>civibus</strong></span> <span class='ocrx_word' id='word_1_233' title='bbox 196 2953 322 3022; x_wconf 87' lang='lat' dir='ltr'><strong>pateret.</strong></span> <span class='ocrx_word' id='word_1_234' title='bbox 352 2948 459 3007; x_wconf 88' lang='lat' dir='ltr'><strong>Latum</strong></span> <span class='ocrx_word' id='word_1_235' title='bbox 481 2948 519 3006; x_wconf 85' lang='lat' dir='ltr'><strong>ab</strong></span> <span class='ocrx_word' id='word_1_236' title='bbox 535 2948 641 3007; x_wconf 91' lang='lat' dir='ltr'><strong>decem</strong></span> <span class='ocrx_word' id='word_1_237' title='bbox 656 2949 782 3011; x_wconf 88' lang='lat' dir='ltr'><strong>tribunis</strong></span> <span class='ocrx_word' id='word_1_238' title='bbox 799 2948 897 3022; x_wconf 92' lang='lat' dir='ltr'><strong>plebis</strong></span> <span class='ocrx_word' id='word_1_239' title='bbox 913 2953 1031 3007; x_wconf 81' lang='lat' dir='ltr'><strong>conha-</strong></span> 
     </span>
     <span class='ocr_line' id='line_1_34' title="bbox 66 3031 1033 3107; baseline -0.001 -16"><span class='ocrx_word' id='word_1_240' title='bbox 66 3031 234 3092; x_wconf 90' lang='lat' dir='ltr'><strong>licentibus</strong></span> <span class='ocrx_word' id='word_1_241' title='bbox 255 3031 398 3105; x_wconf 89' lang='lat' dir='ltr'><strong>inimicis,</strong></span> <span class='ocrx_word' id='word_1_242' title='bbox 421 3033 534 3093; x_wconf 86' lang='lat' dir='ltr'><strong>Colone</strong></span> <span class='ocrx_word' id='word_1_243' title='bbox 549 3041 622 3092; x_wconf 83' lang='lat' dir='ltr'><strong>vero</strong></span> <span class='ocrx_word' id='word_1_244' title='bbox 639 3034 786 3093; x_wconf 87' lang='lat' dir='ltr'><strong>acerrime</strong></span> <span class='ocrx_word' id='word_1_245' title='bbox 799 3038 988 3107; x_wconf 86' lang='lat' dir='ltr'><strong>repugnante</strong></span> <span class='ocrx_word' id='word_1_246' title='bbox 1002 3037 1033 3092; x_wconf 91' lang='lat' dir='ltr'><strong>et</strong></span> 
     </span>
     <span class='ocr_line' id='line_1_35' title="bbox 66 3115 1033 3191; baseline 0.002 -16"><span class='ocrx_word' id='word_1_247' title='bbox 66 3116 189 3176; x_wconf 70' lang='lat' dir='ltr'><strong>pristina</strong></span> <span class='ocrx_word' id='word_1_248' title='bbox 210 3117 432 3176; x_wconf 87' lang='lat' dir='ltr'><strong>consuetudine</strong></span> <span class='ocrx_word' id='word_1_249' title='bbox 453 3117 574 3176; x_wconf 85' lang='lat' dir='ltr'><strong>dicendi</strong></span> <span class='ocrx_word' id='word_1_250' title='bbox 593 3133 678 3177; x_wconf 86' lang='lat' dir='ltr'><strong>mora</strong></span> <span class='ocrx_word' id='word_1_251' title='bbox 699 3119 766 3178; x_wconf 90' lang='lat' dir='ltr'><strong>dies</strong></span> <span class='ocrx_word' id='word_1_252' title='bbox 781 3115 973 3191; x_wconf 81' lang='lat' dir='ltr'><strong>extrahente,</strong></span> <span class='ocrx_word' id='word_1_253' title='bbox 998 3122 1033 3177; x_wconf 89' lang='lat' dir='ltr'><strong>ut</strong></span> 
     </span>
     <span class='ocr_line' id='line_1_36' title="bbox 66 3199 1031 3275; baseline 0 -13"><span class='ocrx_word' id='word_1_254' title='bbox 66 3201 107 3263; x_wconf 75' lang='lat' dir='ltr'><strong>tri</strong></span> <span class='ocrx_word' id='word_1_255' title='bbox 121 3200 200 3260; x_wconf 86' lang='lat' dir='ltr'><strong>ratio</strong></span> <span class='ocrx_word' id='word_1_256' title='bbox 215 3201 350 3261; x_wconf 89' lang='lat' dir='ltr'><strong>absentis</strong></span> <span class='ocrx_word' id='word_1_257' title='bbox 368 3201 543 3274; x_wconf 85' lang='lat' dir='ltr'><strong>haberetur,</strong></span> <span class='ocrx_word' id='word_1_258' title='bbox 566 3200 634 3275; x_wconf 90' lang='lat' dir='ltr'><strong>ipso</strong></span> <span class='ocrx_word' id='word_1_259' title='bbox 651 3205 776 3263; x_wconf 90' lang='lat' dir='ltr'><strong>consule</strong></span> <span class='ocrx_word' id='word_1_260' title='bbox 790 3199 953 3275; x_wconf 86' lang='lat' dir='ltr'><strong>Pompeio;</strong></span> <span class='ocrx_word' id='word_1_261' title='bbox 980 3200 1031 3273; x_wconf 84' lang='lat' dir='ltr'><strong>qui</strong></span> 
     </span>
     <span class='ocr_line' id='line_1_37' title="bbox 66 3284 1027 3361; baseline -0.001 -15"><span class='ocrx_word' id='word_1_262' title='bbox 66 3285 86 3346; x_wconf 77' lang='lat' dir='ltr'><strong>si</strong></span> <span class='ocrx_word' id='word_1_263' title='bbox 100 3284 323 3360; x_wconf 83' lang='lat' dir='ltr'><strong>improbasset,</strong></span> <span class='ocrx_word' id='word_1_264' title='bbox 340 3301 394 3345; x_wconf 90' lang='lat' dir='ltr'><strong>cur</strong></span> <span class='ocrx_word' id='word_1_265' title='bbox 409 3287 480 3346; x_wconf 84' lang='lat' dir='ltr'><strong>ferri</strong></span> <span class='ocrx_word' id='word_1_266' title='bbox 495 3301 608 3360; x_wconf 85' lang='lat' dir='ltr'><strong>passus</strong></span> <span class='ocrx_word' id='word_1_267' title='bbox 624 3293 728 3347; x_wconf 79' lang='lat' dir='ltr'><strong>esset‘l</strong></span> <span class='ocrx_word' id='word_1_268' title='bbox 748 3286 774 3346; x_wconf 91' lang='lat' dir='ltr'><strong>si</strong></span> <span class='ocrx_word' id='word_1_269' title='bbox 789 3284 961 3361; x_wconf 84' lang='lat' dir='ltr'><strong>probasset,</strong></span> <span class='ocrx_word' id='word_1_270' title='bbox 980 3302 1027 3346; x_wconf 88' lang='lat' dir='ltr'><strong>cur</strong></span> 
     </span>
     <span class='ocr_line' id='line_1_38' title="bbox 66 3369 1040 3448; baseline 0.002 -18"><span class='ocrx_word' id='word_1_271' title='bbox 66 3386 95 3430; x_wconf 75' lang='lat' dir='ltr'><strong>re</strong></span> <span class='ocrx_word' id='word_1_272' title='bbox 108 3369 153 3430; x_wconf 88' lang='lat' dir='ltr'><strong>uti</strong></span> <span class='ocrx_word' id='word_1_273' title='bbox 168 3371 275 3445; x_wconf 91' lang='lat' dir='ltr'><strong>populi</strong></span> <span class='ocrx_word' id='word_1_274' title='bbox 296 3370 446 3431; x_wconf 90' lang='lat' dir='ltr'><strong>beneficio</strong></span> <span class='ocrx_word' id='word_1_275' title='bbox 466 3370 698 3447; x_wconf 80' lang='lat' dir='ltr'><strong>prohibuissetl</strong></span> <span class='ocrx_word' id='word_1_276' title='bbox 724 3369 906 3434; x_wconf 80' lang='lat' dir='ltr'><strong>Patientiam</strong></span> <span class='ocrx_word' id='word_1_277' title='bbox 917 3386 1040 3448; x_wconf 69' lang='lat' dir='ltr'><strong>propo</strong></span> 
     </span>
    </p>
   </div>
   <div class='ocr_carea' id='block_1_3' title="bbox 66 3455 1062 3607">
    <p class='ocr_par' dir='ltr' id='par_1_5' title="bbox 66 3455 1062 3607">
     <span class='ocr_line' id='line_1_39' title="bbox 66 3455 1062 3538; baseline 0.006 -27"><span class='ocrx_word' id='word_1_278' title='bbox 66 3456 100 3512; x_wconf 75' lang='lat' dir='ltr'><strong>rit</strong></span> <span class='ocrx_word' id='word_1_279' title='bbox 118 3470 219 3524; x_wconf 79' lang='lat' dir='ltr'><strong>suam,</strong></span> <span class='ocrx_word' id='word_1_280' title='bbox 247 3469 314 3513; x_wconf 88' lang='lat' dir='ltr'><strong>cum</strong></span> <span class='ocrx_word' id='word_1_281' title='bbox 336 3455 375 3514; x_wconf 88' lang='lat' dir='ltr'><strong>de</strong></span> <span class='ocrx_word' id='word_1_282' title='bbox 394 3458 587 3526; x_wconf 87' lang='lat' dir='ltr'><strong>exercitibus</strong></span> <span class='ocrx_word' id='word_1_283' title='bbox 603 3459 802 3529; x_wconf 77' lang='lat' dir='ltr'><strong>dimittendis</strong></span> <span class='ocrx_word' id='word_1_284' title='bbox 812 3461 900 3526; x_wconf 75' lang='lat' dir='ltr'><strong>rutro</strong></span> <span class='ocrx_word' id='word_1_285' title='bbox 911 3459 1062 3538; x_wconf 66' lang='lat' dir='ltr'><strong>postuta-</strong></span> 
     </span>
     <span class='ocr_line' id='line_1_40' title="bbox 85 3545 832 3607; baseline 0.015 -20"><span class='ocrx_word' id='word_1_286' title='bbox 85 3545 111 3587; x_wconf 78' lang='lat'><strong>6.</strong></span> <span class='ocrx_word' id='word_1_287' title='bbox 129 3548 227 3592; x_wconf 67' lang='lat' dir='ltr'><strong>lutros</strong></span> <span class='ocrx_word' id='word_1_288' title='bbox 248 3551 376 3599; x_wconf 65' lang='lat' dir='ltr'><strong>celsam.</strong></span> <span class='ocrx_word' id='word_1_289' title='bbox 791 3548 832 3607; x_wconf 58' lang='grc' dir='ltr'>Ἄ</span> 
     </span>
    </p>
   </div>
   <div class='ocr_carea' id='block_1_4' title="bbox 0 0 1156 4192">
    <p class='ocr_par' dir='ltr' id='par_1_6' title="bbox 0 0 1156 4192">
     <span class='ocr_line' id='line_1_41' title="bbox 0 0 1156 4192; baseline 0 0"><span class='ocrx_word' id='word_1_290' title='bbox 0 0 1156 4192; x_wconf 95' lang='lat' dir='ltr'><strong> </strong></span> 
     </span>
    </p>
   </div>
  </div>
 </body>
</html>
