2272 4176
67 452 130 516 308
382 454 432 513 DE
455 452 579 513 BELLO
603 453 717 513 ctvttt

65 612 188 683 paratas
203 605 243 665 ad
255 605 428 668 incendium
438 605 560 680 inmisit
576 614 606 665 et
616 606 740 666 llamma
750 604 789 667 ab
799 614 932 685 utroque
944 624 1025 671 cornu

65 706 250 766 comprensa
260 706 355 751 naves
367 697 439 751 sunt
450 690 627 752 combustae
640 691 787 766 quinque.
815 690 1024 770 cumqueignis

64 775 270 850 magnitudine
281 775 363 834 venti
374 776 464 836 latius
477 782 622 850 serperet,
638 775 759 849 milites,
772 776 826 851 qui
837 792 876 837 ax
887 780 1023 839 veteribus

64 860 236 935 legionibus
258 866 345 919 erant
363 860 459 919 relicti
475 859 630 935 praesidio
646 858 777 919 navibus
793 876 834 921 ex
849 878 972 922 numero
985 880 1024 923 ao

64 960 197 1019 grorum,
218 943 415 1018 ignominiam
430 959 492 1003 non
507 944 648 1019 tulerunt,
670 943 727 1004 sed
743 960 802 1004 sua
818 953 929 1021 sponte
944 964 1023 1007 naves

65 1028 312 1090 conscenderunt
332 1035 362 1088 ct
382 1044 401 1087 a
420 1033 503 1087 terra
523 1029 681 1088 solverunt
702 1028 883 1106 impetuque
905 1033 979 1091 lacto
1000 1033 1022 1090 in

65 1114 242 1173 Cassianam
258 1114 390 1172 classem
406 1113 635 1188 quinqueremis
651 1114 737 1184 duas,
755 1114 786 1172 in
803 1132 933 1190 quarum
946 1118 1023 1175 altera

64 1205 129 1256 erat
144 1196 279 1271 Cassius,
297 1204 459 1270 ceperunt;
482 1196 540 1255 sed
555 1196 679 1257 Cassius
696 1203 848 1272 exceptus
864 1199 976 1275 scapha
986 1216 1022 1258 re

65 1282 155 1356 lugit;
181 1287 341 1355 praeterea
362 1282 441 1340 duae
464 1287 534 1340 sunt
555 1281 724 1354 depressae
745 1282 899 1343 triremes.
935 1284 1023 1360 Neque

63 1369 156 1425 multo
171 1372 244 1440 post
258 1366 296 1424 de
313 1366 430 1439 proelio
447 1366 527 1424 lacto
544 1365 573 1423 in
588 1360 746 1424 Thessalia
762 1368 918 1441 cognitum
932 1376 982 1443 est,
999 1376 1022 1426 ut

64 1451 139 1525 ipsis
153 1449 348 1524 Pompeianis
363 1450 441 1509 fides
457 1450 559 1509 fieret:
582 1465 651 1507 nam
668 1455 737 1508 ante
752 1450 783 1508 id
797 1457 920 1527 tempus
934 1452 1022 1527 lingia

63 1535 171 1608 legatis
192 1534 360 1608 amicisque
376 1534 516 1593 Caesaris
538 1533 772 1593 arbitrabantur.
809 1535 927 1608 Quibus
947 1538 1021 1596 rebus

64 1618 192 1694 cognitis
208 1633 247 1677 ex
261 1617 309 1678 his
325 1618 400 1678 locis
417 1618 542 1678 Cassius
559 1634 626 1677 cum
643 1619 744 1678 classe
760 1619 916 1681 discessit
1061 1624 1063 1631 '

147 1702 204 1763 cll.
250 1702 362 1763 Cacsar
383 1703 524 1763 omnibus
545 1703 638 1761 rebus
660 1702 773 1762 relictis
789 1706 1021 1780 persequendum

64 1787 122 1847 sibi
135 1787 314 1862 Pompeium
335 1787 534 1861 existimavit,
557 1802 769 1861 quascumque
785 1788 814 1845 in
830 1796 936 1864 partes
950 1806 981 1850 sc
993 1806 1021 1849 er

63 1874 135 1947 luga
149 1872 329 1948 recepisset,
344 1887 384 1930 ne
396 1888 505 1932 rursus
522 1872 629 1945 copias
646 1886 828 1946 comparare
844 1874 921 1935 alias
936 1876 1019 1935 etbel-

63 1959 123 2015 lum
137 1972 287 2017 renovare
302 1964 419 2033 posset,
436 1963 466 2016 et
481 1962 761 2031 quantumcumque
774 1956 892 2016 itineris
905 1960 1020 2035 equitata

64 2041 187 2101 allicere
199 2048 319 2118 poterat
331 2042 442 2102 cotidie
454 2040 709 2118 progrediebatur
720 2040 937 2116 legionemque
948 2059 1021 2103 unan

64 2126 230 2186 minoribus
246 2126 403 2185 itineribus
419 2125 568 2200 subsequi
583 2124 680 2184 iussit.
715 2122 788 2184 Erat
802 2126 937 2187 edictum
951 2128 1021 2187 Pom·

63 2211 113 2284 pei
144 2211 266 2270 nomine
280 2210 457 2284 Amphipoli
472 2209 680 2286 propositum,
703 2208 746 2268 uti
762 2225 870 2270 omnes
887 2212 953 2272 eius
968 2228 1022 2287 pro·

64 2295 181 2353 vinciae
196 2295 340 2369 iunioreS,
358 2294 464 2353 Graeci
481 2294 627 2368 civesque
641 2293 785 2368 Romani,
808 2295 932 2355 iurandi
947 2312 1025 2355 rausa

64 2378 270 2438 convenirent.
308 2377 370 2437 Sed
395 2385 496 2438 utrum
521 2377 706 2437 avertendae
731 2379 922 2454 suspicionis
946 2397 1024 2440 eausa

65 2463 226 2537 Pompeius
241 2463 466 2537 proposuisset,
488 2470 522 2522 ut
537 2478 628 2537 quam
643 2462 812 2521 diutissime
827 2464 976 2540 longioris
990 2467 1014 2523 lu

63 2563 120 2619 gae
141 2547 300 2606 consilium
319 2548 499 2621 occultaret,
521 2563 559 2606 an
581 2545 669 2606 novis
691 2546 878 2621 delentibus
902 2550 928 2608 si
950 2567 1025 2608 nemo

65 2639 224 2705 premeret,
244 2630 457 2691 Macedoniam
473 2638 577 2690 tenere
593 2637 769 2704 conaretur,
792 2631 961 2692 existimari
974 2651 1024 2693 non

64 2720 191 2790 poterat.
220 2716 291 2790 lpse
312 2714 352 2773 ad
374 2730 517 2774 ancoram
539 2732 600 2775 una
622 2723 710 2775 noete
726 2716 861 2775 constitit
876 2723 908 2778 et
921 2718 1025 2778 vocatis

64 2800 103 2860 ad
123 2815 159 2859 se
178 2799 355 2874 Amphipoli
376 2799 550 2874 hospitibus
574 2808 603 2859 et
623 2798 755 2874 pecunia
776 2800 816 2858 ad
840 2804 1026 2862 necessarios

64 2891 205 2960 sumptus
228 2891 390 2958 corrugata
411 2883 531 2957 cognito
548 2884 687 2943 Caesaris
710 2884 843 2943 adventu
858 2902 899 2944 ex
915 2902 953 2948 eo
968 2890 1026 2948 loco

64 2971 209 3030 discessit
224 2977 253 3028 et
267 2968 430 3046 Mytilenas
446 2968 552 3042 paucis
570 2968 678 3027 diebus
694 2968 786 3026 venit.
814 2968 949 3030 Biduum
964 2980 1026 3031 tem-

64 3061 181 3129 pestate
195 3061 331 3113 retentus
347 3053 540 3128 navibusque
554 3053 620 3111 aliis
637 3052 747 3111 additis
763 3056 908 3115 actuariis
925 3056 954 3114 in
970 3057 1027 3116 Cili-

64 3140 140 3199 ciam
153 3145 243 3213 atque
255 3138 325 3196 inde
339 3137 472 3214 Cyprum
483 3137 630 3211 pervenit.
652 3136 696 3195 lbi
709 3139 869 3211 cognoscit
881 3154 1029 3201 consensu

64 3224 197 3284 omnium
211 3222 462 3282 Antiochensium
478 3222 650 3295 civiumque
664 3222 887 3298 Romanorum,
910 3227 963 3300 qui
977 3226 1030 3285 illie

64 3309 304 3384 negotiarentur,
327 3322 426 3365 arcem
448 3313 566 3381 captam
587 3320 658 3364 esse
680 3306 863 3367 excludendi
880 3311 928 3369 sui
945 3325 1030 3370 causa

65 3394 249 3467 nuntiosque
270 3391 414 3450 dimissos
436 3392 474 3449 ad
496 3406 566 3465 em,
590 3391 640 3465 qui
656 3405 691 3448 se
706 3407 745 3447 ex
759 3391 832 3464 luga
845 3391 876 3450 in
892 3394 1029 3454 finitimas

65 3479 200 3537 civitates
216 3476 374 3550 recepisse
390 3476 570 3549 dicerentur,
586 3490 625 3533 ne
639 3473 831 3533 Antiochiam
847 3477 982 3539 adirent:
1002 3478 1029 3537 id

64 3562 89 3619 si
102 3563 255 3634 iecissent7
271 3576 381 3635 magno
394 3575 498 3620 eorum
512 3560 619 3634 capitis
632 3559 766 3632 periculo
778 3561 923 3620 futurum.
952 3564 1028 3622 Idem

65 3644 123 3704 hoc
136 3645 168 3704 L.
183 3645 326 3717 Lentulo,
351 3645 400 3721 qui
423 3645 582 3719 superiore
603 3659 682 3703 anno
699 3645 806 3703 consul
822 3644 936 3721 luerat,
959 3654 988 3708 et
999 3646 1028 3705 P.

67 3729 189 3788 Lentulo
206 3728 361 3789 consulari
375 3744 413 3789 ae
429 3728 582 3789 nonnullis
599 3728 665 3787 aliis
682 3727 834 3788 acciderat
844 3729 965 3797 Rhoda
982 3730 1028 3807 qui
