2272 4176
404 171 520 238 LIBER
540 176 580 239 V.
933 176 972 246 87

81 328 164 394 butis
178 326 360 407 legionibus
374 329 525 392 facillume
539 331 663 409 inopiae
674 332 888 395 frumentariae
901 350 973 401 seua

57 440 83 499 'l'
128 431 228 494 posse
250 415 457 489 existimavit„
472 418 576 493 Atque
595 418 703 478 harum
725 426 823 478 tarnem
840 420 972 481 omnium

57 497 63 540 '³
73 516 147 563 num
160 501 301 574 hiberna,
318 506 535 576 praeteream,
553 518 643 576 quam
658 503 690 561 L.
705 504 820 564 Roscio
835 504 866 562 in
880 519 967 578 paca-

60 602 141 646 arram
155 594 187 647 et
202 584 427 662 quietissimam
440 592 558 659 partem
573 587 745 646 ducendam
760 588 902 662 dederat,
917 588 971 646 mi·

62 694 75 721 c
90 686 239 746 passuum
254 675 376 729 eentum
388 670 627 730 continebantur.
644 671 716 746 lpse
727 672 851 745 interea,
868 671 969 747 quoad

55 754 131 817 'ones
151 755 334 815 conlocatas
354 753 531 828 munitaque
550 754 679 814 hiberna
700 752 900 830 cognovisset
940 755 969 814 in

55 839 94 899 la
104 837 219 901 morari
234 838 399 897 constituit.

44 929 47 936 ’
81 922 169 983 XXV.
192 921 269 982 Erat
289 921 319 981 in
336 920 517 981 Carnutibus
533 937 652 981 summo
668 923 737 984 loeo
752 930 842 983 notus
856 925 970 999 Tasge

58 1030 75 1081 1,
96 1008 180 1068 cuius
199 1005 338 1083 maiores
358 1005 389 1064 in
411 1021 468 1065 sua
489 1007 609 1065 civitate
623 1021 751 1080 regnum
767 1007 968 1068 obtinuerant.

55 1104 77 1149 c
94 1090 208 1151 Caesar
228 1106 287 1165 pro
309 1089 376 1148 eius
397 1089 508 1150 virtute
529 1096 622 1165 atque
642 1091 673 1149 in
695 1092 968 1166 se-bcnevolentia,

51 1198 75 1225 ιι
100 1175 129 1233 in
145 1173 291 1235 omnibus
307 1172 396 1232 bellis
411 1173 559 1247 singulari
575 1175 641 1234 eius
658 1191 755 1249 opera
769 1178 867 1235 iuerat
882 1193 968 1251 nsua,

46 1275 139 1328 ,inum
154 1260 259 1319 laeum
273 1256 456 1317 restituerat.
478 1259 610 1319 Tertium
624 1259 684 1318 iam
697 1259 779 1319 hunc
794 1276 905 1318 anticum
921 1278 967 1320 re-

47 1344 133 1427 jntem
154 1342 288 1402 inimicis
310 1341 411 1400 multis
432 1342 534 1416 palam
550 1357 589 1401 ex
605 1343 725 1403 civitate
741 1351 772 1403 et
785 1344 822 1402 iis
838 1345 967 1404 auctori·

70 1443 134 1487 eum
147 1428 378 1486 interfecerunt.
399 1426 541 1485 Defertur
555 1442 592 1484 ea
605 1443 657 1487 res
673 1428 713 1486 ιιι
728 1428 899 1488 Caesarem.
915 1429 968 1487 lile

54 1508 64 1523 “’
79 1527 120 1585 s,
138 1511 225 1587 quod
240 1510 281 1569 ad
296 1509 402 1584 plures
417 1509 602 1585 pertinebat,
624 1526 663 1570 ne
678 1511 785 1571 civitas
800 1527 908 1571 eorum
923 1511 967 1570 in·

49 1615 78 1645 o·
98 1594 261 1668 deficeret,
282 1594 317 1652 L.
331 1591 476 1652 Plancum
492 1610 561 1653 cum
576 1595 697 1668 legione
712 1611 751 1654 ex
766 1595 873 1669 Belgio
889 1595 966 1654 cele-

46 1691 59 1726 ἰ
79 1680 107 1738 in
123 1680 272 1738 Carnutes
284 1676 441 1752 proficisci
453 1677 536 1736 iubet
548 1678 651 1752 ibique
662 1679 806 1753 hiemare,
824 1695 967 1752 quorum·

55 1801 58 1808 ·
77 1778 170 1839 opera
192 1766 383 1837 cognoverat
395 1761 570 1834 Tasgetium
586 1763 793 1835 interiectum,
819 1762 878 1822 hos
895 1778 964 1822 con-

45 1855 163 1908 ensos
190 1847 231 1906 ad
257 1860 293 1904 se
319 1845 445 1903 mittere.
481 1845 603 1905 Interim
628 1846 666 1905 ab
692 1846 833 1906 omnibus
859 1846 966 1919 legatis

48 1963 49 1968 ι
93 1939 237 2006 loreque,
261 1928 373 2004 quibus
389 1929 526 2002 legiones
542 1931 723 2003 tradiderat,
741 1930 852 1989 certior
867 1931 965 1988 iactus

37 2075 39 2078 .
56 2014 720 2088 inhibernaperventumlocumquehibcrnis
730 2013 965 2073 essemunitum.

76 2100 177 2158 XXVI.
201 2097 318 2158 Diebus
335 2096 452 2155 circiter
463 2114 513 2171 xv,
531 2098 641 2172 quibus
658 2099 686 2156 in
702 2098 831 2157 hiberna
843 2105 966 2158 ventum

54 2228 61 2257 ,
81 2183 194 2243 inititrm
215 2181 367 2256 repentini
389 2184 533 2241 tumultus
557 2197 593 2240 ac
609 2182 790 2242 deiectionis
807 2190 906 2242 ortum
922 2189 968 2241 est

53 2267 223 2340 Ambiorige
238 2274 269 2325 et
284 2265 466 2334 calumum
494 2265 561 2340 qui,
585 2282 653 2324 cum
669 2267 708 2324 ad
723 2267 802 2325 fines
817 2266 904 2340 regni
920 2266 966 2324 sui

62 2350 105 2412 'o
127 2353 298 2424 Cottaeque
318 2355 443 2423 praesto
466 2350 596 2409 luissent
618 2351 863 2425 frumentumque
878 2351 907 2407 in
924 2349 967 2408 hi-

70 2452 87 2494 ι
105 2433 392 2510 comportavissent,
428 2434 625 2493 Indutiomari
645 2434 769 2493 Treveri
792 2434 903 2493 nuntiis
924 2434 963 2491 in-

67 2519 75 2579 i
92 2535 167 2581 suos
191 2518 426 2577 concitaverunt
447 2517 612 2592 subitoque
635 2518 796 2591 oppressis
813 2517 964 2592 lignatori-

67 2619 173 2678 magna
188 2618 282 2661 manu
297 2602 337 2660 ad
359 2607 460 2659 castra
480 2607 690 2684 oppugnatum
707 2608 863 2660 venerunt.
894 2601 966 2658 Cum

76 2688 129 2748 iter
149 2687 251 2747 nostri
266 2701 352 2744 arma
368 2686 525 2760 cepissent
539 2688 715 2760 vallumque
731 2685 969 2744 adscendissent

99 2789 162 2831 una
183 2786 224 2829 ex
246 2776 334 2844 parte
355 2769 501 2844 Hispanis
525 2769 679 2844 equitibus
695 2769 817 2829 emissis
833 2767 967 2842 equestri

53 2916 56 2921 ,
80 2854 107 2916 'o
121 2854 304 2931 superiores
321 2853 468 2928 inissent,
485 2855 650 2927 desperata
664 2870 697 2912 rc
708 2854 815 2914 hostes
835 2869 911 2914 suos
931 2851 969 2913 ab

115 2941 220 3001 atione
240 2939 440 2998 reduxerunt.
477 2940 552 2996 Tum
573 2954 629 2997 suo
644 2944 737 3000 'more
758 2940 967 2997 conclamare-

57 3020 60 3025 ’
84 3026 124 3086 uti
139 3025 235 3100 aliqui
248 3039 288 3082 ex
301 3021 415 3082 nostris
428 3022 467 3080 ad
479 3022 676 3096 conloquium
688 3023 839 3096 prodiret:
855 3021 968 3079 habere

75 3152 84 3183 ,
106 3124 185 3185 quae
202 3109 242 3167 de
256 3123 290 3167 re
307 3105 460 3165 communi
477 3106 579 3165 dicere
594 3108 721 3180 vellent,
748 3105 858 3181 quibus
873 3104 967 3162 rebus

99 3194 217 3254 versias
232 3192 328 3251 minui
346 3206 440 3264 posse
456 3200 624 3265 sperarent.

76 3274 188 3338 ἬΠ.
210 3277 341 3337 Mittitur
357 3275 397 3333 ad
412 3290 466 3335 eos
483 3275 690 3349 conloquendi
707 3272 968 3332 causaGaiusAr·

94 3376 122 3437 ¹s,
135 3378 233 3440 eques
249 3362 420 3431 Romanus,
437 3360 592 3418 familiaris
609 3358 762 3432 Q.Titurii,
778 3363 809 3416 et
824 3356 968 3430 Q.lunius

98 3449 190 3523 spania
204 3446 344 3525 quidam,
362 3442 414 3519 qui
428 3443 488 3505 iam
503 3451 572 3503 ante
587 3444 685 3509 missu
693 3441 835 3505 Caesaris
847 3442 888 3505 ad
902 3442 970 3506 bm-
