2272 4176
141 522 203 589 342
377 524 535 589 BELLUM
554 522 875 588 ALEXANDRINIIM.
1099 572 1103 611 ,

140 674 194 743 si's.
221 679 372 740 Munatius
383 678 511 739 Flaccus
529 679 702 756 proximum
719 679 821 755 gladio
838 681 938 745 traicit
952 681 1097 757 lamnam

139 765 200 827 boc
210 765 366 825 Interfecto
380 747 412 838 (l.
425 764 564 841 Cassium
575 766 706 839 legatmn
715 767 864 827 vulnerat.
892 765 939 827 Ibi
946 766 980 827 T.
991 768 1098 831 Vasim

140 858 170 912 et
189 848 222 910 L.
243 848 381 923 Mergilio
408 849 497 909 simili
526 849 710 910 confidentia
733 849 891 925 Flaccum,
924 852 1098 927 municipem

140 951 238 1006 suum,
261 933 419 994 adiuvant:
441 939 526 993 erant
537 934 617 994 enim
629 949 733 994 omnes
745 934 934 997 Italicenses.
956 936 1097 1012 Atipsnm

138 1019 309 1094 Longinum
325 1018 357 1077 L.
370 1017 503 1079 Licinius
516 1015 652 1094 Squillus
671 1018 786 1079 involat
803 1019 1018 1096 iacentemque
1034 1022 1097 1081 leri-

29 1116 33 1123 ·
138 1103 196 1164 bus
209 1103 326 1163 sauciat
336 1102 444 1176 plagis.

220 1186 294 1245 Llll.
324 1152 1097 1265 cqncurrituradcassiumdelendendumrsemper

23 1272 27 1279 '
138 1272 218 1331 enim
235 1271 372 1330 Berones
396 1271 632 1345 compluresque
655 1278 801 1332 evocatos
824 1287 894 1333 cum
916 1273 985 1335 telis
1003 1289 1096 1335 secum

137 1355 252 1415 habere
265 1361 436 1415 consuerat.
464 1355 493 1415 A
504 1354 616 1431 quibus
629 1355 720 1414 ceteri
731 1356 984 1430 intercluduntur,
1005 1358 1097 1434 quial

139 1440 265 1500 caedem
283 1439 453 1499 faciendam
471 1439 755 1514 subsequebantur;
778 1457 840 1516 quo
859 1441 889 1500 in
907 1457 1036 1503 numero
1050 1442 1097 1503 luit

138 1523 319 1599 Calpurnius
329 1522 488 1584 Salvianus
502 1522 677 1584 etManilius
684 1525 843 1585 iusculus.
865 1525 1020 1587 Minucius
1031 1526 1097 1587 inter

138 1626 223 1681 saxa,
247 1624 326 1684 quae
343 1607 481 1667 iacebant
498 1609 528 1667 in
545 1607 660 1679 itinere,
684 1609 804 1682 lugiens
822 1610 1005 1686 opprimitur
1021 1618 1096 1671 atre

138 1695 198 1752 lato
218 1692 342 1753 domum
360 1691 464 1752 Cassio
483 1693 523 1751 ad
541 1706 611 1752 cum
628 1692 797 1753 deducitur.
832 1694 970 1755 Racilius
988 1695 1019 1754 in
1036 1710 1094 1770 pro

136 1778 248 1836 xlmam
266 1792 301 1836 se
320 1776 442 1835 dommn
461 1776 615 1835 iarniliaris
633 1776 682 1835 sui
699 1777 825 1852 confert,
845 1779 918 1839 dum
929 1786 1043 1839 certum
1054 1793 1095 1837 co·

136 1866 314 1936 gnosceret,
334 1862 532 1921 conlectusnc
544 1859 669 1921 Cassius
682 1866 775 1921 essct
803 1860 837 1920 L.
849 1862 1027 1924 Laterensis
1039 1878 1096 1922 cnm

136 1947 168 2005 id
184 1961 246 2006 non
265 1945 430 2016 dubitaret,
456 1944 589 2003 adcurrit
605 1945 702 2004 laetus
724 1945 754 2004 in
777 1952 879 2007 castra
900 1947 1096 2022 militibusque

136 2031 308 2089 vernaculis
321 2035 352 2088 et
363 2029 517 2088 secundae
528 2028 667 2102 legionis,
680 2028 791 2104 quibus
805 2030 876 2091 odio
890 2032 1010 2092 sciebat
1020 2046 1095 2107 prae

137 2116 226 2189 cipue
239 2113 378 2174 Cassium
396 2127 475 2185 esse,
498 2112 679 2186 gratulatum
703 2114 816 2173 tollitur
833 2130 852 2174 a
869 2115 1095 2176 multitudineiu

136 2199 274 2271 tribunal,
296 2203 420 2271 praetor
439 2198 616 2271 appellatur.
645 2197 739 2257 Nemo
752 2198 831 2257 enim
842 2205 895 2259 aut
906 2199 937 2259 in
948 2200 1096 2274 provincia

137 2290 225 2342 natus
243 2289 276 2342 ut
292 2283 476 2341 vernaculae
494 2282 623 2356 legionis
640 2281 744 2354 miles,
767 2288 819 2343 aut
836 2283 1032 2345 diuturnitate
1047 2284 1096 2343 iarn

136 2368 234 2427 iactus
248 2366 452 2440 provincialis,
467 2381 527 2440 quo
540 2366 571 2425 in
581 2381 706 2425 numero
719 2373 783 2427 erat
794 2367 934 2428 secunda
943 2368 1034 2443 legio,
1045 2383 1095 2427 non

137 2467 205 2510 cum
218 2450 299 2510 omni
311 2450 468 2524 provincia
480 2456 679 2510 consenserat
689 2449 719 2508 in
731 2450 802 2511 odio
815 2450 920 2511 Cassi:
933 2468 1006 2512 nam
1016 2452 1095 2527 legio-

137 2550 192 2593 nes
210 2535 392 2593 tricesimam
409 2540 439 2594 et
454 2534 631 2594 vicesimam
648 2533 776 2608 primam
787 2536 896 2610 paucis
908 2537 1064 2597 mensibus
1073 2534 1096 2593 in

136 2620 221 2680 ltalia
239 2619 369 2693 scriptas
388 2618 500 2678 Caesar
519 2618 704 2677 adtribuerat
720 2617 874 2692 Longino,
900 2619 1011 2694 quinta
1029 2619 1096 2693 legio

137 2719 234 2778 nuper
249 2708 313 2761 erat
324 2702 364 2761 ibi
377 2704 524 2762 conlecta.

218 2786 293 2846 LIV.
337 2787 458 2846 Interim
479 2786 631 2846 nuntiatur
647 2785 803 2845 Laterensi
828 2785 937 2846 vivere
960 2788 1097 2849 Cassium.

136 2872 201 2945 Quo
214 2871 319 2930 nuntio
333 2871 439 2930 dolore
451 2871 547 2944 magis
560 2878 716 2944 permotus
730 2886 821 2944 quam
833 2870 937 2932 auimo
951 2872 1096 2948 perturba·

32 2954 39 2969 '
135 2964 183 3015 tus
202 2955 300 3014 reficit
317 2969 351 3013 se
370 2955 507 3013 celeriter
518 2961 548 3013 et
560 2953 598 3012 ad
611 2953 751 3013 Cassium
761 2952 925 3015 visendum
939 2955 1097 3032 proficisci·

134 3047 190 3099 tur.
219 3040 264 3098 Re
284 3038 405 3111 cognita
422 3038 574 3097 tricesima
592 3038 670 3111 legio
683 3038 772 3111 signa
783 3038 961 3099 Cordubam
973 3037 1097 3101 inserted

136 3124 280 3184 auxilium
300 3123 456 3181 serendum
476 3122 649 3195 imperatori
661 3139 728 3181 suo.
755 3121 840 3181 Facit
857 3122 920 3183 hoc
937 3125 1021 3184 idem
1031 3126 1097 3184 vice

136 3210 213 3267 sima
232 3207 336 3281 prima.
367 3204 568 3280 Subsequitur
580 3206 635 3266 has
649 3206 763 3281 quinia.
793 3205 867 3266 Cum
879 3207 963 3268 duae
975 3211 1096 3285 legiones

135 3294 272 3366 reliquae
291 3290 435 3348 essentin
451 3291 568 3358 castris,
594 3290 763 3350 secundani
774 3290 871 3360 veriti,
897 3306 938 3350 ne
950 3296 1011 3353 soli
1022 3293 1095 3353 relin-

137 3385 301 3450 querentur
312 3381 404 3448 atque
416 3389 454 3431 ex
465 3389 512 3444 eo,
527 3375 600 3449 quid
609 3375 788 3446 sensissent,
803 3373 1003 3449 iudicaretur,
1015 3373 1096 3438 secuti

136 3470 205 3519 sunt
217 3462 326 3519 iactum
342 3458 543 3532 superiorum.
566 3458 775 3519 Permansitin
787 3460 941 3520 sententia
953 3462 1092 3537 legiorer·

136 3545 244 3604 nacula
255 3558 311 3601 nec
323 3544 384 3602 ullo
398 3543 503 3602 timore
516 3543 553 3601 de
566 3544 664 3616 gradu
675 3543 793 3603 deiecta
804 3551 860 3603 est.

218 3628 279 3686 LV.
325 3626 450 3686 Cassius
462 3642 526 3696 eos,
541 3629 592 3700 qui
605 3627 748 3687 nominati
762 3634 849 3687 erant
860 3628 982 3689 conscii
994 3626 1094 3695 caedis,

136 3711 218 3770 iubet
237 3711 469 3786 comprehendi;
492 3711 643 3784 legionem
662 3712 795 3787 quintam
819 3712 849 3771 in
869 3720 975 3773 castra
991 3709 1096 3772 remittit

134 3795 312 3857 cohortibus
331 3795 453 3873 triginta
468 3795 602 3857 retentis.
637 3797 752 3857 Indicio
770 3795 885 3859 Minuci
897 3794 1093 3874 cognoscitu
