2272 4176
62 160 65 165 '
144 236 147 241 Ι
197 172 243 215 ns
266 170 438 214 oarrnrnsn
462 172 703 214 courrnsrroun
725 171 751 213 e.
775 164 817 218 46.
837 164 880 218 47.
903 165 945 218 48.
1020 156 1061 216 23

78 320 254 383 Catarisim
264 336 347 380 mora
357 320 484 387 veniunt,
501 317 665 395 Caeparius,
681 317 768 395 paulo
783 320 949 380 ants'domo
963 334 1089 396 egres-4

69 420 144 473 ,anm
163 404 284 480 cognito
300 401 406 463 indicio
423 419 459 461 ex
480 400 555 462 urbe
568 400 748 478 profugerat.
784 400 892 463 Consul
906 403 1061 464 Lentulum

67 484 161 567 ‚qaod
174 492 298 565 praetor
314 490 376 545 erat
389 486 451 563 ipse
466 502 556 545 manu
570 491 674 544 tenens
687 485 836 561 perducit,
853 486 978 546 relicuos
994 505 1062 546 curn

80 568 255 631 uumdbm
274 569 306 628 in
326 567 428 629 aedem
442 566 622 627 Concordiae
637 569 736 626 venire
751 567 840 628 iubet.
871 568 914 627 Eo
928 576 1089 644 senatnmo

62 652 218 721 cadrocat,
232 666 398 731 magnaque
411 650 575 729 frequentia
591 651 653 710 eius
669 650 779 710 ordinis
795 649 978 711 Volturcium
994 670 1061 711 cum

64 732 185 813 ‚legatis
197 734 367 803 hrtroducit,
378 733 517 795 Flaccum
531 742 700 811 praetorem
712 735 854 793 scrinium
866 753 932 794 cum
947 734 1059 804 litteris,

81 834 153 897 quas
170 816 307 894 alegatis
324 823 492 895 acceperat,
516 816 620 877 eodem
633 816 750 876 adferre
769 816 858 877 iubet.
897 817 1061 877 Volturcius
1071 814 1112 872 47

83 899 281 976 haterrogatus
295 900 332 961 de
348 901 465 969 itinere,
488 900 525 961 de
543 900 660 967 litteris,
684 906 832 976 postremo
848 900 917 979 quid
933 908 982 960 aut
1004 919 1062 979 qua

85 982 118 1043 dc
132 1000 238 1045 caussa
260 982 361 1043 consili
374 983 532 1051 habuisset,
556 984 652 1060 primo
667 982 778 1058 fingere
798 982 862 1051 alia,
879 982 1061 1043 dissimulare

62 1064 117 1149 pade
138 1067 358 1129 coniuratione:
386 1073 453 1144 post
477 1065 528 1126 ubi
554 1066 611 1125 tide
632 1064 749 1142 publica
771 1066 869 1126 dicere
890 1068 985 1126 iussus
1007 1074 1059 1134 est,

62 1150 177 1209 omnia
192 1150 238 1209 uti
252 1155 334 1225 gesta
348 1156 432 1209 erant
445 1150 547 1227 aperit,
561 1149 703 1225 docetque
716 1165 748 1207 se
762 1151 862 1225 paucis
877 1155 943 1209 ante
958 1149 1062 1209 diebus

62 1237 100 1293 ta
119 1231 246 1295 Gabinio
266 1239 295 1291 et
315 1231 455 1309 Caepario
470 1234 583 1292 socium
598 1231 741 1291 adscitum
755 1232 826 1291 nihil
842 1233 966 1309 amplius
985 1233 1061 1292 scire

69 1332 168 1395 equam
182 1314 310 1392 legatos:
331 1321 444 1375 tanturn
462 1315 550 1375 modo
574 1314 676 1374 audire
698 1314 814 1374 solitum
836 1334 872 1375 ex
887 1315 1010 1376 Gabinio
1027 1316 1058 1375 P.

64 1398 67 1405 '
83 1396 266 1468 Autronium,
282 1398 417 1458 Servium
433 1397 552 1466 Sullam,
569 1398 601 1456 L.
618 1396 837 1471 Vargunteium,
853 1399 959 1457 multos
971 1416 1060 1475 prae-

62 1486 160 1541 tterea
187 1482 220 1541 in
247 1499 281 1542 ea
309 1482 509 1542 coniuratione
532 1498 604 1541 esse.
649 1479 759 1539 Eadem
781 1479 854 1539 Calli
876 1481 1003 1541 latentur
1026 1490 1086 1541 aca

79 1562 237 1625 Lentulum
258 1563 487 1625 dissimulantem
501 1569 665 1640 coarguunt
684 1568 802 1639 praeter
816 1562 927 1622 litteras
947 1581 1059 1623 sermo·

79 1644 182 1717 nibem,
214 1658 289 1725 quos
308 1646 357 1709 ille
377 1647 487 1708 habere
515 1647 615 1706 solitus
643 1651 720 1706 erat:
747 1662 783 1705 ex
810 1644 892 1705 libris
915 1645 1060 1724 Sibyllinis
1122 1704 1130 1719 ,

78 1746 206 1807 regnum
215 1729 327 1792 Romae
340 1730 435 1797 tribus
444 1729 583 1791 Cornehis
594 1728 745 1806 portendi:
761 1727 881 1788 Cinnam
896 1735 982 1807 atque
995 1728 1059 1789 Sul-

77 1810 137 1873 lam
147 1819 244 1883 antea,
256 1831 288 1873 se
299 1814 418 1875 tertium
430 1830 503 1881 esse,
517 1814 564 1872 cui
578 1813 668 1872 latum
681 1812 756 1871 toret
766 1811 848 1871 urbis
860 1814 962 1888 potiri:
974 1830 1059 1889 prae·

62 1902 162 1958 nterea
184 1895 222 1956 ab
244 1898 365 1957 incenso
387 1896 527 1975 Capitoho
548 1895 631 1955 illum
652 1912 715 1954 esse
736 1896 917 1971 vigesumum
940 1913 1058 1963 annum,

80 1996 170 2059 quem
183 1996 272 2057 saepe
288 1998 325 2041 ex
339 1980 480 2060 prodigiis
495 1978 644 2056 aruspices
656 1977 875 2055 respondissent
892 1977 969 2039 bello
985 1978 1059 2038 civili

80 2069 237 2123 cruentum
255 2063 330 2123 lore.
366 2062 458 2140 Igitur
475 2061 612 2140 perlectis
630 2060 746 2129 litteris,
768 2079 835 2120 cum
853 2063 936 2140 prius
959 2071 1086 2122 omnes3

78 2146 163 2221 signa
177 2162 233 2206 sua
248 2148 459 2221 cognouissent,
482 2152 600 2205 senatus
621 2144 766 2211 decernit,
790 2145 832 2203 uti
847 2145 981 2205 abdicato
999 2164 1060 2205 rna-

79 2228 205 2303 gistratu
219 2228 360 2289 Lentulus
374 2231 501 2306 itemque
517 2229 607 2287 ceteri
621 2229 651 2286 in
664 2225 764 2286 liberis
778 2228 916 2286 custodiis
931 2228 1059 2288 habean-

62 2316 138 2371 s'tur.
169 2310 272 2389 Itaque
289 2311 429 2372 Lentulus
444 2311 476 2370 P.
492 2309 615 2370 Lentulo
634 2309 792 2387 Spintheri,
811 2312 937 2387 quitum
959 2311 1086 2371 aedilisa

80 2400 152 2463 erat,
173 2392 319 2470 Cethegus
333 2394 367 2466 Q.
390 2393 553 2462 Cornificio,
567 2392 695 2452 Statilius
717 2394 751 2453 G.
770 2391 899 2460 Caesari,
921 2394 1061 2453 Gabinius

62 2474 117 2537 lt.
129 2474 245 2545 Crasso,
261 2476 419 2555 Caeparius
433 2511 468 2521 —
482 2494 549 2536 nam
566 2477 590 2535 is
605 2475 692 2555 paulo
708 2482 774 2536 ante
786 2493 821 2534 ex
833 2475 901 2551 iuga
915 2482 1060 2537 retractus

81 2566 144 2620 erat
162 2592 198 2603 —-
216 2559 271 2619 Cn.
289 2559 427 2620 Terentio
441 2561 569 2619 senatori
585 2559 752 2622 traduntur.

163 2642 280 2703 Interea
301 2642 403 2720 plebes
418 2643 617 2703 coniuratione
631 2641 786 2718 patefacta,
809 2658 882 2718 quae
898 2643 993 2718 primo
1007 2660 1058 2703 ou·
1070 2643 1110 2706 48

62 2726 147 2804 cpida
157 2743 262 2786 rerum
276 2744 418 2787 novarum
433 2727 519 2786 nimis
532 2723 609 2785 bello
624 2724 746 2793 larebat,
769 2729 878 2783 mutata
893 2730 991 2783 mente
1007 2724 1060 2785 Ca·

81 2808 178 2869 lilinae
196 2809 316 2870 consilia
333 2812 479 2878 execrari,
500 2808 670 2868 Ciceronem
684 2808 720 2867 ad
740 2805 853 2867 caelum
866 2804 985 2866 tollere:
1000 2805 1059 2867 vel·

81 2894 122 2951 uti
148 2910 186 2953 ex
213 2894 352 2952 servitute
373 2898 473 2970 erepta
494 2892 632 2968 gaudium
655 2897 741 2968 atque
761 2890 899 2949 laetitiam
917 2888 1058 2966 agitabat:

81 2992 207 3053 namque
229 2973 285 3034 alia
299 2974 368 3035 belli
389 2975 517 3035 facinora
532 2974 658 3051 praedae
673 2974 765 3050 magis
778 2991 865 3051 quarn
885 2973 1088 3037 detrimentoa

81 3057 155 3127 lore,
174 3058 343 3118 incendium
357 3076 428 3118 vero
444 3057 563 3119 crudele
577 3057 791 3116 inmoderatum
806 3073 840 3114 ac
856 3055 911 3114 sibi
924 3072 1060 3118 maxume

62 3140 283 3203 scalamitosum
299 3141 427 3217 putabat,
446 3145 552 3220 quippe
568 3142 615 3201 cui
636 3157 737 3199 omnes
752 3141 852 3216 copiae
870 3139 900 3198 in
917 3156 972 3199 usu
988 3141 1059 3200 coti·

83 3224 169 3285 diano
187 3234 217 3283 et
240 3224 319 3285 cultu
341 3227 474 3302 corporis
497 3231 588 3284 erant.

165 3308 237 3369 Post
257 3326 324 3367 cum
339 3308 415 3367 diem
432 3307 549 3386 quidam
564 3307 596 3365 L.
612 3306 787 3383 Tarquinius
805 3305 841 3365 ad
857 3312 990 3367 senatum
1008 3308 1087 3372 επὶ-3

82 3388 187 3453 ductam
207 3398 285 3460 erat,
306 3408 393 3470 quem
416 3391 452 3450 ad
468 3389 618 3451 Catilinam
638 3389 874 3466 proficiscentem
898 3408 934 3450 er
955 3392 1060 3452 itincre
