2272 4176
133 429 195 495 aaa
370 430 530 495 umnam
548 428 872 495 mmaunnmma
931 374 935 383 ¹
984 383 1087 410 ’

135 592 312 663 structaque
325 585 478 663 utrimque
493 585 603 646 classis
619 584 810 648 conflixisset
823 592 855 649 et
868 600 927 649 sua
939 590 1094 649 consuetu
1131 600 1134 643 ε

135 673 206 733 dine
225 670 408 747 Euphranor
427 672 543 747 primus
569 670 718 746 proelium
745 670 950 734 commisisset
969 676 1002 733 et
1024 670 1094 733 illico
1132 702 1134 749 3

135 759 284 816 triremem
297 755 431 816 hostium
444 757 634 832 perforasset
648 771 685 815 ac
699 756 913 833 demersisset,
933 755 1095 833 proximam

136 841 256 916 longius
278 842 435 901 insecutus
456 857 565 918 parum
580 840 717 901 celeriter
730 842 964 919 insequentibus
977 840 1095 919 reliquis
1131 864 1134 923 ;

135 926 357 986 circumventus
378 926 417 986 ab
438 925 655 987 Alexandrinis
676 930 732 985 cst.
762 924 816 987 Cui
830 926 1003 988 subsidium
1015 941 1094 987 nemo

134 1012 215 1084 tulit,
237 1011 303 1070 sive
317 1011 401 1087 quod
415 1010 446 1069 in
460 1011 530 1086 ipso
546 1012 620 1071 satis
635 1009 779 1085 praesidii
794 1028 851 1086 prn
864 1011 977 1073 nante
990 1026 1027 1073 ac
1040 1008 1094 1071 leli·
1132 1010 1134 1015 '

135 1095 223 1155 citato
244 1096 310 1155 eins
332 1101 475 1170 putarent
495 1111 580 1170 esse,
607 1095 672 1155 sive
693 1096 778 1171 quod
797 1096 858 1172 ipsi
879 1096 939 1157 sibi
953 1095 1093 1156 timebant

133 1180 178 1239 Ita
194 1180 246 1254 qui
260 1196 339 1239 unus
355 1196 394 1239 ex
409 1180 549 1240 omnihus
565 1196 602 1241 eo
617 1180 735 1255 proelio
750 1179 830 1241 bene
845 1196 911 1241 rem
925 1180 1036 1256 gessit,
1051 1196 1092 1241 so-

133 1266 181 1324 lus
198 1280 265 1323 cum
280 1280 338 1324 sna
353 1264 536 1340 quadriremi
551 1265 674 1325 victrice
689 1264 775 1338 perit.

215 1348 322 1409 XXVI.
351 1349 414 1409 Sub
436 1348 515 1408 idern
537 1356 657 1424 tempus
678 1348 867 1409 Mithridates
888 1349 1093 1424 Pergamenus,
1132 1370 1134 1377 ·

134 1450 264 1508 magnae
285 1433 448 1494 nobilitatis
471 1434 552 1494 dorni
567 1433 775 1509 scientiaeque
787 1433 818 1494 in
833 1433 915 1494 bello
931 1441 963 1494 et
975 1432 1093 1507 virtutis,

134 1519 207 1578 lidci
222 1517 437 1593 dignitatisque
451 1519 481 1576 in
497 1518 629 1581 amicitia
643 1518 792 1593 caesaris,
807 1519 922 1579 missus
939 1518 969 1577 in
986 1516 1093 1595 Syriam

136 1601 330 1678 Ciliciamque
344 1602 428 1663 initio
442 1601 513 1662 belli
524 1602 723 1663 Alexandrini
737 1601 777 1662 ad
791 1603 905 1663 auxilia
918 1602 1094 1663 arcessenda

136 1703 205 1746 eum
219 1687 337 1762 magnis
355 1687 467 1763 copiis,
484 1704 561 1762 quas
578 1688 714 1747 celeriter
729 1694 759 1746 et
773 1687 1019 1763 propensissime
1033 1686 1092 1747 ciri·

135 1779 227 1831 tatum
240 1774 395 1832 voluntate
410 1777 441 1831 et
454 1787 511 1832 sua
525 1771 680 1846 diligentia
694 1773 875 1845 coniecerat,
891 1772 1001 1833 itinere
1012 1772 1092 1848 pede

136 1856 197 1930 stri,
213 1872 273 1932 quo
289 1857 480 1931 coniungitur
495 1859 657 1934 Aegyptus
674 1855 797 1934 Syriae,
812 1857 969 1918 Pelusium
983 1856 1092 1917 adducit

21 1942 27 1953 '
137 1940 228 2016 idque
244 1942 389 2016 oppidum
412 1942 498 2001 iirmo
514 1941 667 2016 praesidio
684 1948 866 2016 occupatum
880 1941 1021 2002 Achillae
1035 1957 1092 2017 pro

135 2032 201 2100 pter
217 2025 472 2101 opportunitatem
487 2026 546 2085 loci
561 2059 601 2069 —
616 2042 747 2101 namque
761 2033 824 2086 tota
838 2027 1003 2105 Aegyptos
1017 2023 1093 2085 mari-

136 2117 216 2171 tumo
233 2127 363 2172 accessu
377 2110 486 2185 Pharo,
502 2111 636 2185 pedestri
650 2110 771 2171 Pelusio
787 2113 871 2171 velut
885 2111 1027 2172 claustris
1041 2128 1092 2171 nau

135 2195 196 2254 rita
216 2196 465 2256 existimatur-
485 2202 611 2269 repente
631 2195 749 2270 magnis
772 2196 993 2257 circumdatum
1009 2196 1094 2271 copiis

133 2281 289 2355 multiplici
304 2278 458 2355 praesidio
475 2279 668 2354 pertinaciter
682 2280 949 2355 propugnantibus
964 2288 993 2341 et
1005 2280 1094 2356 copia·

133 2380 199 2422 rum
225 2364 445 2439 magnitudine,
472 2381 548 2439 quas
571 2365 703 2440 integras
718 2365 884 2425 vulneratis
910 2366 1096 2440 defessisqno

134 2448 318 2522 subiciebat,
345 2457 375 2510 ct
395 2450 624 2523 perseverantia
645 2450 878 2526 constantiaque
894 2449 1095 2526 oppugnandi,

135 2549 196 2607 quo
213 2532 262 2592 die
277 2540 325 2593 est
338 2535 521 2608 adgressus,
543 2535 573 2592 in
589 2550 675 2594 suam
689 2533 806 2609 redegit
820 2541 1006 2610 potestatem
1021 2549 1096 2610 prac-

134 2616 307 2691 sidiumque
328 2618 368 2677 ibi
390 2634 478 2678 suum
499 2619 667 2679 collocavit.
696 2618 770 2678 Inde
790 2635 824 2679 re
838 2620 919 2680 bene
934 2626 1024 2694 gesta
1037 2620 1096 2678 Ale

134 2702 302 2761 xandream
314 2703 354 2762 ad
362 2702 522 2762 Caesarem
534 2703 689 2764 contendit
700 2718 868 2780 omnesque
882 2720 938 2764 eas
953 2704 1096 2779 regiones

133 2802 188 2863 per
210 2803 286 2862 quas
308 2787 364 2847 iter
379 2787 521 2861 faciebat,
549 2788 726 2849 auctoritate
751 2802 801 2861 ea,
829 2805 910 2864 quac
926 2790 1098 2864 plerumque

133 2871 221 2933 adc'st
246 2871 367 2946 victori,
393 2878 520 2946 pacaret
543 2881 635 2949 atque
660 2873 689 2932 in
716 2871 875 2934 amicitiam
898 2872 1097 2933 Caesarisne

13 3030 16 3037 Ι
133 2957 267 3030 degerat.

215 3041 334 3100 XXVII,
357 3041 458 3102 Locus
485 3049 532 3102 est
553 3043 617 3102 lere
638 3041 797 3115 regionum
817 3042 938 3101 illarum
953 3039 1087 3103 nobilissi

131 3143 199 3188 mus
221 3143 283 3187 nnn
305 3125 345 3185 ita
366 3126 456 3200 longe
477 3127 515 3186 ab
530 3127 726 3187 Alexandrea
742 3125 793 3201 qui
813 3126 989 3186 nominatur
1004 3126 1098 3191 Deltat

132 3214 215 3288 quod
242 3225 353 3273 nomen
374 3228 392 3270 a
413 3210 607 3270 similitudine
632 3212 748 3271 litterae
772 3210 906 3286 accepim
937 3227 1008 3270 narn
1033 3222 1098 3286 pars

132 3299 282 3374 quaedam
298 3295 429 3355 lluminis
445 3295 501 3354 Nili
517 3297 652 3356 derivata
665 3296 742 3354 inter
758 3310 792 3354 sc
808 3295 931 3355 duobus
947 3294 1098 3356 itineribus

130 3383 273 3459 paulatim
293 3380 426 3440 medium
447 3381 523 3439 inter
545 3396 580 3440 se
600 3380 732 3455 spatium
755 3379 935 3456 relinquens
961 3377 1097 3440 diversis·

131 3469 207 3529 simo
230 3468 269 3526 ad
290 3467 360 3526 litus
383 3466 540 3525 intervallo
561 3465 636 3524 mari
652 3464 852 3539 coniungitur.
883 3465 938 3525 Cui
952 3466 1022 3526 loco
1037 3478 1097 3528 cum

131 3552 381 3627 adpropinquare
394 3549 588 3610 Mithridaten
610 3566 666 3610 rex
688 3549 886 3623 cognovisset
901 3558 932 3610 et
945 3555 1096 3610 transeun-

131 3636 202 3696 dnm
217 3636 244 3695 ei
259 3635 372 3695 flumen
387 3635 489 3712 sciret,
504 3651 630 3709 magnas
646 3635 795 3695 adversus
811 3650 880 3694 eum
896 3635 1004 3710 copias
1016 3631 1096 3705 misit

134 3720 242 3798 quihus
260 3722 307 3780 vel
323 3721 462 3797 superari
482 3719 640 3796 delerique
653 3717 847 3780 Mithridaten
863 3719 911 3780 vel
926 3717 996 3781 sine
1011 3714 1094 3781 dubio
1124 3735 1128 3741 ·

1129 3832 1134 3961 t
