2272 4176
490 182 606 246 Lmen
625 184 649 245 I.
999 172 1067 250 203'

80 339 121 402 ad
145 339 278 400 alteram
304 338 410 415 oppidi
433 345 552 415 partem
574 338 675 416 ponit:
704 339 752 415 his
774 338 883 399 castris
899 338 1058 408 Curionem

81 425 241 502 praefecit.
256 423 398 500 Reliquis
414 424 523 486 diebus
538 424 685 503 oppidum
701 425 782 485 vallo
795 425 993 502 castellisque
1004 428 1060 488 cir·

82 509 262 571 emnvenire
283 508 418 570 instituit.
493 509 547 579 ius¹
564 509 667 584 operis
688 509 821 568 maxima
842 517 930 582 parte
951 511 1060 573 effecta

82 596 192 657 eodem
207 595 276 654 iere
289 598 391 669 tempo
473 594 527 653 ’ssi
542 593 719 668 apompeto
734 599 935 653 revertuntur.

164 678 245 741 XIX.
268 509 547 822 [Μαλθὼ
562 678 711 739 Domitius
728 678 926 739 dissimulans
941 680 971 738 in
988 696 1058 741 con-

85 764 150 824 cilio
173 762 354 839 pronuntiat
398 762 551 838 ompeium
573 763 712 822 celeriter
736 761 875 823 subsidio
900 771 1061 827 ventruum

84 849 286 923 hortaturque
301 862 366 920 cos,
382 862 421 906 ne
436 846 536 907 animo
553 847 697 907 deficiant
712 862 853 922 quaeque
867 849 937 908 usui
953 851 993 908 ad
1008 851 1059 910 de·

86 933 272 994 tendendum
288 931 437 1007 oppidum
451 932 519 1005 sint,
536 937 654 1006 parent.
684 931 756 1006 lpse
772 947 885 992 arcano
902 948 971 993 cum
985 951 1059 1009 pau-

88 1019 127 1079 cis
148 1015 351 1078 familiaribus
373 1016 439 1077 suis
461 1017 645 1090 colloquitur
666 1016 889 1092 consiliumque
905 1019 995 1093 lagae
1011 1034 1060 1079 cc·

89 1118 158 1178 pere
178 1100 346 1162 constituit.
375 1100 449 1161 Cum
469 1102 572 1161 vultus
593 1101 713 1161 Domitii
739 1116 809 1161 cum
836 1102 973 1162 oratione
998 1120 1060 1166 non

89 1187 274 1248 consentiret
293 1191 386 1261 atque
401 1185 504 1246 omnia
517 1185 718 1260 trepidantius
733 1185 930 1262 timidiusque
946 1197 1058 1264 ageret,

91 1288 175 1348 quam
190 1269 405 1347 superioribus
427 1270 536 1329 diebus
558 1276 756 1346 consuesset,
782 1272 971 1347 multumque
992 1289 1059 1335 cum

91 1358 148 1417 suis
163 1354 348 1417 consiliandi
361 1369 456 1414 causa
470 1360 589 1415 secreto
601 1361 722 1431 praeter
733 1356 985 1417 consuetudinem
997 1361 1057 1419 col-

40 1492 42 1497 .
91 1441 278 1517 loqueretur,
301 1439 430 1500 concilia
444 1447 676 1516 conventusque
691 1440 846 1500 hominum
861 1441 993 1518 sugeret,
1008 1459 1059 1504 res

91 1525 197 1586 diutius
220 1524 283 1600 tegi
305 1523 553 1598 dissimularique
574 1541 635 1585 non
656 1525 763 1599 potuit.
792 1525 958 1600 Pompeius
979 1527 1059 1587 enim

91 1611 303 1686 rescripseram
318 1623 389 1669 sese
401 1623 465 1667 rem
476 1609 507 1666 in
519 1625 670 1669 summum
681 1609 849 1684 periculum
860 1610 1059 1672 deducturum

91 1711 144 1756 non
160 1711 250 1769 esse,
272 1708 374 1768 neque
395 1709 453 1753 suo
469 1694 597 1755 consilio
613 1700 665 1753 aut
677 1696 833 1754 voluntate
847 1695 1010 1756 Domitium
1024 1713 1059 1757 se

91 1779 115 1839 in
129 1779 279 1856 oppidum
295 1777 458 1839 Corfinium
475 1779 656 1838 contulisse=
678 1778 817 1853 proinde,
833 1779 859 1838 si
875 1797 936 1854 qua
951 1781 1060 1841 luisset

92 1865 230 1938 incultae,
257 1864 296 1922 ad
318 1877 353 1922 se
374 1878 443 1923 cum
463 1863 603 1923 omnibus
626 1864 722 1937 copiis
737 1861 862 1932 veniret.
891 1864 925 1922 ld
940 1880 978 1923 ne
992 1865 1059 1925 steri
1118 1892 1121 1897 ·

92 1956 203 2022 posset,
220 1947 382 2007 obsidione
398 1954 490 2023 atque
505 1947 611 2022 oppidi
626 1947 908 2007 circummunitione
922 1949 1024 2009 fiebat.

167 2033 232 2092 XX.
268 2031 429 2105 Divulgato
454 2033 574 2093 Domitii
601 2033 728 2092 consilio
756 2032 880 2106 milites,
907 2034 1059 2108 quierant

90 2117 225 2191 dorlinii,
246 2117 346 2191 prima
358 2116 483 2191 vesperi
498 2118 707 2176 secessionem
722 2116 835 2176 iaciunt
849 2124 941 2192 atque
955 2118 997 2177 ita
1013 2117 1057 2177 in-

89 2210 130 2263 ter
150 2218 187 2263 se
208 2208 265 2276 per
285 2201 424 2261 tribunos
444 2201 570 2261 militum
585 2202 841 2275 centurionesque
856 2209 948 2277 atque
963 2202 1054 2262 hone·

89 2286 243 2347 stissimos
259 2285 307 2346 sui
322 2285 443 2359 generis
465 2287 704 2361 conloquuntur:
731 2286 866 2346 obsideri
889 2302 923 2346 se
944 2303 963 2346 a
985 2287 1053 2346 Cae

88 2387 172 2441 sare;
188 2385 286 2445 opera
305 2370 548 2446 munitionesque
563 2386 662 2446 prope
677 2386 748 2431 esse
763 2371 938 2447 perlectass
949 2372 1054 2431 ducent

88 2472 176 2516 suum
190 2455 370 2529 Domitium,
397 2454 484 2514 cuius
506 2470 563 2530 spe
585 2462 676 2531 atque
698 2454 811 2514 tidueIa
824 2455 1056 2531 permanserint,

86 2540 232 2616 proiectis
246 2538 385 2600 omnibus
397 2538 487 2612 iugae
498 2540 656 2600 consilium
669 2554 795 2613 capere:
812 2539 924 2598 debere
936 2555 970 2599 se
983 2554 1056 2601 suae

86 2625 194 2685 salutis
215 2624 363 2683 rationem
383 2623 505 2683 habere.
534 2624 583 2683 Ab
604 2624 651 2683 his
674 2624 772 2698 primo
786 2621 880 2681 Marsi
895 2623 1057 2684 dissentire

85 2710 236 2786 incipiunt
250 2723 380 2782 eamque
392 2708 500 2783 oppidi
515 2716 647 2783 partem,
664 2723 743 2782 quae
757 2707 959 2769 munitissima
973 2708 1056 2767 vide·

85 2803 184 2869 retur,
201 2800 368 2868 occupant,
384 2799 529 2867 tantaque
543 2793 621 2852 inter
636 2808 691 2852 eos
706 2791 860 2851 dissensio
876 2793 1010 2865 exsistit,
1026 2798 1058 2851 ut

85 2895 209 2940 manum
230 2892 394 2938 conserere
414 2882 505 2951 atque
527 2877 619 2936 armis
635 2877 780 2936 dimicare
795 2885 960 2946 conentur;
986 2882 1057 2951 post

84 2966 177 3041 paulo
194 2970 296 3023 tamen
310 2961 500 3021 internuntiis
511 2963 590 3021 ultro
602 2961 739 3036 citroque
750 2961 862 3034 missis,
880 2976 958 3036 quae
972 2962 1056 3035 igno-

84 3049 203 3120 rabant,
220 3047 260 3106 de
274 3046 307 3104 L.
322 3046 443 3106 Domitii
458 3047 530 3119 luga
545 3052 743 3119 cognoscunt.
759 3046 866 3119 Itaque
878 3061 984 3105 onmes
995 3060 1057 3106 uno

85 3133 215 3195 consilio
230 3131 393 3192 Domitium
407 3131 590 3205 productum
611 3130 641 3188 in
656 3130 811 3204 publicum
833 3129 1057 3191 circumsistunt
1124 3156 1128 3181 .-

85 3224 115 3279 et
139 3217 318 3278 custodiunt
341 3216 522 3289 legatosque
548 3230 588 3273 ex
613 3231 669 3275 suo
695 3228 820 3273 numero
841 3215 881 3272 ad
897 3214 1056 3274 Caesarem

85 3303 219 3363 mittanis
236 3317 308 3361 sese
322 3305 446 3375 paratos
468 3314 539 3358 esse
553 3306 658 3373 portas
672 3297 791 3374 aperire
806 3313 948 3375 quaeque
961 3300 1056 3376 impe

84 3388 197 3448 raverit
206 3387 312 3446 iacere
324 3392 354 3444 et
363 3381 566 3444 L.D0mitium
577 3384 678 3443 tivum
691 3383 755 3443 eius
770 3384 913 3457 potestati
926 3385 1056 3445 tradere.
1125 3382 1128 3451 j

168 3471 246 3533 XXI.
271 3469 386 3545 Quibus
400 3469 493 3530 rebus
509 3468 638 3546 cognitis
654 3468 766 3531 Caesar
781 3467 973 3549 enimam
