2272 4176
345 172 502 233 BELLUM
522 170 785 233 Hispaniense.
987 168 1053 237 413

71 326 1051 405 talivirruteetcoastantinffotaromeeintepreestabo.Eodern

71 421 211 490 tempore
232 412 381 490 oppidani
401 411 508 487 legati,
536 410 588 486 qui
609 416 699 472 antea
712 413 864 489 exierant,
890 414 1049 475 caesarem

70 498 228 560 adierunt:
257 498 284 558 si
300 496 357 557 sibi
372 497 465 556 vitam
482 494 679 569 concederet,
706 513 779 559 sese
794 498 967 574 insequenti
982 498 1050 558 luce

70 584 222 659 oppidum
237 598 310 643 esse
325 581 493 641 dedituros.
518 579 634 653 Quibus
648 583 824 656 respondit:
840 598 876 643 se
891 582 1050 645 Caesarem

68 684 139 729 csse
155 668 317 742 iidemque
332 672 567 741 praestaturum.
597 663 642 723 lta
655 672 725 726 ante
741 668 821 728 diem
834 684 867 727 x1
881 668 950 729 Kal.
963 666 1048 725 Mart.

66 753 189 828 oppido
206 752 321 828 potitus
337 751 500 824 imperator
516 756 565 808 est
579 751 761 824 appellatus.

151 838 220 897 XX.
258 834 345 909 Quod
360 833 525 909 Pompeius
553 849 592 891 ex
617 836 754 909 perfugis
776 852 844 895 eum
866 836 1050 896 deditionem

63 921 178 998 oppidi
195 922 307 981 iactam
322 934 393 978 esse
409 919 535 992 scisset,
564 925 664 977 eastra
685 920 779 981 movit
792 921 920 981 Ucubim
941 934 1050 979 versus

63 1016 93 1067 et
114 1006 238 1065 circum
259 1021 297 1063 ea
318 1005 387 1064 loca
408 1004 534 1063 castella
556 1001 711 1075 disposuit
732 1012 761 1064 et
782 1004 999 1065 munitionibus
1015 1019 1050 1063 se

63 1090 231 1152 continere
254 1089 364 1163 eoepit.
395 1087 508 1146 Caesar
529 1086 624 1145 rnovit
638 1095 667 1146 et
683 1088 810 1163 propius
826 1097 927 1150 castra
941 1089 1050 1149 eastris

63 1174 210 1237 eontulit.
231 1173 350 1233 Eodem
364 1179 499 1245 tempore
515 1185 604 1229 mane
621 1172 764 1232 loricatus
780 1190 859 1234 unus
874 1190 912 1232 ex
929 1173 1050 1248 legione

64 1259 240 1320 vernacula
255 1257 294 1316 ad
310 1272 366 1316 nos
382 1255 543 1329 transfugit
558 1261 588 1315 et
603 1256 750 1316 nuntiavit
767 1256 944 1334 Pompeium
960 1258 1033 1333 oppi

64 1346 170 1405 danos
186 1342 370 1402 Ucubenses
386 1354 579 1400 convocasse
593 1340 700 1415 eisque
722 1343 761 1401 ita
775 1342 990 1418 imperavisse,
1016 1350 1050 1403 ut

64 1427 232 1502 diligentia
246 1423 381 1484 adhibita
401 1422 628 1499 perquirerent,
655 1426 707 1499 qui
722 1436 826 1487 essent
841 1443 964 1487 suarum
980 1442 1038 1502 par

64 1513 142 1573 burn
158 1511 296 1585 itemque
309 1509 556 1568 adversariorum
568 1508 711 1568 victoriae
725 1510 868 1571 lautores.
883 1512 949 1571 Hoc
961 1526 1047 1585 prae-

64 1598 160 1656 terite
177 1603 318 1668 tempere
333 1592 361 1651 in
378 1593 509 1668 oppido,
537 1592 619 1666 quod
643 1593 850 1669 subeuntum,
877 1612 987 1656 serras
1002 1602 1046 1655 est

65 1695 207 1756 prensus
222 1678 253 1737 in
269 1677 424 1751 cuniculo,
448 1692 539 1754 quem
553 1691 648 1750 supra
663 1678 938 1739 demonstravimus
954 1680 1043 1740 domi·

66 1781 142 1825 amn
158 1764 335 1840 lugulasse:
350 1765 376 1823 is
391 1763 480 1823 vivus
497 1770 544 1821 est
560 1760 749 1822 combustus.
773 1764 917 1838 idemque
933 1772 1045 1839 tenrpo·

66 1853 109 1912 ris
128 1850 326 1911 centuriones
352 1849 467 1908 loricati
495 1852 565 1906 ecto
587 1847 626 1905 ad
642 1846 803 1906 Caesarem
823 1850 1047 1922 transfugerunt

66 1954 107 1996 ex
123 1934 249 2010 legione
265 1933 442 2004 vernacula,
469 1938 500 1990 et
520 1931 639 2007 equites
662 1931 758 1992 nostri
774 1947 842 1990 cum
857 1932 1047 1993 adversario·

67 2036 136 2081 rum
154 2018 310 2094 equitibus
324 2016 482 2091 congressi
499 2024 578 2088 sunt,
594 2022 625 2074 et
635 2017 732 2075 saucii
743 2015 859 2093 aliquot
873 2018 1047 2079 oeciderunt

68 2104 131 2164 'evi
146 2109 311 2162 armatura.
332 2100 378 2160 Ea
392 2108 481 2161 necte
497 2101 709 2175 speculatores
725 2103 830 2176 prensi
845 2104 926 2163 servi
941 2112 1003 2163 tres
1019 2110 1047 2161 ct

67 2184 150 2249 unus
167 2204 208 2246 ex
222 2186 342 2260 legione
356 2188 530 2246 vernacula.
557 2183 643 2243 Servi
660 2192 732 2245 sunt
745 2186 776 2245 in
792 2203 913 2248 crucem
927 2188 1046 2261 sublati,

67 2274 155 2332 militi
172 2271 310 2330 cervices
326 2270 476 2330 abscisae.

155 2355 235 2415 XXI.
262 2353 389 2414 Postero
412 2355 462 2413 die
482 2353 601 2428 equites
617 2370 685 2413 cum
701 2355 759 2413 levi
775 2363 927 2416 armatura
940 2372 979 2417 ex
994 2357 1047 2417 ad-

70 2440 281 2501 versariorum
296 2439 405 2498 castris
420 2439 458 2497 ad
474 2453 532 2496 nos
547 2439 785 2512 transfugerunt.
807 2440 844 2500 Et
858 2456 896 2501 eo
911 2448 1049 2515 tempere

69 2525 193 2586 circiter
207 2538 246 2581 xe
267 2524 385 2597 equites
408 2522 631 2597 adaquatores
655 2533 776 2584 nostros
799 2532 1047 2597 excucurrerunt,

67 2610 237 2672 nonnullos
259 2607 489 2680 interfecerunt,
516 2606 586 2665 item
601 2607 677 2666 alios
694 2609 781 2669 viros
797 2608 1004 2678 abduxerunt3
1031 2626 1049 2669 e

70 2696 187 2772 quibus
203 2692 283 2765 eapti
296 2700 367 2751 sunt
380 2691 573 2766 equitcsvm.
589 2690 763 2766 insequenti
773 2692 822 2751 die
829 2692 991 2767 Pompeius
999 2710 1047 2754 se-

71 2780 136 2840 curi
155 2777 310 2853 percussit
324 2775 462 2835 horariaes
479 2791 586 2848 cxxiv,
603 2775 654 2849 qui
671 2776 849 2836 dicebantur
864 2792 935 2837 esse
951 2780 1048 2838 lauto·

69 2880 121 2925 res
131 2861 275 2923 Catesaris
288 2861 440 2932 uictoriae,
453 2860 590 2935 reliquos
604 2874 723 2919 versum
737 2862 882 2935 oppidum
896 2863 984 2921 iussit
996 2863 1044 2921 de·

71 2948 159 3009 duci:
179 2946 343 3019 exquibus
359 2944 532 3017 effugerunt
545 2960 604 3003 cxx
618 2945 698 3003 etad
714 2944 875 3004 Caesarem
891 2954 1047 3007 venerunt.

155 3030 247 3091 XXll.
272 3030 337 3088 lloc
355 3029 515 3103 praeterito
532 3037 678 3101 tempore,
694 3030 744 3102 qui
761 3030 789 3087 in
806 3030 1049 3104 oppidoAtcgua

71 3118 311 3179 Ursavoncnses
327 3113 406 3189 eapti
422 3120 501 3185 sunt,
519 3112 607 3185 legati
624 3114 751 3186 preteeti
764 3120 835 3173 sunt
846 3130 913 3172 eum
927 3115 1047 3188 nostris,

72 3203 113 3263 uti
129 3216 192 3260 rem
208 3207 327 3274 gestam
344 3196 613 3259 Ursavoncnsibus
629 3199 784 3269 referrent,
801 3198 871 3271 quid
889 3208 1048 3271 sperarent

73 3287 111 3347 de
126 3285 179 3345 Cn.
197 3284 353 3358 Pompeio,
370 3298 437 3342 curn
455 3283 593 3341 viderent
606 3280 745 3355 hospites
761 3282 897 3355 iugulari,
914 3293 1045 3357 praeter-

72 3386 109 3431 ea
127 3371 225 3431 multu
244 3368 365 3428 scelera
383 3365 421 3427 ab
445 3366 480 3426 iis
503 3365 583 3438 lieri,
611 3364 662 3439 qui
679 3365 822 3438 praesidii
837 3381 932 3427 causa
945 3368 984 3428 ab
1000 3370 1045 3429 his

72 3456 293 3535 reciperentur.
318 3450 459 3527 Quicum
474 3451 513 3511 ad
529 3449 678 3525 oppidum
693 3450 861 3527 venissent,
873 3454 987 3527 uestri,
1000 3456 1058 3528 qux
