<?xml version="1.0" encoding="UTF-8"?>
<!DOCTYPE html PUBLIC "-//W3C//DTD XHTML 1.0 Transitional//EN"
    "http://www.w3.org/TR/xhtml1/DTD/xhtml1-transitional.dtd">
<html xmlns="http://www.w3.org/1999/xhtml" xml:lang="en" lang="en">
 <head>
  <title>
</title>
<meta http-equiv="Content-Type" content="text/html;charset=utf-8" />
  <meta name='ocr-system' content='tesseract 3.04.00' />
  <meta name='ocr-capabilities' content='ocr_page ocr_carea ocr_par ocr_line ocrx_word'/>
</head>
<body>
  <div class='ocr_page' id='page_1' title='image "./commentarii00caesgoog_0400.png"; bbox 0 0 2302 4192; ppageno 0'>
   <div class='ocr_carea' id='block_1_1' title="bbox 383 156 1044 229">
    <p class='ocr_par' dir='ltr' id='par_1_1' title="bbox 383 115 1082 229">
     <span class='ocr_line' id='line_1_1' title="bbox 383 156 1044 229; baseline 0.007 -8"><span class='ocrx_word' id='word_1_1' title='bbox 383 161 539 229; x_wconf 78' lang='lat' dir='ltr'>annuum</span> <span class='ocrx_word' id='word_1_2' title='bbox 558 161 736 224; x_wconf 76' lang='lat' dir='ltr'>auarum</span> <span class='ocrx_word' id='word_1_3' title='bbox 982 156 1044 227; x_wconf 80' lang='lat' dir='ltr'>ast</span> 
     </span>
    </p>
   </div>
   <div class='ocr_carea' id='block_1_2' title="bbox 68 314 1079 3430">
    <p class='ocr_par' dir='ltr' id='par_1_2' title="bbox 76 314 1046 643">
     <span class='ocr_line' id='line_1_2' title="bbox 77 314 1045 392; baseline 0.004 -18"><span class='ocrx_word' id='word_1_4' title='bbox 77 323 145 374; x_wconf 88' lang='lat' dir='ltr'>ctas</span> <span class='ocrx_word' id='word_1_5' title='bbox 157 314 293 388; x_wconf 78' lang='lat' dir='ltr'>legiones</span> <span class='ocrx_word' id='word_1_6' title='bbox 304 314 436 376; x_wconf 91' lang='lat' dir='ltr'>hostium</span> <span class='ocrx_word' id='word_1_7' title='bbox 448 317 546 390; x_wconf 90' lang='lat' dir='ltr'>copiis</span> <span class='ocrx_word' id='word_1_8' title='bbox 555 315 697 387; x_wconf 85' lang='lat' dir='ltr'>ostendit.</span> <span class='ocrx_word' id='word_1_9' title='bbox 714 314 778 389; x_wconf 81' lang='lat' dir='ltr'>Quo</span> <span class='ocrx_word' id='word_1_10' title='bbox 792 319 872 377; x_wconf 87' lang='lat' dir='ltr'>facto</span> <span class='ocrx_word' id='word_1_11' title='bbox 887 318 1045 392; x_wconf 88' lang='lat' dir='ltr'>perterrito</span> 
     </span>
     <span class='ocr_line' id='line_1_3' title="bbox 76 398 1046 477; baseline 0.004 -19"><span class='ocrx_word' id='word_1_12' title='bbox 76 398 212 459; x_wconf 84' lang='lat' dir='ltr'>Labieno</span> <span class='ocrx_word' id='word_1_13' title='bbox 228 415 264 459; x_wconf 86' lang='lat' dir='ltr'>ac</span> <span class='ocrx_word' id='word_1_14' title='bbox 279 400 429 460; x_wconf 87' lang='lat' dir='ltr'>retardato</span> <span class='ocrx_word' id='word_1_15' title='bbox 446 417 519 461; x_wconf 93' lang='lat' dir='ltr'>suos</span> <span class='ocrx_word' id='word_1_16' title='bbox 535 401 652 476; x_wconf 80' lang='lat' dir='ltr'>equites</span> <span class='ocrx_word' id='word_1_17' title='bbox 666 401 783 477; x_wconf 88' lang='lat' dir='ltr'>recepit</span> <span class='ocrx_word' id='word_1_18' title='bbox 797 401 973 462; x_wconf 88' lang='lat' dir='ltr'>incolumes.</span> <span class='ocrx_word' id='word_1_19' title='bbox 987 400 1046 463; x_wconf 86' lang='lat' dir='ltr'>Po·</span> 
     </span>
     <span class='ocr_line' id='line_1_4' title="bbox 76 483 1046 559; baseline 0.002 -16"><span class='ocrx_word' id='word_1_20' title='bbox 76 493 161 543; x_wconf 88' lang='lat' dir='ltr'>stero</span> <span class='ocrx_word' id='word_1_21' title='bbox 178 483 226 542; x_wconf 90' lang='lat' dir='ltr'>die</span> <span class='ocrx_word' id='word_1_22' title='bbox 240 483 314 543; x_wconf 90' lang='lat' dir='ltr'>luba</span> <span class='ocrx_word' id='word_1_23' title='bbox 328 484 471 544; x_wconf 81' lang='lat' dir='ltr'>Numidas</span> <span class='ocrx_word' id='word_1_24' title='bbox 488 501 557 558; x_wconf 80' lang='lat' dir='ltr'>coe,</span> <span class='ocrx_word' id='word_1_25' title='bbox 585 484 636 559; x_wconf 92' lang='lat' dir='ltr'>qui</span> <span class='ocrx_word' id='word_1_26' title='bbox 650 485 719 544; x_wconf 93' lang='lat' dir='ltr'>loco</span> <span class='ocrx_word' id='word_1_27' title='bbox 736 485 848 545; x_wconf 89' lang='lat' dir='ltr'>amisso</span> <span class='ocrx_word' id='word_1_28' title='bbox 863 486 935 559; x_wconf 73' lang='lat' dir='ltr'>fuga</span> <span class='ocrx_word' id='word_1_29' title='bbox 949 501 984 546; x_wconf 89' lang='lat' dir='ltr'>se</span> <span class='ocrx_word' id='word_1_30' title='bbox 998 501 1046 545; x_wconf 89' lang='lat' dir='ltr'>re·</span> 
     </span>
     <span class='ocr_line' id='line_1_5' title="bbox 77 568 800 643; baseline 0.001 -16"><span class='ocrx_word' id='word_1_31' title='bbox 77 575 224 641; x_wconf 89' lang='lat' dir='ltr'>ceperant</span> <span class='ocrx_word' id='word_1_32' title='bbox 237 568 265 626; x_wconf 94' lang='lat' dir='ltr'>in</span> <span class='ocrx_word' id='word_1_33' title='bbox 282 576 390 643; x_wconf 87' lang='lat' dir='ltr'>eastra,</span> <span class='ocrx_word' id='word_1_34' title='bbox 405 569 434 627; x_wconf 91' lang='lat' dir='ltr'>in</span> <span class='ocrx_word' id='word_1_35' title='bbox 451 585 542 629; x_wconf 92' lang='lat' dir='ltr'>crucc</span> <span class='ocrx_word' id='word_1_36' title='bbox 557 584 662 641; x_wconf 83' lang='lat' dir='ltr'>ornnes</span> <span class='ocrx_word' id='word_1_37' title='bbox 675 569 800 628; x_wconf 78' lang='lat' dir='ltr'>suffixit.</span> 
     </span>
    </p>

    <p class='ocr_par' dir='ltr' id='par_1_3' title="bbox 74 652 1046 1992">
     <span class='ocr_line' id='line_1_6' title="bbox 160 652 1045 728; baseline 0.006 -18"><span class='ocrx_word' id='word_1_38' title='bbox 160 652 278 713; x_wconf 85' lang='lat' dir='ltr'><strong>LXVII.</strong></span> <span class='ocrx_word' id='word_1_39' title='bbox 313 652 425 712; x_wconf 88' lang='lat' dir='ltr'>Cacsar</span> <span class='ocrx_word' id='word_1_40' title='bbox 449 653 582 728; x_wconf 83' lang='lat' dir='ltr'>interim,</span> <span class='ocrx_word' id='word_1_41' title='bbox 609 654 751 727; x_wconf 85' lang='lat' dir='ltr'>quoniam</span> <span class='ocrx_word' id='word_1_42' title='bbox 777 653 882 728; x_wconf 88' lang='lat' dir='ltr'>inopia</span> <span class='ocrx_word' id='word_1_43' title='bbox 905 654 1045 715; x_wconf 79' lang='lat' dir='ltr'>frumenti</span> 
     </span>
     <span class='ocr_line' id='line_1_7' title="bbox 76 737 1044 812; baseline 0.004 -19"><span class='ocrx_word' id='word_1_44' title='bbox 76 737 281 810; x_wconf 84' lang='lat' dir='ltr'>premebatur,</span> <span class='ocrx_word' id='word_1_45' title='bbox 298 737 403 811; x_wconf 88' lang='lat' dir='ltr'>copias</span> <span class='ocrx_word' id='word_1_46' title='bbox 420 753 525 798; x_wconf 91' lang='lat' dir='ltr'>omncs</span> <span class='ocrx_word' id='word_1_47' title='bbox 541 737 571 796; x_wconf 92' lang='lat' dir='ltr'>in</span> <span class='ocrx_word' id='word_1_48' title='bbox 587 743 686 796; x_wconf 88' lang='lat' dir='ltr'>eastra</span> <span class='ocrx_word' id='word_1_49' title='bbox 701 737 844 797; x_wconf 84' lang='lat' dir='ltr'>conducit</span> <span class='ocrx_word' id='word_1_50' title='bbox 854 744 945 812; x_wconf 87' lang='lat' dir='ltr'>atque</span> <span class='ocrx_word' id='word_1_51' title='bbox 957 753 1044 812; x_wconf 88' lang='lat' dir='ltr'>prae-</span> 
     </span>
     <span class='ocr_line' id='line_1_8' title="bbox 75 819 1046 897; baseline 0.001 -18"><span class='ocrx_word' id='word_1_52' title='bbox 75 822 156 879; x_wconf 87' lang='lat' dir='ltr'>sidio</span> <span class='ocrx_word' id='word_1_53' title='bbox 171 819 273 894; x_wconf 89' lang='lat' dir='ltr'>Lepti,</span> <span class='ocrx_word' id='word_1_54' title='bbox 288 821 454 895; x_wconf 78' lang='lat' dir='ltr'>Ruspinae,</span> <span class='ocrx_word' id='word_1_55' title='bbox 469 822 585 881; x_wconf 82' lang='lat' dir='ltr'>Aciliae</span> <span class='ocrx_word' id='word_1_56' title='bbox 600 821 720 895; x_wconf 89' lang='lat' dir='ltr'>relicto,</span> <span class='ocrx_word' id='word_1_57' title='bbox 737 821 837 896; x_wconf 84' lang='lat' dir='ltr'>Cispio</span> <span class='ocrx_word' id='word_1_58' title='bbox 853 821 1046 897; x_wconf 84' lang='lat' dir='ltr'>Aquilaeque</span> 
     </span>
     <span class='ocr_line' id='line_1_9' title="bbox 76 905 1046 980; baseline 0.003 -18"><span class='ocrx_word' id='word_1_59' title='bbox 76 907 179 962; x_wconf 88' lang='lat' dir='ltr'>classe</span> <span class='ocrx_word' id='word_1_60' title='bbox 194 905 317 978; x_wconf 87' lang='lat' dir='ltr'>tradita,</span> <span class='ocrx_word' id='word_1_61' title='bbox 342 912 376 965; x_wconf 92' lang='lat' dir='ltr'>ut</span> <span class='ocrx_word' id='word_1_62' title='bbox 390 907 465 965; x_wconf 87' lang='lat' dir='ltr'>alter</span> <span class='ocrx_word' id='word_1_63' title='bbox 478 906 693 978; x_wconf 72' lang='lat' dir='ltr'>adrumetum,</span> <span class='ocrx_word' id='word_1_64' title='bbox 715 907 789 964; x_wconf 88' lang='lat' dir='ltr'>alter</span> <span class='ocrx_word' id='word_1_65' title='bbox 803 905 957 980; x_wconf 83' lang='lat' dir='ltr'>Thapsum</span> <span class='ocrx_word' id='word_1_66' title='bbox 970 905 1046 965; x_wconf 88' lang='lat' dir='ltr'>mari</span> 
     </span>
     <span class='ocr_line' id='line_1_10' title="bbox 75 989 1046 1065; baseline 0.001 -18"><span class='ocrx_word' id='word_1_67' title='bbox 75 989 262 1060; x_wconf 83' lang='lat' dir='ltr'>obsiderent,</span> <span class='ocrx_word' id='word_1_68' title='bbox 277 990 345 1063; x_wconf 90' lang='lat' dir='ltr'>ipse</span> <span class='ocrx_word' id='word_1_69' title='bbox 360 990 468 1049; x_wconf 87' lang='lat' dir='ltr'>castris</span> <span class='ocrx_word' id='word_1_70' title='bbox 483 990 616 1049; x_wconf 91' lang='lat' dir='ltr'>incensis</span> <span class='ocrx_word' id='word_1_71' title='bbox 633 997 740 1065; x_wconf 86' lang='lat' dir='ltr'>quarta</span> <span class='ocrx_word' id='word_1_72' title='bbox 754 990 851 1050; x_wconf 91' lang='lat' dir='ltr'>noctis</span> <span class='ocrx_word' id='word_1_73' title='bbox 864 989 967 1064; x_wconf 80' lang='lat' dir='ltr'>vigilia</span> <span class='ocrx_word' id='word_1_74' title='bbox 980 989 1046 1049; x_wconf 83' lang='lat' dir='ltr'>acie</span> 
     </span>
     <span class='ocr_line' id='line_1_11' title="bbox 76 1073 1045 1147; baseline 0.003 -16"><span class='ocrx_word' id='word_1_75' title='bbox 76 1073 226 1131; x_wconf 88' lang='lat' dir='ltr'>instructa</span> <span class='ocrx_word' id='word_1_76' title='bbox 242 1073 464 1147; x_wconf 86' lang='lat' dir='ltr'>impedimentis</span> <span class='ocrx_word' id='word_1_77' title='bbox 485 1074 514 1132; x_wconf 93' lang='lat' dir='ltr'>in</span> <span class='ocrx_word' id='word_1_78' title='bbox 530 1075 654 1133; x_wconf 90' lang='lat' dir='ltr'>sinistra</span> <span class='ocrx_word' id='word_1_79' title='bbox 669 1080 755 1147; x_wconf 89' lang='lat' dir='ltr'>parte</span> <span class='ocrx_word' id='word_1_80' title='bbox 771 1073 938 1134; x_wconf 86' lang='lat' dir='ltr'>conlocatis</span> <span class='ocrx_word' id='word_1_81' title='bbox 953 1088 992 1132; x_wconf 85' lang='lat' dir='ltr'>ex</span> <span class='ocrx_word' id='word_1_82' title='bbox 1007 1089 1045 1134; x_wconf 90' lang='lat' dir='ltr'>eo</span> 
     </span>
     <span class='ocr_line' id='line_1_12' title="bbox 75 1157 1046 1233; baseline 0.002 -18"><span class='ocrx_word' id='word_1_83' title='bbox 75 1159 146 1216; x_wconf 81' lang='lat' dir='ltr'>¹oco</span> <span class='ocrx_word' id='word_1_84' title='bbox 159 1157 361 1231; x_wconf 88' lang='lat' dir='ltr'>proficiscitur</span> <span class='ocrx_word' id='word_1_85' title='bbox 376 1166 406 1218; x_wconf 89' lang='lat' dir='ltr'>et</span> <span class='ocrx_word' id='word_1_86' title='bbox 420 1158 557 1233; x_wconf 89' lang='lat' dir='ltr'>pervenit</span> <span class='ocrx_word' id='word_1_87' title='bbox 571 1158 609 1217; x_wconf 94' lang='lat' dir='ltr'>ad</span> <span class='ocrx_word' id='word_1_88' title='bbox 626 1158 773 1232; x_wconf 88' lang='lat' dir='ltr'>oppidum</span> <span class='ocrx_word' id='word_1_89' title='bbox 786 1160 907 1233; x_wconf 77' lang='lat' dir='ltr'>Aggar;</span> <span class='ocrx_word' id='word_1_90' title='bbox 928 1158 1046 1232; x_wconf 87' lang='lat' dir='ltr'>quoda</span> 
     </span>
     <span class='ocr_line' id='line_1_13' title="bbox 76 1240 1045 1318; baseline 0.001 -19"><span class='ocrx_word' id='word_1_91' title='bbox 76 1241 214 1300; x_wconf 85' lang='lat' dir='ltr'>Gaetulis</span> <span class='ocrx_word' id='word_1_92' title='bbox 237 1257 330 1316; x_wconf 86' lang='lat' dir='ltr'>saepe</span> <span class='ocrx_word' id='word_1_93' title='bbox 352 1249 441 1302; x_wconf 89' lang='lat' dir='ltr'>antea</span> <span class='ocrx_word' id='word_1_94' title='bbox 462 1250 671 1317; x_wconf 74' lang='lat' dir='ltr'>oppugnatum</span> <span class='ocrx_word' id='word_1_95' title='bbox 691 1258 870 1318; x_wconf 88' lang='lat' dir='ltr'>summaque</span> <span class='ocrx_word' id='word_1_96' title='bbox 885 1242 916 1300; x_wconf 93' lang='lat' dir='ltr'>vi</span> <span class='ocrx_word' id='word_1_97' title='bbox 932 1256 986 1317; x_wconf 90' lang='lat' dir='ltr'>pcr</span> <span class='ocrx_word' id='word_1_98' title='bbox 999 1240 1045 1316; x_wconf 90' lang='lat' dir='ltr'>ip·</span> 
     </span>
     <span class='ocr_line' id='line_1_14' title="bbox 75 1325 1045 1401; baseline 0.002 -17"><span class='ocrx_word' id='word_1_99' title='bbox 75 1342 130 1385; x_wconf 92' lang='lat' dir='ltr'>sos</span> <span class='ocrx_word' id='word_1_100' title='bbox 147 1325 319 1399; x_wconf 84' lang='lat' dir='ltr'>oppidanos</span> <span class='ocrx_word' id='word_1_101' title='bbox 335 1333 400 1386; x_wconf 90' lang='lat' dir='ltr'>erat</span> <span class='ocrx_word' id='word_1_102' title='bbox 414 1327 583 1387; x_wconf 89' lang='lat' dir='ltr'>defensum.</span> <span class='ocrx_word' id='word_1_103' title='bbox 612 1327 655 1385; x_wconf 77' lang='lat' dir='ltr'>lla</span> <span class='ocrx_word' id='word_1_104' title='bbox 677 1328 707 1386; x_wconf 92' lang='lat' dir='ltr'>in</span> <span class='ocrx_word' id='word_1_105' title='bbox 728 1344 836 1401; x_wconf 88' lang='lat' dir='ltr'>campo</span> <span class='ocrx_word' id='word_1_106' title='bbox 852 1327 961 1386; x_wconf 89' lang='lat' dir='ltr'>castris</span> <span class='ocrx_word' id='word_1_107' title='bbox 975 1327 1045 1387; x_wconf 91' lang='lat' dir='ltr'>unis</span> 
     </span>
     <span class='ocr_line' id='line_1_15' title="bbox 75 1410 1044 1485; baseline 0.001 -16"><span class='ocrx_word' id='word_1_108' title='bbox 75 1410 187 1485; x_wconf 88' lang='lat' dir='ltr'>positis</span> <span class='ocrx_word' id='word_1_109' title='bbox 203 1410 269 1483; x_wconf 89' lang='lat' dir='ltr'>ipsc</span> <span class='ocrx_word' id='word_1_110' title='bbox 285 1411 496 1470; x_wconf 89' lang='lat' dir='ltr'>frumentatum</span> <span class='ocrx_word' id='word_1_111' title='bbox 511 1412 624 1470; x_wconf 93' lang='lat' dir='ltr'>circum</span> <span class='ocrx_word' id='word_1_112' title='bbox 641 1412 727 1470; x_wconf 90' lang='lat' dir='ltr'>villas</span> <span class='ocrx_word' id='word_1_113' title='bbox 744 1427 810 1471; x_wconf 92' lang='lat' dir='ltr'>cum</span> <span class='ocrx_word' id='word_1_114' title='bbox 827 1419 913 1485; x_wconf 90' lang='lat' dir='ltr'>parte</span> <span class='ocrx_word' id='word_1_115' title='bbox 928 1410 1044 1470; x_wconf 83' lang='lat' dir='ltr'>exerci-</span> 
     </span>
     <span class='ocr_line' id='line_1_16' title="bbox 75 1494 1044 1569; baseline -0.001 -16"><span class='ocrx_word' id='word_1_116' title='bbox 75 1501 125 1553; x_wconf 92' lang='lat' dir='ltr'>tus</span> <span class='ocrx_word' id='word_1_117' title='bbox 142 1494 297 1568; x_wconf 88' lang='lat' dir='ltr'>profectus</span> <span class='ocrx_word' id='word_1_118' title='bbox 312 1511 421 1569; x_wconf 80' lang='lat' dir='ltr'>magno</span> <span class='ocrx_word' id='word_1_119' title='bbox 434 1496 557 1555; x_wconf 91' lang='lat' dir='ltr'>invento</span> <span class='ocrx_word' id='word_1_120' title='bbox 570 1495 664 1567; x_wconf 87' lang='lat' dir='ltr'>ordei,</span> <span class='ocrx_word' id='word_1_121' title='bbox 680 1497 747 1569; x_wconf 92' lang='lat' dir='ltr'>olei,</span> <span class='ocrx_word' id='word_1_122' title='bbox 761 1495 832 1568; x_wconf 90' lang='lat' dir='ltr'>vini,</span> <span class='ocrx_word' id='word_1_123' title='bbox 848 1495 898 1554; x_wconf 90' lang='lat' dir='ltr'>fici</span> <span class='ocrx_word' id='word_1_124' title='bbox 908 1509 1044 1568; x_wconf 89' lang='lat' dir='ltr'>numero,</span> 
     </span>
     <span class='ocr_line' id='line_1_17' title="bbox 74 1577 1044 1655; baseline -0.001 -18"><span class='ocrx_word' id='word_1_125' title='bbox 74 1596 177 1655; x_wconf 89' lang='lat' dir='ltr'>pauco</span> <span class='ocrx_word' id='word_1_126' title='bbox 194 1579 282 1638; x_wconf 90' lang='lat' dir='ltr'>tritici</span> <span class='ocrx_word' id='word_1_127' title='bbox 298 1585 390 1654; x_wconf 86' lang='lat' dir='ltr'>atque</span> <span class='ocrx_word' id='word_1_128' title='bbox 404 1587 541 1639; x_wconf 86' lang='lat' dir='ltr'>recreato</span> <span class='ocrx_word' id='word_1_129' title='bbox 556 1579 692 1639; x_wconf 89' lang='lat' dir='ltr'>exercitu</span> <span class='ocrx_word' id='word_1_130' title='bbox 705 1579 784 1638; x_wconf 88' lang='lat' dir='ltr'>redit</span> <span class='ocrx_word' id='word_1_131' title='bbox 797 1579 827 1637; x_wconf 92' lang='lat' dir='ltr'>in</span> <span class='ocrx_word' id='word_1_132' title='bbox 843 1586 953 1638; x_wconf 84' lang='lat' dir='ltr'>castra.</span> <span class='ocrx_word' id='word_1_133' title='bbox 979 1577 1044 1637; x_wconf 84' lang='lat' dir='ltr'>Sci-</span> 
     </span>
     <span class='ocr_line' id='line_1_18' title="bbox 75 1661 1040 1739; baseline -0.001 -18"><span class='ocrx_word' id='word_1_134' title='bbox 75 1663 128 1738; x_wconf 92' lang='lat' dir='ltr'>pio</span> <span class='ocrx_word' id='word_1_135' title='bbox 151 1664 268 1721; x_wconf 90' lang='lat' dir='ltr'>interim</span> <span class='ocrx_word' id='word_1_136' title='bbox 290 1664 408 1739; x_wconf 79' lang='lat' dir='ltr'>cognito</span> <span class='ocrx_word' id='word_1_137' title='bbox 425 1663 564 1724; x_wconf 83' lang='lat' dir='ltr'>Caesaris</span> <span class='ocrx_word' id='word_1_138' title='bbox 586 1663 728 1723; x_wconf 90' lang='lat' dir='ltr'>discessu</span> <span class='ocrx_word' id='word_1_139' title='bbox 744 1678 812 1722; x_wconf 91' lang='lat' dir='ltr'>cum</span> <span class='ocrx_word' id='word_1_140' title='bbox 826 1661 978 1721; x_wconf 87' lang='lat' dir='ltr'>universis</span> <span class='ocrx_word' id='word_1_141' title='bbox 993 1677 1040 1720; x_wconf 76' lang='lat' dir='ltr'>co«</span> 
     </span>
     <span class='ocr_line' id='line_1_19' title="bbox 76 1744 1043 1825; baseline -0.003 -19"><span class='ocrx_word' id='word_1_142' title='bbox 76 1747 137 1825; x_wconf 90' lang='lat' dir='ltr'>piis</span> <span class='ocrx_word' id='word_1_143' title='bbox 160 1763 214 1821; x_wconf 90' lang='lat' dir='ltr'>per</span> <span class='ocrx_word' id='word_1_144' title='bbox 234 1747 336 1822; x_wconf 84' lang='lat' dir='ltr'>iugum</span> <span class='ocrx_word' id='word_1_145' title='bbox 353 1748 513 1807; x_wconf 87' lang='lat' dir='ltr'>Caesarem</span> <span class='ocrx_word' id='word_1_146' title='bbox 533 1747 681 1823; x_wconf 90' lang='lat' dir='ltr'>subsequi</span> <span class='ocrx_word' id='word_1_147' title='bbox 703 1747 805 1821; x_wconf 89' lang='lat' dir='ltr'>coepit</span> <span class='ocrx_word' id='word_1_148' title='bbox 819 1753 910 1820; x_wconf 88' lang='lat' dir='ltr'>atque</span> <span class='ocrx_word' id='word_1_149' title='bbox 925 1746 963 1805; x_wconf 88' lang='lat' dir='ltr'>ab</span> <span class='ocrx_word' id='word_1_150' title='bbox 978 1744 1043 1804; x_wconf 89' lang='lat' dir='ltr'>eius</span> 
     </span>
     <span class='ocr_line' id='line_1_20' title="bbox 75 1829 1043 1907; baseline -0.001 -15"><span class='ocrx_word' id='word_1_151' title='bbox 75 1833 186 1892; x_wconf 87' lang='lat' dir='ltr'>castris</span> <span class='ocrx_word' id='word_1_152' title='bbox 207 1832 289 1890; x_wconf 87' lang='lat' dir='ltr'>milia</span> <span class='ocrx_word' id='word_1_153' title='bbox 311 1849 458 1907; x_wconf 88' lang='lat' dir='ltr'>passuum</span> <span class='ocrx_word' id='word_1_154' title='bbox 479 1848 536 1894; x_wconf 85' lang='lat' dir='ltr'>sex</span> <span class='ocrx_word' id='word_1_155' title='bbox 549 1834 640 1907; x_wconf 83' lang='lat' dir='ltr'>longe</span> <span class='ocrx_word' id='word_1_156' title='bbox 654 1831 741 1893; x_wconf 87' lang='lat' dir='ltr'>trinis</span> <span class='ocrx_word' id='word_1_157' title='bbox 756 1831 864 1890; x_wconf 87' lang='lat' dir='ltr'>castris</span> <span class='ocrx_word' id='word_1_158' title='bbox 880 1829 1043 1906; x_wconf 82' lang='lat' dir='ltr'>dispertitis</span> 
     </span>
     <span class='ocr_line' id='line_1_21' title="bbox 75 1916 339 1992; baseline -0.004 -16"><span class='ocrx_word' id='word_1_159' title='bbox 75 1916 176 1992; x_wconf 88' lang='lat' dir='ltr'>copiis</span> <span class='ocrx_word' id='word_1_160' title='bbox 192 1918 339 1977; x_wconf 78' lang='lat' dir='ltr'>comedit.</span> 
     </span>
    </p>

    <p class='ocr_par' dir='ltr' id='par_1_4' title="bbox 68 1997 1079 3430">
     <span class='ocr_line' id='line_1_22' title="bbox 160 1997 1044 2076; baseline -0.001 -17"><span class='ocrx_word' id='word_1_161' title='bbox 160 2000 289 2059; x_wconf 90' lang='lat' dir='ltr'>LXVlll.</span> <span class='ocrx_word' id='word_1_162' title='bbox 307 2000 459 2076; x_wconf 89' lang='lat' dir='ltr'>Oppidum</span> <span class='ocrx_word' id='word_1_163' title='bbox 475 2007 539 2061; x_wconf 90' lang='lat' dir='ltr'>erat</span> <span class='ocrx_word' id='word_1_164' title='bbox 553 1999 633 2075; x_wconf 85' lang='lat' dir='ltr'>Zeta,</span> <span class='ocrx_word' id='word_1_165' title='bbox 651 2001 734 2075; x_wconf 91' lang='lat' dir='ltr'>quod</span> <span class='ocrx_word' id='word_1_166' title='bbox 749 1999 854 2060; x_wconf 87' lang='lat' dir='ltr'>aberat</span> <span class='ocrx_word' id='word_1_167' title='bbox 867 2016 886 2059; x_wconf 92' lang='lat' dir='ltr'>a</span> <span class='ocrx_word' id='word_1_168' title='bbox 900 1997 1044 2074; x_wconf 90' lang='lat' dir='ltr'>Scipione</span> 
     </span>
     <span class='ocr_line' id='line_1_23' title="bbox 73 2085 1044 2160; baseline 0 -16"><span class='ocrx_word' id='word_1_169' title='bbox 73 2085 158 2144; x_wconf 89' lang='lat' dir='ltr'>milia</span> <span class='ocrx_word' id='word_1_170' title='bbox 173 2101 318 2158; x_wconf 89' lang='lat' dir='ltr'>passuum</span> <span class='ocrx_word' id='word_1_171' title='bbox 333 2087 448 2159; x_wconf 92' lang='lat' dir='ltr'>decem,</span> <span class='ocrx_word' id='word_1_172' title='bbox 463 2086 502 2146; x_wconf 94' lang='lat' dir='ltr'>ad</span> <span class='ocrx_word' id='word_1_173' title='bbox 517 2086 582 2146; x_wconf 91' lang='lat' dir='ltr'>eius</span> <span class='ocrx_word' id='word_1_174' title='bbox 594 2085 749 2160; x_wconf 81' lang='lat' dir='ltr'>regionem</span> <span class='ocrx_word' id='word_1_175' title='bbox 761 2091 791 2144; x_wconf 91' lang='lat' dir='ltr'>et</span> <span class='ocrx_word' id='word_1_176' title='bbox 801 2090 918 2159; x_wconf 87' lang='lat' dir='ltr'>partem</span> <span class='ocrx_word' id='word_1_177' title='bbox 929 2091 1044 2144; x_wconf 89' lang='lat' dir='ltr'>castro·</span> 
     </span>
     <span class='ocr_line' id='line_1_24' title="bbox 73 2164 1079 2244; baseline -0.004 -14"><span class='ocrx_word' id='word_1_178' title='bbox 73 2187 141 2230; x_wconf 90' lang='lat' dir='ltr'>rum</span> <span class='ocrx_word' id='word_1_179' title='bbox 158 2171 352 2244; x_wconf 83' lang='lat' dir='ltr'>collocatum,</span> <span class='ocrx_word' id='word_1_180' title='bbox 375 2187 392 2229; x_wconf 89' lang='lat' dir='ltr'>a</span> <span class='ocrx_word' id='word_1_181' title='bbox 407 2170 537 2230; x_wconf 86' lang='lat' dir='ltr'>Caesare</span> <span class='ocrx_word' id='word_1_182' title='bbox 553 2177 652 2230; x_wconf 89' lang='lat' dir='ltr'>autem</span> <span class='ocrx_word' id='word_1_183' title='bbox 667 2171 821 2230; x_wconf 90' lang='lat' dir='ltr'>diversum</span> <span class='ocrx_word' id='word_1_184' title='bbox 835 2184 872 2228; x_wconf 87' lang='lat' dir='ltr'>ac</span> <span class='ocrx_word' id='word_1_185' title='bbox 885 2175 1043 2238; x_wconf 89' lang='lat' dir='ltr'>remotum,</span> <span class='ocrx_word' id='word_1_186' title='bbox 1077 2164 1079 2169; x_wconf 82' lang='grc'><strong>’</strong></span> 
     </span>
     <span class='ocr_line' id='line_1_25' title="bbox 74 2251 1043 2330; baseline -0.002 -16"><span class='ocrx_word' id='word_1_187' title='bbox 74 2255 161 2329; x_wconf 87' lang='lat' dir='ltr'>quod</span> <span class='ocrx_word' id='word_1_188' title='bbox 183 2262 247 2314; x_wconf 89' lang='lat' dir='ltr'>erat</span> <span class='ocrx_word' id='word_1_189' title='bbox 268 2255 305 2314; x_wconf 89' lang='lat' dir='ltr'>ab</span> <span class='ocrx_word' id='word_1_190' title='bbox 326 2271 363 2314; x_wconf 89' lang='lat' dir='ltr'>eo</span> <span class='ocrx_word' id='word_1_191' title='bbox 384 2256 474 2328; x_wconf 81' lang='lat' dir='ltr'>longe</span> <span class='ocrx_word' id='word_1_192' title='bbox 488 2255 570 2314; x_wconf 89' lang='lat' dir='ltr'>milia</span> <span class='ocrx_word' id='word_1_193' title='bbox 585 2270 732 2330; x_wconf 91' lang='lat' dir='ltr'>passuum</span> <span class='ocrx_word' id='word_1_194' title='bbox 746 2269 827 2313; x_wconf 87' lang='lat' dir='ltr'>xrrrr.</span> <span class='ocrx_word' id='word_1_195' title='bbox 855 2253 922 2313; x_wconf 91' lang='lat' dir='ltr'>Huc</span> <span class='ocrx_word' id='word_1_196' title='bbox 940 2251 1043 2327; x_wconf 91' lang='lat' dir='ltr'>Scipio</span> 
     </span>
     <span class='ocr_line' id='line_1_26' title="bbox 72 2337 1044 2434; baseline -0.002 -37"><span class='ocrx_word' id='word_1_197' title='bbox 72 2339 214 2413; x_wconf 81' lang='lat' dir='ltr'>legiones</span> <span class='ocrx_word' id='word_1_198' title='bbox 237 2340 312 2399; x_wconf 89' lang='lat' dir='ltr'>duas</span> <span class='ocrx_word' id='word_1_199' title='bbox 334 2339 535 2400; x_wconf 89' lang='lat' dir='ltr'>frumentandi</span> <span class='ocrx_word' id='word_1_200' title='bbox 550 2339 748 2413; x_wconf 79' lang='lat' dir='ltr'>gratiamislt</span> <span class='ocrx_word' id='word_1_201' title='bbox 779 2337 866 2412; x_wconf 80' lang='lat' dir='ltr'>Quod</span> <span class='ocrx_word' id='word_1_202' title='bbox 881 2344 1044 2434; x_wconf 78' lang='lat' dir='ltr'>postquam</span> 
     </span>
     <span class='ocr_line' id='line_1_27' title="bbox 72 2421 1043 2498; baseline -0.006 -14"><span class='ocrx_word' id='word_1_203' title='bbox 72 2425 190 2484; x_wconf 89' lang='lat' dir='ltr'>Cacsar</span> <span class='ocrx_word' id='word_1_204' title='bbox 205 2439 243 2481; x_wconf 87' lang='lat' dir='ltr'>ex</span> <span class='ocrx_word' id='word_1_205' title='bbox 259 2424 388 2498; x_wconf 80' lang='lat' dir='ltr'>perfuga</span> <span class='ocrx_word' id='word_1_206' title='bbox 402 2423 560 2498; x_wconf 78' lang='lat' dir='ltr'>cognovit,</span> <span class='ocrx_word' id='word_1_207' title='bbox 589 2423 697 2483; x_wconf 90' lang='lat' dir='ltr'>castris</span> <span class='ocrx_word' id='word_1_208' title='bbox 713 2439 752 2482; x_wconf 89' lang='lat' dir='ltr'>ex</span> <span class='ocrx_word' id='word_1_209' title='bbox 767 2438 876 2497; x_wconf 88' lang='lat' dir='ltr'>campo</span> <span class='ocrx_word' id='word_1_210' title='bbox 891 2421 920 2480; x_wconf 91' lang='lat' dir='ltr'>in</span> <span class='ocrx_word' id='word_1_211' title='bbox 937 2422 1043 2480; x_wconf 91' lang='lat' dir='ltr'>collem</span> 
     </span>
     <span class='ocr_line' id='line_1_28' title="bbox 71 2504 1045 2582; baseline -0.005 -14.995"><span class='ocrx_word' id='word_1_212' title='bbox 71 2524 111 2569; x_wconf 93' lang='lat' dir='ltr'>ac</span> <span class='ocrx_word' id='word_1_213' title='bbox 135 2506 245 2566; x_wconf 88' lang='lat' dir='ltr'>tutiora</span> <span class='ocrx_word' id='word_1_214' title='bbox 265 2510 334 2568; x_wconf 87' lang='lat' dir='ltr'>loca</span> <span class='ocrx_word' id='word_1_215' title='bbox 354 2508 471 2567; x_wconf 91' lang='lat' dir='ltr'>collatis</span> <span class='ocrx_word' id='word_1_216' title='bbox 482 2515 584 2582; x_wconf 87' lang='lat' dir='ltr'>atque</span> <span class='ocrx_word' id='word_1_217' title='bbox 604 2507 645 2566; x_wconf 91' lang='lat' dir='ltr'>ibi</span> <span class='ocrx_word' id='word_1_218' title='bbox 669 2505 822 2582; x_wconf 92' lang='lat' dir='ltr'>praesidio</span> <span class='ocrx_word' id='word_1_219' title='bbox 847 2504 983 2565; x_wconf 90' lang='lat' dir='ltr'>relicto</span> <span class='ocrx_word' id='word_1_220' title='bbox 976 2519 1045 2579; x_wconf 90' lang='lat' dir='ltr'>rpsc</span> 
     </span>
     <span class='ocr_line' id='line_1_29' title="bbox 71 2588 1044 2668; baseline -0.005 -17"><span class='ocrx_word' id='word_1_221' title='bbox 71 2597 185 2668; x_wconf 88' lang='lat' dir='ltr'>quarta</span> <span class='ocrx_word' id='word_1_222' title='bbox 202 2592 303 2665; x_wconf 81' lang='lat' dir='ltr'>vigilia</span> <span class='ocrx_word' id='word_1_223' title='bbox 323 2608 466 2666; x_wconf 80' lang='lat' dir='ltr'>egressus</span> <span class='ocrx_word' id='word_1_224' title='bbox 482 2599 602 2666; x_wconf 87' lang='lat' dir='ltr'>praeter</span> <span class='ocrx_word' id='word_1_225' title='bbox 616 2590 748 2653; x_wconf 89' lang='lat' dir='ltr'>hostium</span> <span class='ocrx_word' id='word_1_226' title='bbox 763 2597 863 2650; x_wconf 89' lang='lat' dir='ltr'>castra</span> <span class='ocrx_word' id='word_1_227' title='bbox 878 2588 1044 2664; x_wconf 89' lang='lat' dir='ltr'>proficisci·</span> 
     </span>
     <span class='ocr_line' id='line_1_30' title="bbox 70 2672 1044 2771; baseline -0.007 -33"><span class='ocrx_word' id='word_1_228' title='bbox 70 2686 214 2738; x_wconf 86' lang='lat' dir='ltr'>turcum</span> <span class='ocrx_word' id='word_1_229' title='bbox 236 2677 332 2750; x_wconf 90' lang='lat' dir='ltr'>copiis</span> <span class='ocrx_word' id='word_1_230' title='bbox 354 2684 383 2735; x_wconf 91' lang='lat' dir='ltr'>et</span> <span class='ocrx_word' id='word_1_231' title='bbox 397 2677 544 2771; x_wconf 84' lang='lat' dir='ltr'>oppidum</span> <span class='ocrx_word' id='word_1_232' title='bbox 560 2676 680 2750; x_wconf 89' lang='lat' dir='ltr'>potitur</span> <span class='ocrx_word' id='word_1_233' title='bbox 718 2674 870 2749; x_wconf 81' lang='lat' dir='ltr'>Legiones</span> <span class='ocrx_word' id='word_1_234' title='bbox 891 2672 1044 2748; x_wconf 88' lang='lat' dir='ltr'>Scipionis</span> 
     </span>
     <span class='ocr_line' id='line_1_31' title="bbox 71 2760 1045 2834; baseline -0.008 -11"><span class='ocrx_word' id='word_1_235' title='bbox 71 2760 224 2834; x_wconf 90' lang='lat' dir='ltr'>comperit</span> <span class='ocrx_word' id='word_1_236' title='bbox 238 2760 379 2834; x_wconf 83' lang='lat' dir='ltr'>longius</span> <span class='ocrx_word' id='word_1_237' title='bbox 372 2777 402 2819; x_wconf 91' lang='lat' dir='ltr'>m</span> <span class='ocrx_word' id='word_1_238' title='bbox 423 2760 504 2834; x_wconf 81' lang='lat' dir='ltr'>agris</span> <span class='ocrx_word' id='word_1_239' title='bbox 525 2761 758 2834; x_wconf 75' lang='lat' dir='ltr'>frumentaria,</span> <span class='ocrx_word' id='word_1_240' title='bbox 785 2775 854 2820; x_wconf 91' lang='lat' dir='ltr'>cum</span> <span class='ocrx_word' id='word_1_241' title='bbox 868 2774 906 2819; x_wconf 88' lang='lat' dir='ltr'>eo</span> <span class='ocrx_word' id='word_1_242' title='bbox 922 2764 1045 2817; x_wconf 90' lang='lat' dir='ltr'>conten·</span> 
     </span>
     <span class='ocr_line' id='line_1_32' title="bbox 71 2841 1043 2919; baseline -0.006 -13"><span class='ocrx_word' id='word_1_243' title='bbox 71 2848 149 2906; x_wconf 87' lang='lat' dir='ltr'>derc</span> <span class='ocrx_word' id='word_1_244' title='bbox 165 2853 339 2917; x_wconf 89' lang='lat' dir='ltr'>conaretur,</span> <span class='ocrx_word' id='word_1_245' title='bbox 362 2845 573 2904; x_wconf 87' lang='lat' dir='ltr'>animadvertit</span> <span class='ocrx_word' id='word_1_246' title='bbox 588 2845 695 2919; x_wconf 87' lang='lat' dir='ltr'>copias</span> <span class='ocrx_word' id='word_1_247' title='bbox 709 2844 842 2904; x_wconf 87' lang='lat' dir='ltr'>hostiurn</span> <span class='ocrx_word' id='word_1_248' title='bbox 857 2842 905 2902; x_wconf 93' lang='lat' dir='ltr'>his</span> <span class='ocrx_word' id='word_1_249' title='bbox 920 2841 1043 2916; x_wconf 82' lang='lat' dir='ltr'>legioni·</span> 
     </span>
     <span class='ocr_line' id='line_1_33' title="bbox 71 2928 1044 3004; baseline -0.006 -14"><span class='ocrx_word' id='word_1_250' title='bbox 71 2931 132 2990; x_wconf 89' lang='lat' dir='ltr'>bus</span> <span class='ocrx_word' id='word_1_251' title='bbox 156 2945 316 2989; x_wconf 90' lang='lat' dir='ltr'>occurrere</span> <span class='ocrx_word' id='word_1_252' title='bbox 337 2930 503 3004; x_wconf 90' lang='lat' dir='ltr'>suppetias.</span> <span class='ocrx_word' id='word_1_253' title='bbox 539 2928 692 3001; x_wconf 82' lang='lat' dir='ltr'>Quaeres</span> <span class='ocrx_word' id='word_1_254' title='bbox 712 2928 779 2988; x_wconf 90' lang='lat' dir='ltr'>eius</span> <span class='ocrx_word' id='word_1_255' title='bbox 794 2929 937 3002; x_wconf 91' lang='lat' dir='ltr'>impetum</span> <span class='ocrx_word' id='word_1_256' title='bbox 952 2932 1044 2985; x_wconf 86' lang='lat' dir='ltr'>retar-</span> 
     </span>
     <span class='ocr_line' id='line_1_34' title="bbox 70 3011 1045 3088; baseline -0.006 -13"><span class='ocrx_word' id='word_1_257' title='bbox 70 3014 169 3075; x_wconf 88' lang='lat' dir='ltr'>davit.</span> <span class='ocrx_word' id='word_1_258' title='bbox 198 3014 303 3088; x_wconf 88' lang='lat' dir='ltr'>ltaque</span> <span class='ocrx_word' id='word_1_259' title='bbox 325 3020 414 3087; x_wconf 89' lang='lat' dir='ltr'>capto</span> <span class='ocrx_word' id='word_1_260' title='bbox 431 3014 461 3072; x_wconf 87' lang='lat' dir='ltr'>C.</span> <span class='ocrx_word' id='word_1_261' title='bbox 476 3013 609 3073; x_wconf 87' lang='lat' dir='ltr'>Minucio</span> <span class='ocrx_word' id='word_1_262' title='bbox 624 3013 758 3087; x_wconf 80' lang='lat' dir='ltr'>Regino,</span> <span class='ocrx_word' id='word_1_263' title='bbox 780 3013 882 3087; x_wconf 89' lang='lat' dir='ltr'>equite</span> <span class='ocrx_word' id='word_1_264' title='bbox 896 3011 1045 3081; x_wconf 85' lang='lat' dir='ltr'>Romano,</span> 
     </span>
     <span class='ocr_line' id='line_1_35' title="bbox 71 3092 1045 3172; baseline -0.007 -13"><span class='ocrx_word' id='word_1_265' title='bbox 71 3098 230 3172; x_wconf 88' lang='lat' dir='ltr'>Scipionis</span> <span class='ocrx_word' id='word_1_266' title='bbox 253 3097 502 3169; x_wconf 89' lang='lat' dir='ltr'>familiarissimo,</span> <span class='ocrx_word' id='word_1_267' title='bbox 529 3097 580 3171; x_wconf 85' lang='lat' dir='ltr'>qui</span> <span class='ocrx_word' id='word_1_268' title='bbox 602 3098 630 3156; x_wconf 88' lang='lat' dir='ltr'>ei</span> <span class='ocrx_word' id='word_1_269' title='bbox 651 3097 767 3172; x_wconf 91' lang='lat' dir='ltr'>oppido</span> <span class='ocrx_word' id='word_1_270' title='bbox 788 3101 944 3172; x_wconf 87' lang='lat' dir='ltr'>praeerat,</span> <span class='ocrx_word' id='word_1_271' title='bbox 970 3102 1000 3154; x_wconf 91' lang='lat' dir='ltr'>ct</span> <span class='ocrx_word' id='word_1_272' title='bbox 1012 3092 1045 3153; x_wconf 87' lang='lat' dir='ltr'>P.</span> 
     </span>
     <span class='ocr_line' id='line_1_36' title="bbox 68 3179 1045 3256; baseline -0.006 -12"><span class='ocrx_word' id='word_1_273' title='bbox 68 3183 178 3253; x_wconf 78' lang='lat' dir='ltr'>Atrio,</span> <span class='ocrx_word' id='word_1_274' title='bbox 204 3181 288 3256; x_wconf 80' lang='lat' dir='ltr'>equit</span> <span class='ocrx_word' id='word_1_275' title='bbox 289 3198 306 3241; x_wconf 92' lang='lat' dir='ltr'>e</span> <span class='ocrx_word' id='word_1_276' title='bbox 277 3182 458 3242; x_wconf 87' lang='lat' dir='ltr'>tRomano</span> <span class='ocrx_word' id='word_1_277' title='bbox 480 3182 518 3241; x_wconf 91' lang='lat' dir='ltr'>de</span> <span class='ocrx_word' id='word_1_278' title='bbox 534 3187 739 3241; x_wconf 90' lang='lat' dir='ltr'>conventut</span> <span class='ocrx_word' id='word_1_279' title='bbox 699 3181 739 3240; x_wconf 93' lang='lat' dir='ltr'>Ut</span> <span class='ocrx_word' id='word_1_280' title='bbox 740 3179 850 3253; x_wconf 83' lang='lat' dir='ltr'>iocosi,</span> <span class='ocrx_word' id='word_1_281' title='bbox 877 3185 907 3239; x_wconf 91' lang='lat' dir='ltr'>ct</span> <span class='ocrx_word' id='word_1_282' title='bbox 922 3179 1045 3239; x_wconf 91' lang='lat' dir='ltr'>camelis</span> 
     </span>
     <span class='ocr_line' id='line_1_37' title="bbox 69 3262 1045 3341; baseline -0.001 -14"><span class='ocrx_word' id='word_1_283' title='bbox 69 3266 245 3327; x_wconf 90' lang='lat' dir='ltr'>duobust</span> <span class='ocrx_word' id='word_1_284' title='bbox 214 3274 245 3326; x_wconf 88' lang='lat' dir='ltr'>et</span> <span class='ocrx_word' id='word_1_285' title='bbox 259 3266 363 3341; x_wconf 72' lang='lat' dir='ltr'>uiginti</span> <span class='ocrx_word' id='word_1_286' title='bbox 383 3267 464 3341; x_wconf 81' lang='lat' dir='ltr'>regis</span> <span class='ocrx_word' id='word_1_287' title='bbox 481 3264 620 3324; x_wconf 89' lang='lat' dir='ltr'>abductis</span> <span class='ocrx_word' id='word_1_288' title='bbox 636 3263 791 3340; x_wconf 89' lang='lat' dir='ltr'>praesidio</span> <span class='ocrx_word' id='word_1_289' title='bbox 806 3262 931 3325; x_wconf 90' lang='lat' dir='ltr'>ibicum</span> <span class='ocrx_word' id='word_1_290' title='bbox 946 3262 1045 3341; x_wconf 86' lang='lat' dir='ltr'>Oppio</span> 
     </span>
     <span class='ocr_line' id='line_1_38' title="bbox 68 3348 885 3430; baseline -0.009 -14"><span class='ocrx_word' id='word_1_291' title='bbox 68 3354 176 3430; x_wconf 81' lang='lat' dir='ltr'>legato</span> <span class='ocrx_word' id='word_1_292' title='bbox 192 3351 319 3412; x_wconf 89' lang='lat' dir='ltr'>relicto&#39;</span> <span class='ocrx_word' id='word_1_293' title='bbox 313 3367 381 3425; x_wconf 88' lang='lat' dir='ltr'>rpse</span> <span class='ocrx_word' id='word_1_294' title='bbox 397 3366 431 3411; x_wconf 89' lang='lat' dir='ltr'>se</span> <span class='ocrx_word' id='word_1_295' title='bbox 446 3350 583 3425; x_wconf 88' lang='lat' dir='ltr'>recipere</span> <span class='ocrx_word' id='word_1_296' title='bbox 599 3349 702 3426; x_wconf 87' lang='lat' dir='ltr'>coepit</span> <span class='ocrx_word' id='word_1_297' title='bbox 716 3348 757 3409; x_wconf 89' lang='lat' dir='ltr'>ad</span> <span class='ocrx_word' id='word_1_298' title='bbox 771 3354 885 3409; x_wconf 87' lang='lat' dir='ltr'>castra</span> 
     </span>
    </p>
   </div>
   <div class='ocr_carea' id='block_1_3' title="bbox 157 3429 1076 3593">
    <p class='ocr_par' dir='ltr' id='par_1_5' title="bbox 157 3429 1076 3593">
     <span class='ocr_line' id='line_1_39' title="bbox 157 3429 1076 3593; baseline -0.015 -92"><span class='ocrx_word' id='word_1_299' title='bbox 157 3436 257 3501; x_wconf 78' lang='lat' dir='ltr'>LXIX</span> <span class='ocrx_word' id='word_1_300' title='bbox 281 3435 378 3499; x_wconf 81' lang='lat' dir='ltr'>Cum</span> <span class='ocrx_word' id='word_1_301' title='bbox 365 3451 425 3501; x_wconf 72' lang='lat' dir='ltr'>aaut</span> <span class='ocrx_word' id='word_1_302' title='bbox 440 3453 503 3503; x_wconf 87' lang='lat' dir='ltr'>non</span> <span class='ocrx_word' id='word_1_303' title='bbox 524 3436 621 3520; x_wconf 78' lang='lat' dir='ltr'>longe</span> <span class='ocrx_word' id='word_1_304' title='bbox 634 3453 655 3503; x_wconf 83' lang='lat' dir='ltr'>a</span> <span class='ocrx_word' id='word_1_305' title='bbox 670 3433 786 3503; x_wconf 82' lang='lat' dir='ltr'>castris</span> <span class='ocrx_word' id='word_1_306' title='bbox 797 3431 969 3593; x_wconf 42' lang='lat' dir='ltr'>{unionis</span> <span class='ocrx_word' id='word_1_307' title='bbox 979 3429 1076 3490; x_wconf 66' lang='lat' dir='ltr'>ables</span> 
     </span>
    </p>
   </div>
   <div class='ocr_carea' id='block_1_4' title="bbox 0 0 1156 4192">
    <p class='ocr_par' dir='ltr' id='par_1_6' title="bbox 0 0 1156 4192">
     <span class='ocr_line' id='line_1_40' title="bbox 0 0 1156 4192; baseline 0 1"><span class='ocrx_word' id='word_1_308' title='bbox 0 0 1156 4192; x_wconf 95' lang='lat' dir='ltr'> </span> 
     </span>
    </p>
   </div>
  </div>
 </body>
</html>
