2272 4176
65 458 127 523 112
353 458 405 519 DE
425 456 550 521 BELLO
574 458 738 522 GALLICO

64 632 133 679 cum
154 613 277 675 dotibus
299 614 531 675 communicant.
558 614 663 687 ,Huius
685 612 782 672 omnis
795 614 949 688 pecuniae
963 632 1032 678 ron·

64 699 188 763 iunctim
202 698 279 759 ratio
300 697 430 759 habetur
450 700 630 774 fructusque
645 704 820 757 servantur·
844 706 915 761 uter
930 716 1032 762 eorum

64 788 126 847 vita
140 785 306 860 superarit,
334 785 372 843 ad
387 800 456 843 cum
469 799 542 858 pars
558 783 717 856 utriusque
733 797 803 841 cum
817 782 969 846 fructibus
984 804 1033 847 su-

66 870 219 947 periorum
238 874 409 944 temporum
429 866 577 944 pervenit.
605 866 671 926 Viri
692 866 723 924 in
743 882 875 943 uxores,
901 869 992 930 sicuti
1004 872 1033 931 in

64 957 177 1016 liberos
191 954 272 1013 vitae
286 953 432 1028 necisque
452 952 565 1011 habent
578 956 778 1026 potestatem
805 956 835 1011 et
850 969 919 1013 cum
934 963 1033 1031 pater-

64 1040 195 1101 familiae
214 1038 388 1097 inlustriore
409 1039 477 1096 loco
499 1044 589 1096 natus
606 1034 755 1109 decessit,
781 1036 848 1097 eius
870 1040 1033 1115 propinqui

65 1125 249 1186 conveniunt
264 1129 308 1196 ot,
324 1122 363 1179 de
378 1127 474 1181 morte
490 1121 516 1180 si
533 1137 585 1181 res
604 1122 635 1180 in
651 1120 862 1194 suspicionem
876 1124 977 1199 venit,-
997 1126 1034 1185 de

64 1209 213 1270 uxoribus
229 1207 258 1265 in
274 1205 416 1265 servilem
430 1206 553 1266 modurn
570 1206 781 1281 quaestionem
803 1206 918 1268 habent
938 1214 982 1282 ct,
1008 1210 1032 1269 si

65 1300 244 1369 conpertum
258 1297 313 1363 est,
329 1290 391 1364 igni
406 1296 497 1365 atque
513 1292 653 1351 omnibus
668 1291 826 1351 tormentis
843 1294 1032 1353 excruciatas

64 1378 255 1438 interficiunt.
283 1375 404 1434 Funera
425 1382 496 1434 sunt
515 1392 571 1450 pro
595 1377 677 1434 cultu
698 1375 852 1434 Gallorum
872 1378 1033 1452 magnilica

65 1471 95 1523 et
109 1468 305 1535 sumptuosa;
332 1459 508 1535 omniaque,
537 1476 616 1536 quae
636 1460 715 1518 vivis
737 1460 823 1519 cordi
843 1461 942 1522 fuisse
957 1462 1031 1522 arbi-

66 1553 194 1619 trantur,
210 1544 355 1619 inignem
371 1545 517 1618 inferum,
540 1546 628 1604 etiam
643 1543 799 1617 arrimalia,
821 1560 858 1604 oc
876 1548 969 1621 paulo
984 1563 1031 1607 su-

65 1648 120 1707 pra
133 1631 212 1689 hanc
227 1628 402 1688 memoriam
417 1629 497 1688 servi
513 1634 543 1688 et
557 1629 691 1702 clientes,
706 1642 785 1704 quos
801 1628 839 1689 ab
855 1629 892 1691 iis
907 1631 1032 1692 dilectos

65 1732 135 1776 esse
144 1715 312 1789 constabat,
325 1713 412 1773 iustis
421 1714 578 1773 funeribus
588 1712 735 1774 consectis
743 1729 804 1773 una
812 1714 1032 1775 cremabantur.

146 1798 209 1859 XX.
231 1799 314 1872 Quae
336 1798 472 1858 civitates
495 1798 683 1858 commodius
705 1813 793 1856 suam
813 1800 1032 1874 rempublicam

66 1884 276 1944 administrare
297 1883 521 1956 existimantur,
553 1882 666 1941 habent
685 1881 804 1955 legibus
827 1890 983 1959 sanctum,
1005 1880 1032 1942 si

66 1952 134 2045 ‹pris
151 1969 224 2044 quid
243 1969 281 2026 de
296 1967 453 2043 republica
467 1983 486 2025 a
500 1966 633 2026 finitimis
648 1982 770 2027 rumore
785 1974 837 2027 aut
851 1968 935 2028 fama
948 1984 1032 2028 acce-

66 2055 150 2130 perit,
165 2054 208 2114 uti
223 2053 262 2111 ad
275 2053 482 2127 magistratum
498 2053 614 2111 delerat
627 2066 703 2110 neve
718 2067 785 2110 cum
801 2069 862 2127 quo
878 2053 938 2114 alio
955 2069 1031 2114 com-

66 2140 205 2210 municet,
222 2138 305 2212 quod
321 2153 415 2212 saepe
427 2137 564 2197 hominos
580 2136 757 2196 temerarios
772 2143 864 2211 atque
876 2136 1031 2212 imperitos

67 2225 151 2283 lalsis
172 2222 344 2282 rumoribus
365 2223 470 2281 terreri
492 2228 521 2279 et
541 2222 580 2280 ad
596 2221 713 2279 lacinus
728 2221 831 2295 inpelli
847 2228 877 2280 et
892 2222 931 2280 de
953 2239 1020 2283 sum

67 2308 121 2367 mis
147 2307 239 2366 rebus
266 2307 425 2365 consilium
451 2304 736 2379 caperecognitum
752 2312 808 2364 est.
837 2305 1032 2380 Magistratus

67 2407 146 2466 (puae
160 2391 228 2448 visa
243 2397 314 2448 sunt
328 2390 489 2463 occultant,
507 2404 649 2463 quaeque
664 2405 735 2448 csse
750 2405 789 2448 ex
804 2406 863 2449 usu
878 2391 1031 2451 iudicave-

66 2482 143 2548 runt,
158 2473 338 2532 multitudini
354 2474 496 2547 produnt.
513 2473 721 2547 lierepublica
728 2473 787 2533 nisi
802 2490 858 2549 per
873 2476 1032 2535 concilium

67 2558 148 2634 loqui
164 2574 225 2617 non
241 2558 425 2617 conceditur.

147 2642 222 2701 XXI.
247 2641 387 2700 Germani
408 2643 532 2702 multum
553 2641 591 2700 ab
616 2642 675 2701 hac
701 2643 922 2704 consuetudine
948 2642 1032 2703 diffe-

66 2734 141 2787 runt.
167 2727 243 2785 Nam
257 2742 357 2801 neque
373 2728 496 2787 druides
511 2725 631 2799 habent,
648 2727 699 2801 qui
714 2729 806 2788 rebus
822 2727 933 2788 divinis
946 2743 1032 2803 prae-

65 2813 133 2886 sint,
149 2826 249 2886 neque
265 2811 423 2872 sacrificiis
440 2812 570 2871 student.
586 2812 720 2871 Deorum
734 2829 860 2873 numero
876 2828 932 2872 eos
948 2815 1033 2874 solos

64 2898 193 2970 ducunt,
210 2912 288 2970 quos
306 2904 432 2957 cernunt
445 2903 475 2957 et
490 2912 619 2972 quorum
635 2903 739 2971 aperte
756 2898 867 2972 opibus
882 2898 1024 2958 iuvantur

65 2981 167 3042 Solem
183 2987 213 3039 et
225 2980 398 3040 Vulcanum
414 2989 443 3041 et
456 2981 586 3055 Lunam,
611 2982 747 3057 reliquos
763 2998 801 3041 ne
816 2984 897 3042 lama
912 2983 1032 3058 quidem

64 3071 258 3140 acceperunt.
299 3065 369 3123 Vita
384 3066 481 3126 omnis
497 3067 527 3125 in
541 3065 755 3126 venationibus
771 3074 863 3142 atque
877 3067 908 3125 in
924 3066 1033 3127 studiis

63 3152 107 3211 rei
122 3149 257 3209 militaris
275 3149 427 3209 consistit=
450 3152 487 3210 ab
503 3151 640 3226 parvulis
655 3152 751 3212 labori
773 3167 808 3210 ac
828 3152 956 3210 duritiae
971 3159 1033 3211 stu·

64 3237 144 3295 dent.
172 3234 227 3308 Qui
243 3234 412 3294 diutissime
426 3235 600 3311 impuberes
616 3243 857 3310 permanserunt,
873 3236 1033 3295 maximam

63 3321 141 3381 inter
157 3335 231 3380 suos
247 3320 347 3379 lerunt
358 3320 493 3379 laudern:
510 3320 569 3381 hoc
585 3321 624 3380 ali
640 3328 793 3393 staturam,
810 3321 848 3380 ali
863 3320 945 3379 vires
965 3336 1032 3380 ner·

63 3420 183 3481 vosque
199 3404 371 3464 confirmari
391 3412 507 3478 putant.
536 3406 618 3465 Intra
632 3421 744 3463 annum
758 3420 832 3466 vero
854 3405 1033 3464 vicesimum

63 3491 194 3548 leminae
216 3489 350 3549 notitiam
371 3487 517 3550 habuisse
539 3490 569 3548 in
591 3488 775 3563 turpissimis
794 3488 909 3548 habent
922 3490 1033 3559 rebus;

64 3573 151 3633 cuius
167 3573 212 3631 rei
227 3576 309 3633 nulla
323 3581 370 3634 cst
385 3575 562 3650 occultatio,
589 3572 672 3649 quod
688 3579 718 3631 et
738 3575 913 3647 promiscue
929 3574 960 3632 in
978 3573 1034 3633 llu-

64 3657 196 3717 minibus
207 3660 387 3731 perluuntur
401 3666 431 3718 et
444 3660 575 3734 pellibus
592 3663 644 3718 aut
658 3658 762 3731 parvis
776 3659 945 3719 rhenonum
960 3658 1034 3734 tegi·

62 3748 169 3812 mentis
186 3753 310 3806 utuntur
326 3761 437 3814 magna
451 3743 590 3819 corporis
605 3748 693 3817 parte
707 3743 799 3801 nuda
