2272 4176
466 151 582 214 LIBER
603 152 654 212 Vl.
996 148 1058 213 111

83 317 182 365 nosse
206 303 337 367 deorum
361 306 572 367 immortalium
596 320 708 364 numen
735 306 851 380 placari
867 306 1059 382 arbitrantur,

81 389 271 467 publiceque
297 390 437 451 eiusdem
460 390 581 465 generis
607 390 721 449 habent
740 391 878 451 instituta
898 392 1059 452 sacrificia.

82 474 142 534 Alii
156 475 272 534 inmani
287 476 494 551 magnitudine
509 476 672 534 simulacra
686 474 813 550 habent,
841 493 971 551 quorum
987 494 1055 537 con-

80 566 167 619 texta
179 559 347 620 viminibus
361 560 498 620 membra
511 560 590 618 vivis
605 559 779 619 hominibus
797 562 966 636 complent;
993 562 1059 637 qui·

82 644 141 704 bus
156 646 320 705 succensis
336 645 532 706 circumventi
547 644 669 705 flammo
684 645 894 705 exanimantur
909 646 1057 707 homines.

84 727 246 805 Supplicia
260 746 381 805 eorum,
398 732 450 806 qui
465 731 495 789 in
510 731 589 789 furto
606 737 658 789 aut
672 729 702 787 in
717 731 875 791 latrocinio
891 739 943 791 aut
958 733 1058 807 aliqua

84 815 177 875 noxia
199 815 262 874 sint
282 815 501 891 conprehensi,
529 814 662 889 gratiora
684 814 731 873 dis
752 815 972 876 immortalibus
988 832 1059 876 esse

85 899 285 970 arbitrantur;
301 901 357 960 sed
373 916 442 960 cum
457 901 522 959 eius
539 899 660 973 generis
674 899 765 974 copia
779 901 898 973 defecit,
915 901 1057 961 etiamad

85 984 291 1045 innocentium
306 986 459 1060 supplicia
473 984 673 1044 descendunt.

165 1069 259 1128 XVlI.
283 1071 380 1129 Deum
395 1070 525 1129 maxime
538 1068 722 1128 Mercurium
738 1069 849 1129 colunt.
874 1071 972 1130 Huius
988 1086 1059 1131 sunt

88 1153 215 1226 plurima
229 1155 407 1229 simulacra,
431 1155 513 1214 hunc
535 1154 668 1214 omnium
689 1154 877 1214 inventorem
893 1157 1000 1216 ortium
1015 1157 1028 1214 l
1045 1188 1055 1198 -

89 1244 162 1312 runt,
178 1238 260 1298 hunc
276 1240 392 1299 viarum
408 1247 500 1316 atque
514 1238 653 1298 itinerum
669 1240 793 1314 ducem,
814 1239 894 1300 hunc
910 1242 950 1299 ad
966 1255 1056 1316 quae«

90 1329 151 1382 stus
166 1324 318 1398 pecuniae
333 1332 584 1399 mercaturasque
598 1324 712 1383 habere
726 1325 787 1383 vim
802 1325 964 1384 maximam
979 1326 1056 1386 arbi·

92 1413 209 1467 trantur.
239 1409 315 1469 Post
328 1408 410 1469 hunc
423 1409 597 1485 Apollinem
616 1416 644 1468 et
655 1409 783 1468 Martem
799 1417 829 1469 et
842 1410 945 1470 lovem
960 1416 990 1470 et
1002 1410 1055 1469 lti-

93 1507 218 1551 nervam.
233 1494 279 1553 De
293 1493 341 1552 lris
357 1495 486 1553 eandem
498 1495 563 1553 sere
576 1510 666 1569 quam
678 1494 814 1570 reliquae
827 1502 933 1568 gentes
946 1495 1057 1554 haben}

94 1578 275 1651 opinionem:
291 1580 465 1653 Apollinem
480 1579 604 1639 morbos
621 1579 784 1653 depellere,
800 1579 967 1638 Minervam
984 1595 1053 1654 ope·

95 1677 150 1720 rum
172 1669 264 1738 atque
286 1663 482 1725 artificiorum
501 1664 586 1722 initia
606 1664 742 1739 tradere,
774 1664 877 1723 Iovem
897 1654 1055 1739 imperirkn

96 1746 261 1807 caelestium
275 1753 391 1822 tenere,
405 1748 533 1808 Martem
547 1749 628 1807 bella
642 1764 758 1822 regere.
780 1748 866 1822 Huic,
884 1765 952 1807 cum
967 1765 1055 1825 proe-

95 1830 128 1890 do
142 1831 286 1891 dimicare
301 1833 537 1907 constituerunt,
553 1848 604 1907 ea,
624 1848 703 1908 quae
717 1833 798 1891 bello
816 1833 966 1907 ceperint,
992 1835 1056 1907 ple-

95 1930 211 1991 rumque
227 1917 396 1977 devovent=
413 1926 481 1978 cum
497 1924 728 1991 superaverunt,
744 1917 885 1976 animalia
900 1926 989 1993 capta
1004 1919 1056 1976 im-

97 2002 197 2060 molant
210 2001 409 2078 reliquasque
423 2018 473 2062 res
488 2003 519 2061 in
534 2019 627 2061 unum
642 2004 743 2062 locum
758 2002 925 2062 conserunt.
953 2002 1056 2063 Multis

96 2083 121 2142 in
135 2085 302 2146 civitatibus
318 2087 425 2146 harum
438 2103 540 2147 rerum
555 2093 729 2147 exstructos
744 2088 876 2148 tumulos
892 2088 968 2148 locis
985 2105 1056 2149 con-

96 2171 212 2230 secratis
230 2173 403 2247 conspicari
419 2173 503 2240 licet;
520 2166 621 2248 meopte
634 2188 728 2246 saepe
740 2173 859 2246 accidit,
876 2180 908 2233 ut
919 2176 1058 2248 neglecta

97 2254 238 2329 quispiam
251 2257 399 2330 religione
414 2265 466 2316 aut
480 2264 570 2332 capta
581 2258 665 2332 apud
676 2275 711 2317 se
724 2259 875 2317 occultare
891 2266 943 2318 aut
956 2258 1056 2333 posita

96 2338 191 2399 tollere
212 2340 355 2415 auderet,
380 2342 658 2417 gravissimumque
680 2343 766 2402 circi
787 2343 972 2417 supplicium
988 2359 1055 2403 cum

96 2424 220 2484 cruciatu
236 2427 432 2486 constitutum
447 2434 502 2486 est.

166 2509 272 2570 XVlll.
296 2511 371 2570 Galli
387 2527 421 2570 se
437 2528 542 2571 omnes
559 2512 671 2571 abDitc
685 2520 771 2586 patre
785 2520 953 2587 prognatos
968 2529 1056 2587 prae-

95 2592 187 2653 dicant
200 2594 295 2670 idque
307 2594 345 2654 ab
361 2597 520 2657 druidibus
536 2597 690 2671 proditum
707 2597 819 2657 dicunt.
843 2597 887 2657 Ob
903 2613 970 2656 eam
985 2613 1055 2657 cou-

94 2693 150 2737 sam
165 2679 266 2754 spatia
282 2682 379 2741 omnis
394 2683 541 2757 temporis
557 2699 617 2740 non
633 2698 759 2741 numero
775 2683 907 2757 dierum,
930 2682 987 2740 sed
1002 2698 1055 2742 no·

94 2764 175 2823 ctiurn
190 2764 316 2837 finiunt3
344 2767 409 2826 dies
425 2770 542 2827 natales
559 2774 588 2826 et
603 2768 752 2826 mensium
768 2774 798 2826 et
812 2782 960 2827 annorum
973 2766 1057 2826 initia

93 2847 130 2908 sic
144 2849 326 2924 observant,
352 2858 386 2912 ut
405 2860 525 2912 noctem
547 2852 612 2910 dies
635 2853 852 2927 subsequatur.
881 2853 914 2911 ln
930 2851 1055 2929 reliquis

92 2933 163 2993 vitae
178 2934 325 2995 institutis
340 2937 400 2996 hoc
416 2937 480 2996 lere
496 2938 534 2995 ab
549 2936 676 3011 reliquis
692 2936 851 3011 differunt,
880 2937 962 3013 quod
978 2951 1054 2997 suos

90 3018 206 3095 liberos
222 3020 282 3080 nisi
299 3036 367 3080 cum
382 3023 589 3095 adoleverunt,
605 3028 638 3080 ut
648 3038 759 3080 rnunus
771 3022 892 3080 militiae
904 3020 1056 3082 sustinere
1094 3056 1099 3067 ·

88 3111 218 3179 possint,
245 3107 347 3181 palam
362 3107 402 3166 ad
417 3122 452 3166 se
466 3107 551 3166 adire
565 3122 625 3165 non
641 3105 796 3179 patiuntur
810 3106 965 3179 filiumque
980 3122 1055 3181 pue-

88 3187 130 3247 rili
144 3195 246 3249 aetate
259 3190 292 3249 in
307 3190 430 3265 publico
451 3192 482 3251 in
504 3197 674 3264 conspectu
688 3191 784 3265 patris
800 3189 952 3250 adsistere
966 3196 1056 3268 turpe

89 3272 206 3334 ducunt.

164 3359 243 3421 XIX.
265 3359 347 3434 Viri,
370 3368 500 3437 quantas
522 3361 670 3436 pecunias
686 3359 724 3418 ab
738 3359 888 3419 uxoribus
905 3359 984 3421 dotis
1001 3379 1055 3424 no-

88 3442 162 3507 mine
176 3450 378 3525 acceperunt,
392 3453 492 3509 tantos
508 3462 547 3508 ex
562 3445 627 3509 suis
642 3443 733 3510 bonis
752 3445 969 3512 aestimatione
978 3446 1069 3513 raca
