<?xml version="1.0" encoding="UTF-8"?>
<!DOCTYPE html PUBLIC "-//W3C//DTD XHTML 1.0 Transitional//EN"
    "http://www.w3.org/TR/xhtml1/DTD/xhtml1-transitional.dtd">
<html xmlns="http://www.w3.org/1999/xhtml" xml:lang="en" lang="en">
 <head>
  <title>
</title>
<meta http-equiv="Content-Type" content="text/html;charset=utf-8" />
  <meta name='ocr-system' content='tesseract 3.04.00' />
  <meta name='ocr-capabilities' content='ocr_page ocr_carea ocr_par ocr_line ocrx_word'/>
</head>
<body>
  <div class='ocr_page' id='page_1' title='image "./commentarii00caesgoog_0308.png"; bbox 0 0 2272 4176; ppageno 0'>
   <div class='ocr_carea' id='block_1_1' title="bbox 10 39 1036 223">
    <p class='ocr_par' dir='ltr' id='par_1_1' title="bbox 10 39 1036 235">
     <span class='ocr_line' id='line_1_1' title="bbox 10 39 1036 223; baseline 0.008 -25"><span class='ocrx_word' id='word_1_1' title='bbox 10 39 111 223; x_wconf 64' lang='grc' dir='ltr'>Γ</span> <span class='ocrx_word' id='word_1_2' title='bbox 159 99 163 105; x_wconf 68' lang='grc'><strong>’</strong></span> <span class='ocrx_word' id='word_1_3' title='bbox 460 140 575 200; x_wconf 79' lang='lat' dir='ltr'><strong>umus</strong></span> <span class='ocrx_word' id='word_1_4' title='bbox 596 140 646 201; x_wconf 86' lang='lat' dir='ltr'><strong>nr.</strong></span> <span class='ocrx_word' id='word_1_5' title='bbox 974 142 1036 207; x_wconf 82' lang='lat' dir='ltr'><strong>noo</strong></span> 
     </span>
    </p>
   </div>
   <div class='ocr_carea' id='block_1_2' title="bbox 10 292 1124 3249">
    <p class='ocr_par' dir='ltr' id='par_1_2' title="bbox 10 292 1124 3249">
     <span class='ocr_line' id='line_1_2' title="bbox 64 292 1036 375; baseline 0.002 -18"><span class='ocrx_word' id='word_1_6' title='bbox 64 292 288 357; x_wconf 83' lang='lat' dir='ltr'><strong>demorandum</strong></span> <span class='ocrx_word' id='word_1_7' title='bbox 302 308 403 368; x_wconf 91' lang='lat' dir='ltr'><strong>neque</strong></span> <span class='ocrx_word' id='word_1_8' title='bbox 419 292 568 368; x_wconf 79' lang='lat' dir='ltr'>consequi</span> <span class='ocrx_word' id='word_1_9' title='bbox 582 294 689 369; x_wconf 87' lang='lat' dir='ltr'><strong>potuit,</strong></span> <span class='ocrx_word' id='word_1_10' title='bbox 705 296 790 370; x_wconf 90' lang='lat' dir='ltr'><strong>quod</strong></span> <span class='ocrx_word' id='word_1_11' title='bbox 804 297 929 356; x_wconf 91' lang='lat' dir='ltr'><strong>multum</strong></span> <span class='ocrx_word' id='word_1_12' title='bbox 943 312 1036 375; x_wconf 85' lang='lat' dir='ltr'><strong>expe·</strong></span> 
     </span>
     <span class='ocr_line' id='line_1_3' title="bbox 65 376 1036 444; baseline 0.003 -3"><span class='ocrx_word' id='word_1_13' title='bbox 65 380 129 441; x_wconf 91' lang='lat' dir='ltr'><strong>dito</strong></span> <span class='ocrx_word' id='word_1_14' title='bbox 148 379 259 441; x_wconf 86' lang='lat' dir='ltr'><strong>itinere</strong></span> <span class='ocrx_word' id='word_1_15' title='bbox 279 383 488 439; x_wconf 76' lang='lat' dir='ltr'>antecesserat</span> <span class='ocrx_word' id='word_1_16' title='bbox 502 376 623 438; x_wconf 82' lang='lat' dir='ltr'><strong>Caesar.</strong></span> <span class='ocrx_word' id='word_1_17' title='bbox 654 377 716 440; x_wconf 89' lang='lat' dir='ltr'><strong>Sed</strong></span> <span class='ocrx_word' id='word_1_18' title='bbox 732 394 800 439; x_wconf 91' lang='lat' dir='ltr'><strong>cum</strong></span> <span class='ocrx_word' id='word_1_19' title='bbox 813 387 937 441; x_wconf 91' lang='lat' dir='ltr'><strong>ventum</strong></span> <span class='ocrx_word' id='word_1_20' title='bbox 953 392 1036 444; x_wconf 87' lang='lat' dir='ltr'><strong>esset</strong></span> 
     </span>
     <span class='ocr_line' id='line_1_4' title="bbox 10 462 1036 539; baseline 0.004 -14"><span class='ocrx_word' id='word_1_21' title='bbox 10 478 15 495; x_wconf 90' lang='lat'>·</span> <span class='ocrx_word' id='word_1_22' title='bbox 64 464 105 525; x_wconf 88' lang='lat' dir='ltr'><strong>ad</strong></span> <span class='ocrx_word' id='word_1_23' title='bbox 118 462 236 525; x_wconf 79' lang='lat' dir='ltr'><strong>flumen</strong></span> <span class='ocrx_word' id='word_1_24' title='bbox 252 463 417 537; x_wconf 86' lang='lat' dir='ltr'><strong>Genusum,</strong></span> <span class='ocrx_word' id='word_1_25' title='bbox 435 463 519 538; x_wconf 92' lang='lat' dir='ltr'><strong>quod</strong></span> <span class='ocrx_word' id='word_1_26' title='bbox 532 463 607 539; x_wconf 84' lang='lat' dir='ltr'><strong>ripis</strong></span> <span class='ocrx_word' id='word_1_27' title='bbox 623 470 689 523; x_wconf 88' lang='lat' dir='ltr'><strong>erat</strong></span> <span class='ocrx_word' id='word_1_28' title='bbox 703 463 871 539; x_wconf 91' lang='lat' dir='ltr'><strong>impeditis,</strong></span> <span class='ocrx_word' id='word_1_29' title='bbox 888 481 1036 529; x_wconf 89' lang='lat' dir='ltr'><strong>consecu-</strong></span> 
     </span>
     <span class='ocr_line' id='line_1_5' title="bbox 63 546 1093 624; baseline 0.005 -16"><span class='ocrx_word' id='word_1_30' title='bbox 63 554 113 608; x_wconf 91' lang='lat' dir='ltr'><strong>tus</strong></span> <span class='ocrx_word' id='word_1_31' title='bbox 132 548 288 624; x_wconf 80' lang='lat' dir='ltr'><strong>equitatus</strong></span> <span class='ocrx_word' id='word_1_32' title='bbox 309 546 497 608; x_wconf 86' lang='lat' dir='ltr'><strong>novissimos</strong></span> <span class='ocrx_word' id='word_1_33' title='bbox 521 548 639 623; x_wconf 91' lang='lat' dir='ltr'><strong>proelio</strong></span> <span class='ocrx_word' id='word_1_34' title='bbox 665 548 828 609; x_wconf 86' lang='lat' dir='ltr'><strong>detinebat.</strong></span> <span class='ocrx_word' id='word_1_35' title='bbox 858 549 936 610; x_wconf 83' lang='lat' dir='ltr'><strong>Huic</strong></span> <span class='ocrx_word' id='word_1_36' title='bbox 960 567 1036 613; x_wconf 91' lang='lat' dir='ltr'><strong>suos</strong></span> <span class='ocrx_word' id='word_1_37' title='bbox 1091 572 1093 577; x_wconf 92' lang='lat'><em>·</em></span> 
     </span>
     <span class='ocr_line' id='line_1_6' title="bbox 64 631 1111 708; baseline 0.003 -14"><span class='ocrx_word' id='word_1_38' title='bbox 64 633 178 694; x_wconf 80' lang='lat' dir='ltr'><strong>caesar</strong></span> <span class='ocrx_word' id='word_1_39' title='bbox 193 633 313 708; x_wconf 84' lang='lat' dir='ltr'><strong>equites</strong></span> <span class='ocrx_word' id='word_1_40' title='bbox 336 632 483 707; x_wconf 89' lang='lat' dir='ltr'><strong>opposuit</strong></span> <span class='ocrx_word' id='word_1_41' title='bbox 504 631 728 706; x_wconf 87' lang='lat' dir='ltr'><strong>expeditosque</strong></span> <span class='ocrx_word' id='word_1_42' title='bbox 749 633 968 708; x_wconf 79' lang='lat' dir='ltr'><strong>antesignanos</strong></span> <span class='ocrx_word' id='word_1_43' title='bbox 982 636 1036 697; x_wconf 74' lang='lat' dir='ltr'><strong>u&#39;d-</strong></span> <span class='ocrx_word' id='word_1_44' title='bbox 1106 672 1111 679; x_wconf 94' lang='lat'>·</span> 
     </span>
     <span class='ocr_line' id='line_1_7' title="bbox 62 716 1035 795; baseline 0.004 -18"><span class='ocrx_word' id='word_1_45' title='bbox 62 717 185 778; x_wconf 87' lang='lat' dir='ltr'><strong>miscuit</strong></span> <span class='ocrx_word' id='word_1_46' title='bbox 200 716 459 794; x_wconf 87' lang='lat' dir='ltr'><strong>quadringentos,</strong></span> <span class='ocrx_word' id='word_1_47' title='bbox 475 717 526 791; x_wconf 91' lang='lat' dir='ltr'><strong>qui</strong></span> <span class='ocrx_word' id='word_1_48' title='bbox 541 723 656 776; x_wconf 85' lang='lat' dir='ltr'><strong>tantum</strong></span> <span class='ocrx_word' id='word_1_49' title='bbox 670 718 880 794; x_wconf 83' lang='lat' dir='ltr'><strong>profecerunt,</strong></span> <span class='ocrx_word' id='word_1_50' title='bbox 896 727 929 779; x_wconf 88' lang='lat' dir='ltr'><strong>ut</strong></span> <span class='ocrx_word' id='word_1_51' title='bbox 944 735 1035 795; x_wconf 89' lang='lat' dir='ltr'><strong>eque·</strong></span> 
     </span>
     <span class='ocr_line' id='line_1_8' title="bbox 63 802 1035 880; baseline 0.003 -18"><span class='ocrx_word' id='word_1_52' title='bbox 63 802 119 862; x_wconf 90' lang='lat' dir='ltr'><strong>stri</strong></span> <span class='ocrx_word' id='word_1_53' title='bbox 132 802 253 878; x_wconf 87' lang='lat' dir='ltr'><strong>proelio</strong></span> <span class='ocrx_word' id='word_1_54' title='bbox 275 802 440 880; x_wconf 86' lang='lat' dir='ltr'><strong>commisso</strong></span> <span class='ocrx_word' id='word_1_55' title='bbox 454 802 603 877; x_wconf 83' lang='lat' dir='ltr'><strong>pellerent</strong></span> <span class='ocrx_word' id='word_1_56' title='bbox 618 817 724 861; x_wconf 91' lang='lat' dir='ltr'><strong>onmes</strong></span> <span class='ocrx_word' id='word_1_57' title='bbox 741 805 978 879; x_wconf 87' lang='lat' dir='ltr'><strong>compluresque</strong></span> <span class='ocrx_word' id='word_1_58' title='bbox 992 805 1035 865; x_wconf 90' lang='lat' dir='ltr'><strong>in·</strong></span> 
     </span>
     <span class='ocr_line' id='line_1_9' title="bbox 63 885 972 963; baseline -0.001 -16"><span class='ocrx_word' id='word_1_59' title='bbox 63 885 238 947; x_wconf 86' lang='lat' dir='ltr'><strong>terficerent</strong></span> <span class='ocrx_word' id='word_1_60' title='bbox 251 887 373 962; x_wconf 89' lang='lat' dir='ltr'><strong>ipsique</strong></span> <span class='ocrx_word' id='word_1_61' title='bbox 387 887 554 945; x_wconf 88' lang='lat' dir='ltr'><strong>incolumes</strong></span> <span class='ocrx_word' id='word_1_62' title='bbox 569 901 605 945; x_wconf 90' lang='lat' dir='ltr'><strong>se</strong></span> <span class='ocrx_word' id='word_1_63' title='bbox 617 886 656 945; x_wconf 88' lang='lat' dir='ltr'><strong>ad</strong></span> <span class='ocrx_word' id='word_1_64' title='bbox 671 900 779 960; x_wconf 81' lang='lat' dir='ltr'><strong>agmen</strong></span> <span class='ocrx_word' id='word_1_65' title='bbox 793 887 972 963; x_wconf 87' lang='lat' dir='ltr'><strong>reciperent.</strong></span> 
     </span>
     <span class='ocr_line' id='line_1_10' title="bbox 144 969 1036 1049; baseline 0.006 -19"><span class='ocrx_word' id='word_1_66' title='bbox 144 971 278 1031; x_wconf 86' lang='lat' dir='ltr'><strong>LXXVI.</strong></span> <span class='ocrx_word' id='word_1_67' title='bbox 300 971 443 1031; x_wconf 83' lang='lat' dir='ltr'><strong>Confecto</strong></span> <span class='ocrx_word' id='word_1_68' title='bbox 465 970 545 1029; x_wconf 91' lang='lat' dir='ltr'><strong>iusto</strong></span> <span class='ocrx_word' id='word_1_69' title='bbox 560 969 667 1029; x_wconf 86' lang='lat' dir='ltr'><strong>itinere</strong></span> <span class='ocrx_word' id='word_1_70' title='bbox 682 970 748 1030; x_wconf 92' lang='lat' dir='ltr'><strong>eius</strong></span> <span class='ocrx_word' id='word_1_71' title='bbox 764 970 839 1045; x_wconf 87' lang='lat' dir='ltr'><strong>diei,</strong></span> <span class='ocrx_word' id='word_1_72' title='bbox 866 974 950 1047; x_wconf 93' lang='lat' dir='ltr'><strong>quod</strong></span> <span class='ocrx_word' id='word_1_73' title='bbox 963 989 1036 1049; x_wconf 92' lang='lat' dir='ltr'><strong>pro-</strong></span> 
     </span>
     <span class='ocr_line' id='line_1_11' title="bbox 62 1054 1034 1132; baseline 0.004 -17"><span class='ocrx_word' id='word_1_74' title='bbox 62 1063 212 1132; x_wconf 86' lang='lat' dir='ltr'><strong>posuerat</strong></span> <span class='ocrx_word' id='word_1_75' title='bbox 227 1054 355 1128; x_wconf 83' lang='lat' dir='ltr'><strong>Caesur,</strong></span> <span class='ocrx_word' id='word_1_76' title='bbox 381 1055 584 1128; x_wconf 86' lang='lat' dir='ltr'><strong>traductoque</strong></span> <span class='ocrx_word' id='word_1_77' title='bbox 600 1054 736 1115; x_wconf 87' lang='lat' dir='ltr'><strong>exercitu</strong></span> <span class='ocrx_word' id='word_1_78' title='bbox 750 1054 863 1116; x_wconf 84' lang='lat' dir='ltr'><strong>flumen</strong></span> <span class='ocrx_word' id='word_1_79' title='bbox 879 1057 1034 1131; x_wconf 89' lang='lat' dir='ltr'><strong>Genusum</strong></span> 
     </span>
     <span class='ocr_line' id='line_1_12' title="bbox 41 1139 1035 1214; baseline 0.004 -15"><span class='ocrx_word' id='word_1_80' title='bbox 41 1141 90 1206; x_wconf 75' lang='lat' dir='ltr'><strong>,in</strong></span> <span class='ocrx_word' id='word_1_81' title='bbox 104 1140 264 1200; x_wconf 87' lang='lat' dir='ltr'><strong>veteribus</strong></span> <span class='ocrx_word' id='word_1_82' title='bbox 280 1141 344 1200; x_wconf 93' lang='lat' dir='ltr'><strong>suis</strong></span> <span class='ocrx_word' id='word_1_83' title='bbox 360 1139 469 1198; x_wconf 89' lang='lat' dir='ltr'><strong>castris</strong></span> <span class='ocrx_word' id='word_1_84' title='bbox 482 1142 588 1199; x_wconf 84' lang='lat' dir='ltr'><strong>contro</strong></span> <span class='ocrx_word' id='word_1_85' title='bbox 594 1139 798 1214; x_wconf 80' lang='lat' dir='ltr'><strong>Asparagium</strong></span> <span class='ocrx_word' id='word_1_86' title='bbox 810 1143 950 1202; x_wconf 90' lang='lat' dir='ltr'><strong>consedit</strong></span> <span class='ocrx_word' id='word_1_87' title='bbox 960 1142 1035 1203; x_wconf 93' lang='lat' dir='ltr'><strong>mili-</strong></span> 
     </span>
     <span class='ocr_line' id='line_1_13' title="bbox 61 1220 1034 1304; baseline 0.003 -19"><span class='ocrx_word' id='word_1_88' title='bbox 61 1231 173 1299; x_wconf 89' lang='lat' dir='ltr'><strong>tesque</strong></span> <span class='ocrx_word' id='word_1_89' title='bbox 188 1240 295 1285; x_wconf 92' lang='lat' dir='ltr'><strong>omnes</strong></span> <span class='ocrx_word' id='word_1_90' title='bbox 309 1225 389 1284; x_wconf 91' lang='lat' dir='ltr'><strong>intra</strong></span> <span class='ocrx_word' id='word_1_91' title='bbox 402 1220 570 1285; x_wconf 86' lang='lat' dir='ltr'><strong>castrorum</strong></span> <span class='ocrx_word' id='word_1_92' title='bbox 585 1223 781 1284; x_wconf 91' lang='lat' dir='ltr'><strong>munitionem</strong></span> <span class='ocrx_word' id='word_1_93' title='bbox 793 1226 939 1287; x_wconf 85' lang='lat' dir='ltr'><strong>continuit</strong></span> <span class='ocrx_word' id='word_1_94' title='bbox 951 1228 1034 1304; x_wconf 90' lang='lat' dir='ltr'><strong>equi-</strong></span> 
     </span>
     <span class='ocr_line' id='line_1_14' title="bbox 60 1307 1034 1386; baseline 0.003 -16"><span class='ocrx_word' id='word_1_95' title='bbox 60 1315 220 1386; x_wconf 81' lang='lat' dir='ltr'><strong>tatumque</strong></span> <span class='ocrx_word' id='word_1_96' title='bbox 240 1324 296 1384; x_wconf 90' lang='lat' dir='ltr'><strong>per</strong></span> <span class='ocrx_word' id='word_1_97' title='bbox 317 1324 442 1369; x_wconf 88' lang='lat' dir='ltr'><strong>causam</strong></span> <span class='ocrx_word' id='word_1_98' title='bbox 462 1307 627 1384; x_wconf 85' lang='lat' dir='ltr'><strong>pabulandi</strong></span> <span class='ocrx_word' id='word_1_99' title='bbox 648 1309 793 1370; x_wconf 89' lang='lat' dir='ltr'><strong>emissum</strong></span> <span class='ocrx_word' id='word_1_100' title='bbox 808 1312 968 1371; x_wconf 78' lang='lat' dir='ltr'><strong>confestim</strong></span> <span class='ocrx_word' id='word_1_101' title='bbox 983 1312 1034 1373; x_wconf 88' lang='lat' dir='ltr'><strong>de-</strong></span> 
     </span>
     <span class='ocr_line' id='line_1_15' title="bbox 60 1392 1036 1469; baseline 0.001 -14"><span class='ocrx_word' id='word_1_102' title='bbox 60 1411 194 1455; x_wconf 87' lang='lat' dir='ltr'><strong>cumana</strong></span> <span class='ocrx_word' id='word_1_103' title='bbox 208 1401 297 1469; x_wconf 88' lang='lat' dir='ltr'><strong>porta</strong></span> <span class='ocrx_word' id='word_1_104' title='bbox 308 1393 340 1453; x_wconf 94' lang='lat' dir='ltr'><strong>in</strong></span> <span class='ocrx_word' id='word_1_105' title='bbox 356 1399 458 1453; x_wconf 87' lang='lat' dir='ltr'><strong>castra</strong></span> <span class='ocrx_word' id='word_1_106' title='bbox 472 1408 507 1452; x_wconf 90' lang='lat' dir='ltr'><strong>se</strong></span> <span class='ocrx_word' id='word_1_107' title='bbox 520 1393 659 1467; x_wconf 85' lang='lat' dir='ltr'><strong>recipere</strong></span> <span class='ocrx_word' id='word_1_108' title='bbox 679 1392 777 1454; x_wconf 88' lang='lat' dir='ltr'><strong>iussit.</strong></span> <span class='ocrx_word' id='word_1_109' title='bbox 809 1393 904 1454; x_wconf 88' lang='lat' dir='ltr'><strong>Simili</strong></span> <span class='ocrx_word' id='word_1_110' title='bbox 917 1399 1036 1458; x_wconf 84' lang='lat' dir='ltr'><strong>ratione</strong></span> 
     </span>
     <span class='ocr_line' id='line_1_16' title="bbox 58 1477 1115 1554; baseline 0.005 -16"><span class='ocrx_word' id='word_1_111' title='bbox 58 1478 227 1554; x_wconf 91' lang='lat' dir='ltr'><strong>Pompeius</strong></span> <span class='ocrx_word' id='word_1_112' title='bbox 243 1479 381 1538; x_wconf 88' lang='lat' dir='ltr'><strong>conlecto</strong></span> <span class='ocrx_word' id='word_1_113' title='bbox 401 1478 537 1540; x_wconf 90' lang='lat' dir='ltr'><strong>eiusdem</strong></span> <span class='ocrx_word' id='word_1_114' title='bbox 559 1477 618 1537; x_wconf 90' lang='lat' dir='ltr'><strong>diei</strong></span> <span class='ocrx_word' id='word_1_115' title='bbox 633 1477 740 1536; x_wconf 91' lang='lat' dir='ltr'><strong>itinere</strong></span> <span class='ocrx_word' id='word_1_116' title='bbox 755 1478 785 1537; x_wconf 87' lang='lat' dir='ltr'><strong>ln</strong></span> <span class='ocrx_word' id='word_1_117' title='bbox 800 1479 865 1540; x_wconf 89' lang='lat' dir='ltr'><strong>suis</strong></span> <span class='ocrx_word' id='word_1_118' title='bbox 879 1481 1034 1542; x_wconf 89' lang='lat' dir='ltr'><strong>veteribus</strong></span> <span class='ocrx_word' id='word_1_119' title='bbox 1111 1512 1115 1519; x_wconf 94' lang='lat'>·</span> 
     </span>
     <span class='ocr_line' id='line_1_17' title="bbox 59 1561 1034 1639; baseline 0.001 -14"><span class='ocrx_word' id='word_1_120' title='bbox 59 1565 172 1625; x_wconf 80' lang='lat' dir='ltr'><strong>castris</strong></span> <span class='ocrx_word' id='word_1_121' title='bbox 193 1564 235 1623; x_wconf 88' lang='lat' dir='ltr'><strong>ad</strong></span> <span class='ocrx_word' id='word_1_122' title='bbox 254 1563 460 1638; x_wconf 82' lang='lat' dir='ltr'><strong>Asparagium</strong></span> <span class='ocrx_word' id='word_1_123' title='bbox 475 1562 623 1623; x_wconf 90' lang='lat' dir='ltr'><strong>consedit.</strong></span> <span class='ocrx_word' id='word_1_124' title='bbox 655 1561 729 1622; x_wconf 89' lang='lat' dir='ltr'><strong>Eius</strong></span> <span class='ocrx_word' id='word_1_125' title='bbox 744 1563 870 1638; x_wconf 82' lang='lat' dir='ltr'><strong>milites,</strong></span> <span class='ocrx_word' id='word_1_126' title='bbox 897 1567 981 1639; x_wconf 88' lang='lat' dir='ltr'><strong>quod</strong></span> <span class='ocrx_word' id='word_1_127' title='bbox 995 1566 1034 1625; x_wconf 89' lang='lat' dir='ltr'><strong>ab</strong></span> 
     </span>
     <span class='ocr_line' id='line_1_18' title="bbox 58 1646 1033 1725; baseline 0.002 -16"><span class='ocrx_word' id='word_1_128' title='bbox 58 1664 156 1724; x_wconf 89' lang='lat' dir='ltr'><strong>opere</strong></span> <span class='ocrx_word' id='word_1_129' title='bbox 170 1647 297 1721; x_wconf 80' lang='lat' dir='ltr'><strong>integris</strong></span> <span class='ocrx_word' id='word_1_130' title='bbox 312 1647 530 1714; x_wconf 87' lang='lat' dir='ltr'><strong>munitionibus</strong></span> <span class='ocrx_word' id='word_1_131' title='bbox 545 1646 704 1720; x_wconf 75' lang='lat' dir='ltr'><strong>vacabant</strong></span> <span class='ocrx_word' id='word_1_132' title='bbox 721 1646 772 1705; x_wconf 86' lang='lat' dir='ltr'><strong>alii</strong></span> <span class='ocrx_word' id='word_1_133' title='bbox 786 1648 922 1721; x_wconf 83' lang='lat' dir='ltr'><strong>lignandi</strong></span> <span class='ocrx_word' id='word_1_134' title='bbox 936 1649 1033 1725; x_wconf 83' lang='lat' dir='ltr'><strong>pabu-</strong></span> 
     </span>
     <span class='ocr_line' id='line_1_19' title="bbox 58 1729 1060 1807; baseline 0.001 -14"><span class='ocrx_word' id='word_1_135' title='bbox 58 1733 206 1807; x_wconf 90' lang='lat' dir='ltr'><strong>landique</strong></span> <span class='ocrx_word' id='word_1_136' title='bbox 222 1747 318 1792; x_wconf 88' lang='lat' dir='ltr'><strong>causa</strong></span> <span class='ocrx_word' id='word_1_137' title='bbox 328 1732 450 1806; x_wconf 82' lang='lat' dir='ltr'><strong>longius</strong></span> <span class='ocrx_word' id='word_1_138' title='bbox 462 1729 745 1807; x_wconf 81' lang='lat' dir='ltr'><strong>progrediebantur,</strong></span> <span class='ocrx_word' id='word_1_139' title='bbox 761 1731 820 1807; x_wconf 85' lang='lat' dir='ltr'><strong>alii,</strong></span> <span class='ocrx_word' id='word_1_140' title='bbox 837 1733 921 1806; x_wconf 93' lang='lat' dir='ltr'><strong>quod</strong></span> <span class='ocrx_word' id='word_1_141' title='bbox 933 1735 1033 1797; x_wconf 93' lang='lat' dir='ltr'><strong>subito</strong></span> <span class='ocrx_word' id='word_1_142' title='bbox 1058 1772 1060 1777; x_wconf 91' lang='lat'><em>-</em></span> 
     </span>
     <span class='ocr_line' id='line_1_20' title="bbox 59 1816 1032 1892; baseline -0.002 -13"><span class='ocrx_word' id='word_1_143' title='bbox 59 1817 223 1879; x_wconf 85' lang='lat' dir='ltr'><strong>consilium</strong></span> <span class='ocrx_word' id='word_1_144' title='bbox 238 1816 436 1891; x_wconf 84' lang='lat' dir='ltr'><strong>profectionis</strong></span> <span class='ocrx_word' id='word_1_145' title='bbox 453 1822 597 1892; x_wconf 82' lang='lat' dir='ltr'><strong>ceperant</strong></span> <span class='ocrx_word' id='word_1_146' title='bbox 612 1830 722 1889; x_wconf 78' lang='lat' dir='ltr'><strong>magna</strong></span> <span class='ocrx_word' id='word_1_147' title='bbox 736 1822 822 1889; x_wconf 89' lang='lat' dir='ltr'><strong>parte</strong></span> <span class='ocrx_word' id='word_1_148' title='bbox 836 1816 1032 1891; x_wconf 89' lang='lat' dir='ltr'><strong>impedimen-</strong></span> 
     </span>
     <span class='ocr_line' id='line_1_21' title="bbox 58 1899 1031 1975; baseline -0.006 -11"><span class='ocrx_word' id='word_1_149' title='bbox 58 1910 160 1964; x_wconf 89' lang='lat' dir='ltr'><strong>torum</strong></span> <span class='ocrx_word' id='word_1_150' title='bbox 179 1909 211 1962; x_wconf 93' lang='lat' dir='ltr'><strong>et</strong></span> <span class='ocrx_word' id='word_1_151' title='bbox 231 1899 419 1961; x_wconf 84' lang='lat' dir='ltr'><strong>sarcinarum</strong></span> <span class='ocrx_word' id='word_1_152' title='bbox 440 1902 559 1974; x_wconf 89' lang='lat' dir='ltr'><strong>relicta,</strong></span> <span class='ocrx_word' id='word_1_153' title='bbox 587 1899 626 1958; x_wconf 87' lang='lat' dir='ltr'><strong>ad</strong></span> <span class='ocrx_word' id='word_1_154' title='bbox 647 1899 723 1959; x_wconf 87' lang='lat' dir='ltr'><strong>haec</strong></span> <span class='ocrx_word' id='word_1_155' title='bbox 737 1902 904 1975; x_wconf 86' lang='lat' dir='ltr'><strong>repetenda</strong></span> <span class='ocrx_word' id='word_1_156' title='bbox 916 1902 1031 1963; x_wconf 86' lang='lat' dir='ltr'><strong>invitati</strong></span> 
     </span>
     <span class='ocr_line' id='line_1_22' title="bbox 57 1985 1047 2063; baseline 0 -15"><span class='ocrx_word' id='word_1_157' title='bbox 57 1986 290 2063; x_wconf 84' lang='lat' dir='ltr'><strong>propinquitate</strong></span> <span class='ocrx_word' id='word_1_158' title='bbox 311 1985 504 2059; x_wconf 91' lang='lat' dir='ltr'><strong>superiorum</strong></span> <span class='ocrx_word' id='word_1_159' title='bbox 526 1991 695 2044; x_wconf 85' lang='lat' dir='ltr'><strong>castrorum</strong></span> <span class='ocrx_word' id='word_1_160' title='bbox 716 1985 865 2058; x_wconf 88' lang='lat' dir='ltr'><strong>depositis</strong></span> <span class='ocrx_word' id='word_1_161' title='bbox 880 1987 910 2045; x_wconf 92' lang='lat' dir='ltr'><strong>in</strong></span> <span class='ocrx_word' id='word_1_162' title='bbox 927 1986 1047 2048; x_wconf 59' lang='lat' dir='ltr'><strong>contu?</strong></span> 
     </span>
     <span class='ocr_line' id='line_1_23' title="bbox 57 2068 1031 2146; baseline -0.003 -13"><span class='ocrx_word' id='word_1_163' title='bbox 57 2072 166 2133; x_wconf 86' lang='lat' dir='ltr'><strong>bernio</strong></span> <span class='ocrx_word' id='word_1_164' title='bbox 182 2071 275 2130; x_wconf 90' lang='lat' dir='ltr'><strong>armis</strong></span> <span class='ocrx_word' id='word_1_165' title='bbox 291 2072 403 2129; x_wconf 90' lang='lat' dir='ltr'><strong>vallum</strong></span> <span class='ocrx_word' id='word_1_166' title='bbox 417 2070 638 2145; x_wconf 85' lang='lat' dir='ltr'><strong>relinquebant.</strong></span> <span class='ocrx_word' id='word_1_167' title='bbox 655 2068 770 2141; x_wconf 79' lang='lat' dir='ltr'><strong>Quibus</strong></span> <span class='ocrx_word' id='word_1_168' title='bbox 786 2070 826 2128; x_wconf 81' lang='lat' dir='ltr'><strong>ad</strong></span> <span class='ocrx_word' id='word_1_169' title='bbox 840 2073 1031 2146; x_wconf 90' lang='lat' dir='ltr'><strong>sequendum</strong></span> 
     </span>
     <span class='ocr_line' id='line_1_24' title="bbox 57 2153 1030 2233; baseline -0.003 -15"><span class='ocrx_word' id='word_1_170' title='bbox 57 2157 204 2233; x_wconf 90' lang='lat' dir='ltr'><strong>inpeditis</strong></span> <span class='ocrx_word' id='word_1_171' title='bbox 212 2156 332 2227; x_wconf 86' lang='lat' dir='ltr'><strong>Caesar,</strong></span> <span class='ocrx_word' id='word_1_172' title='bbox 342 2155 425 2230; x_wconf 91' lang='lat' dir='ltr'><strong>quod</strong></span> <span class='ocrx_word' id='word_1_173' title='bbox 440 2156 506 2215; x_wconf 89' lang='lat' dir='ltr'><strong>iore</strong></span> <span class='ocrx_word' id='word_1_174' title='bbox 519 2153 703 2228; x_wconf 88' lang='lat' dir='ltr'><strong>providerat,</strong></span> <span class='ocrx_word' id='word_1_175' title='bbox 712 2153 879 2215; x_wconf 87' lang='lat' dir='ltr'><strong>meridiano</strong></span> <span class='ocrx_word' id='word_1_176' title='bbox 888 2157 1030 2216; x_wconf 81' lang='lat' dir='ltr'><strong>teretem-</strong></span> 
     </span>
     <span class='ocr_line' id='line_1_25' title="bbox 57 2238 1033 2318; baseline -0.002 -15"><span class='ocrx_word' id='word_1_177' title='bbox 57 2258 136 2318; x_wconf 90' lang='lat' dir='ltr'><strong>pore</strong></span> <span class='ocrx_word' id='word_1_178' title='bbox 148 2241 238 2315; x_wconf 83' lang='lat' dir='ltr'><strong>signo</strong></span> <span class='ocrx_word' id='word_1_179' title='bbox 247 2239 443 2314; x_wconf 82' lang='lat' dir='ltr'><strong>profectionis</strong></span> <span class='ocrx_word' id='word_1_180' title='bbox 453 2240 522 2299; x_wconf 84' lang='lat' dir='ltr'><strong>dato</strong></span> <span class='ocrx_word' id='word_1_181' title='bbox 536 2238 701 2298; x_wconf 84' lang='lat' dir='ltr'><strong>exercitum</strong></span> <span class='ocrx_word' id='word_1_182' title='bbox 709 2239 810 2297; x_wconf 89' lang='lat' dir='ltr'><strong>educit</strong></span> <span class='ocrx_word' id='word_1_183' title='bbox 817 2240 1033 2316; x_wconf 86' lang='lat' dir='ltr'><strong>duplicatoque</strong></span> 
     </span>
     <span class='ocr_line' id='line_1_26' title="bbox 57 2323 1032 2399; baseline -0.001 -12"><span class='ocrx_word' id='word_1_184' title='bbox 57 2328 125 2387; x_wconf 89' lang='lat' dir='ltr'><strong>eius</strong></span> <span class='ocrx_word' id='word_1_185' title='bbox 140 2324 202 2385; x_wconf 92' lang='lat' dir='ltr'><strong>diei</strong></span> <span class='ocrx_word' id='word_1_186' title='bbox 217 2324 323 2383; x_wconf 87' lang='lat' dir='ltr'><strong>itInere</strong></span> <span class='ocrx_word' id='word_1_187' title='bbox 338 2331 407 2385; x_wconf 88' lang='lat' dir='ltr'><strong>octo</strong></span> <span class='ocrx_word' id='word_1_188' title='bbox 422 2323 504 2382; x_wconf 90' lang='lat' dir='ltr'><strong>milia</strong></span> <span class='ocrx_word' id='word_1_189' title='bbox 518 2340 666 2398; x_wconf 86' lang='lat' dir='ltr'><strong>passuum</strong></span> <span class='ocrx_word' id='word_1_190' title='bbox 682 2338 721 2381; x_wconf 87' lang='lat' dir='ltr'><strong>ex</strong></span> <span class='ocrx_word' id='word_1_191' title='bbox 736 2338 773 2382; x_wconf 92' lang='lat' dir='ltr'><strong>eo</strong></span> <span class='ocrx_word' id='word_1_192' title='bbox 792 2325 860 2384; x_wconf 92' lang='lat' dir='ltr'><strong>loco</strong></span> <span class='ocrx_word' id='word_1_193' title='bbox 877 2325 1032 2399; x_wconf 82' lang='lat' dir='ltr'><strong>procedit;</strong></span> 
     </span>
     <span class='ocr_line' id='line_1_27' title="bbox 57 2407 933 2487; baseline -0.007 -15"><span class='ocrx_word' id='word_1_194' title='bbox 57 2412 143 2487; x_wconf 94' lang='lat' dir='ltr'><strong>quod</strong></span> <span class='ocrx_word' id='word_1_195' title='bbox 159 2410 261 2468; x_wconf 86' lang='lat' dir='ltr'><strong>iacere</strong></span> <span class='ocrx_word' id='word_1_196' title='bbox 274 2408 438 2483; x_wconf 88' lang='lat' dir='ltr'><strong>Pompeius</strong></span> <span class='ocrx_word' id='word_1_197' title='bbox 455 2408 596 2468; x_wconf 92' lang='lat' dir='ltr'><strong>discessu</strong></span> <span class='ocrx_word' id='word_1_198' title='bbox 611 2407 736 2466; x_wconf 92' lang='lat' dir='ltr'><strong>militum</strong></span> <span class='ocrx_word' id='word_1_199' title='bbox 751 2424 812 2467; x_wconf 90' lang='lat' dir='ltr'><strong>non</strong></span> <span class='ocrx_word' id='word_1_200' title='bbox 828 2407 933 2483; x_wconf 91' lang='lat' dir='ltr'><strong>potuit.</strong></span> 
     </span>
     <span class='ocr_line' id='line_1_28' title="bbox 141 2492 1033 2573; baseline 0.001 -21"><span class='ocrx_word' id='word_1_201' title='bbox 141 2493 285 2552; x_wconf 89' lang='lat' dir='ltr'>LXXVII.</span> <span class='ocrx_word' id='word_1_202' title='bbox 321 2492 448 2553; x_wconf 91' lang='lat' dir='ltr'><strong>Postero</strong></span> <span class='ocrx_word' id='word_1_203' title='bbox 477 2493 527 2551; x_wconf 90' lang='lat' dir='ltr'><strong>die</strong></span> <span class='ocrx_word' id='word_1_204' title='bbox 553 2494 664 2555; x_wconf 80' lang='lat' dir='ltr'><strong>Caesar</strong></span> <span class='ocrx_word' id='word_1_205' title='bbox 685 2492 828 2573; x_wconf 60' lang='lat' dir='ltr'><strong>xsimiliter</strong></span> <span class='ocrx_word' id='word_1_206' title='bbox 855 2493 1033 2568; x_wconf 89' lang='lat' dir='ltr'><strong>praemissis</strong></span> 
     </span>
     <span class='ocr_line' id='line_1_29' title="bbox 57 2576 1032 2654; baseline 0.001 -16"><span class='ocrx_word' id='word_1_207' title='bbox 57 2579 158 2654; x_wconf 79' lang='lat' dir='ltr'><strong>prtma</strong></span> <span class='ocrx_word' id='word_1_208' title='bbox 179 2583 269 2638; x_wconf 90' lang='lat' dir='ltr'><strong>nocte</strong></span> <span class='ocrx_word' id='word_1_209' title='bbox 289 2576 512 2653; x_wconf 90' lang='lat' dir='ltr'><strong>impedimentis</strong></span> <span class='ocrx_word' id='word_1_210' title='bbox 535 2578 573 2636; x_wconf 89' lang='lat' dir='ltr'><strong>de</strong></span> <span class='ocrx_word' id='word_1_211' title='bbox 596 2582 704 2651; x_wconf 86' lang='lat' dir='ltr'><strong>quarta</strong></span> <span class='ocrx_word' id='word_1_212' title='bbox 717 2576 819 2650; x_wconf 79' lang='lat' dir='ltr'><strong>vigilia</strong></span> <span class='ocrx_word' id='word_1_213' title='bbox 832 2578 900 2652; x_wconf 87' lang='lat' dir='ltr'><strong>ipse</strong></span> <span class='ocrx_word' id='word_1_214' title='bbox 915 2579 1032 2652; x_wconf 82' lang='lat' dir='ltr'><strong>egredi·</strong></span> 
     </span>
     <span class='ocr_line' id='line_1_30' title="bbox 56 2660 1029 2737; baseline 0 -13"><span class='ocrx_word' id='word_1_215' title='bbox 56 2672 120 2737; x_wconf 88' lang='lat' dir='ltr'><strong>tur,</strong></span> <span class='ocrx_word' id='word_1_216' title='bbox 136 2669 185 2736; x_wconf 87' lang='lat' dir='ltr'><strong>ut,</strong></span> <span class='ocrx_word' id='word_1_217' title='bbox 203 2662 229 2722; x_wconf 93' lang='lat' dir='ltr'><strong>si</strong></span> <span class='ocrx_word' id='word_1_218' title='bbox 246 2678 307 2737; x_wconf 86' lang='lat' dir='ltr'><strong>qua</strong></span> <span class='ocrx_word' id='word_1_219' title='bbox 320 2670 405 2722; x_wconf 91' lang='lat' dir='ltr'><strong>esset</strong></span> <span class='ocrx_word' id='word_1_220' title='bbox 419 2661 564 2736; x_wconf 87' lang='lat' dir='ltr'><strong>imposita</strong></span> <span class='ocrx_word' id='word_1_221' title='bbox 578 2660 742 2720; x_wconf 86' lang='lat' dir='ltr'><strong>dimicandi</strong></span> <span class='ocrx_word' id='word_1_222' title='bbox 757 2663 939 2735; x_wconf 88' lang='lat' dir='ltr'><strong>necessitas,</strong></span> <span class='ocrx_word' id='word_1_223' title='bbox 950 2663 1029 2725; x_wconf 86' lang='lat' dir='ltr'><strong>subi-</strong></span> 
     </span>
     <span class='ocr_line' id='line_1_31' title="bbox 59 2744 1032 2822; baseline -0.005 -10"><span class='ocrx_word' id='word_1_224' title='bbox 59 2757 124 2812; x_wconf 90' lang='lat' dir='ltr'><strong>tum</strong></span> <span class='ocrx_word' id='word_1_225' title='bbox 147 2762 254 2807; x_wconf 80' lang='lat' dir='ltr'><strong>easrrm</strong></span> <span class='ocrx_word' id='word_1_226' title='bbox 269 2747 413 2820; x_wconf 87' lang='lat' dir='ltr'><strong>expedito</strong></span> <span class='ocrx_word' id='word_1_227' title='bbox 430 2745 566 2806; x_wconf 86' lang='lat' dir='ltr'><strong>exercitu</strong></span> <span class='ocrx_word' id='word_1_228' title='bbox 579 2744 703 2805; x_wconf 89' lang='lat' dir='ltr'><strong>subiret.</strong></span> <span class='ocrx_word' id='word_1_229' title='bbox 729 2745 796 2805; x_wconf 92' lang='lat' dir='ltr'><strong>Hoc</strong></span> <span class='ocrx_word' id='word_1_230' title='bbox 810 2746 891 2806; x_wconf 90' lang='lat' dir='ltr'><strong>idem</strong></span> <span class='ocrx_word' id='word_1_231' title='bbox 905 2747 1032 2822; x_wconf 91' lang='lat' dir='ltr'><strong>reliquis</strong></span> 
     </span>
     <span class='ocr_line' id='line_1_32' title="bbox 55 2830 1031 2904; baseline -0.002 -11"><span class='ocrx_word' id='word_1_232' title='bbox 55 2833 129 2893; x_wconf 85' lang='lat' dir='ltr'><strong>iecit</strong></span> <span class='ocrx_word' id='word_1_233' title='bbox 149 2830 270 2890; x_wconf 90' lang='lat' dir='ltr'><strong>diebus.</strong></span> <span class='ocrx_word' id='word_1_234' title='bbox 301 2831 415 2904; x_wconf 84' lang='lat' dir='ltr'><strong>Quibus</strong></span> <span class='ocrx_word' id='word_1_235' title='bbox 437 2831 531 2890; x_wconf 91' lang='lat' dir='ltr'><strong>rebus</strong></span> <span class='ocrx_word' id='word_1_236' title='bbox 553 2831 722 2904; x_wconf 86' lang='lat' dir='ltr'><strong>perlectum</strong></span> <span class='ocrx_word' id='word_1_237' title='bbox 744 2836 804 2904; x_wconf 88' lang='lat' dir='ltr'><strong>est,</strong></span> <span class='ocrx_word' id='word_1_238' title='bbox 829 2838 863 2890; x_wconf 91' lang='lat' dir='ltr'><strong>ut</strong></span> <span class='ocrx_word' id='word_1_239' title='bbox 876 2832 1031 2891; x_wconf 89' lang='lat' dir='ltr'><strong>altissimis</strong></span> 
     </span>
     <span class='ocr_line' id='line_1_33' title="bbox 55 2913 1032 2991; baseline -0.002 -14"><span class='ocrx_word' id='word_1_240' title='bbox 55 2914 235 2977; x_wconf 86' lang='lat' dir='ltr'><strong>fluminibus</strong></span> <span class='ocrx_word' id='word_1_241' title='bbox 247 2915 584 2991; x_wconf 88' lang='lat' dir='ltr'><strong>atqueimpeditissimis</strong></span> <span class='ocrx_word' id='word_1_242' title='bbox 593 2913 871 2974; x_wconf 89' lang='lat' dir='ltr'><strong>itineribnsnullum</strong></span> <span class='ocrx_word' id='word_1_243' title='bbox 880 2915 1032 2991; x_wconf 80' lang='lat' dir='ltr'><strong>achperet</strong></span> 
     </span>
     <span class='ocr_line' id='line_1_34' title="bbox 56 2998 1059 3075; baseline -0.009 -11"><span class='ocrx_word' id='word_1_244' title='bbox 56 2999 292 3063; x_wconf 81' lang='lat' dir='ltr'><strong>Incommodum.</strong></span> <span class='ocrx_word' id='word_1_245' title='bbox 321 2999 484 3075; x_wconf 89' lang='lat' dir='ltr'><strong>Pompeius</strong></span> <span class='ocrx_word' id='word_1_246' title='bbox 500 3000 579 3060; x_wconf 92' lang='lat' dir='ltr'><strong>enim</strong></span> <span class='ocrx_word' id='word_1_247' title='bbox 594 2999 682 3074; x_wconf 92' lang='lat' dir='ltr'><strong>primi</strong></span> <span class='ocrx_word' id='word_1_248' title='bbox 704 2998 763 3058; x_wconf 93' lang='lat' dir='ltr'><strong>diei</strong></span> <span class='ocrx_word' id='word_1_249' title='bbox 783 3015 870 3059; x_wconf 86' lang='lat' dir='ltr'><strong>mora</strong></span> <span class='ocrx_word' id='word_1_250' title='bbox 889 3000 982 3060; x_wconf 87' lang='lat' dir='ltr'><strong>inlata</strong></span> <span class='ocrx_word' id='word_1_251' title='bbox 1002 3007 1032 3060; x_wconf 90' lang='lat' dir='ltr'><strong>et</strong></span> <span class='ocrx_word' id='word_1_252' title='bbox 1057 3050 1059 3055; x_wconf 89' lang='lat'><em>.</em></span> 
     </span>
     <span class='ocr_line' id='line_1_35' title="bbox 56 3084 1056 3167; baseline -0.005 -19"><span class='ocrx_word' id='word_1_253' title='bbox 56 3087 246 3162; x_wconf 85' lang='lat' dir='ltr'><strong>reliquorum</strong></span> <span class='ocrx_word' id='word_1_254' title='bbox 268 3084 384 3144; x_wconf 88' lang='lat' dir='ltr'><strong>dierum</strong></span> <span class='ocrx_word' id='word_1_255' title='bbox 407 3087 519 3146; x_wconf 88' lang='lat' dir='ltr'><strong>lrustra</strong></span> <span class='ocrx_word' id='word_1_256' title='bbox 532 3085 638 3144; x_wconf 87' lang='lat' dir='ltr'><strong>labore</strong></span> <span class='ocrx_word' id='word_1_257' title='bbox 663 3090 809 3167; x_wconf 84' lang='lat' dir='ltr'><strong>suscepto</strong></span> <span class='ocrx_word' id='word_1_258' title='bbox 835 3099 903 3144; x_wconf 90' lang='lat' dir='ltr'><strong>eum</strong></span> <span class='ocrx_word' id='word_1_259' title='bbox 918 3099 954 3144; x_wconf 92' lang='lat' dir='ltr'><strong>se</strong></span> <span class='ocrx_word' id='word_1_260' title='bbox 967 3099 1030 3143; x_wconf 86' lang='lat' dir='ltr'><strong>ma·</strong></span> <span class='ocrx_word' id='word_1_261' title='bbox 1053 3153 1056 3163; x_wconf 33' lang='grc' dir='ltr'>Ι</span> 
     </span>
     <span class='ocr_line' id='line_1_36' title="bbox 56 3167 1124 3249; baseline 0.001 -19"><span class='ocrx_word' id='word_1_262' title='bbox 56 3170 123 3247; x_wconf 76' lang='lat' dir='ltr'><strong>gnis</strong></span> <span class='ocrx_word' id='word_1_263' title='bbox 144 3167 304 3230; x_wconf 88' lang='lat' dir='ltr'><strong>itineribus</strong></span> <span class='ocrx_word' id='word_1_264' title='bbox 320 3170 498 3230; x_wconf 89' lang='lat' dir='ltr'><strong>extenderet</strong></span> <span class='ocrx_word' id='word_1_265' title='bbox 512 3176 543 3229; x_wconf 90' lang='lat' dir='ltr'><strong>et</strong></span> <span class='ocrx_word' id='word_1_266' title='bbox 557 3183 759 3244; x_wconf 80' lang='lat' dir='ltr'><strong>praegressos</strong></span> <span class='ocrx_word' id='word_1_267' title='bbox 775 3169 923 3244; x_wconf 89' lang='lat' dir='ltr'><strong>consequi</strong></span> <span class='ocrx_word' id='word_1_268' title='bbox 938 3183 1027 3245; x_wconf 84' lang='lat' dir='ltr'><strong>cupe-</strong></span> <span class='ocrx_word' id='word_1_269' title='bbox 1121 3200 1124 3249; x_wconf 73' lang='lat'>;</span> 
     </span>
    </p>
   </div>
   <div class='ocr_carea' id='block_1_3' title="bbox 56 3252 1124 3412">
    <p class='ocr_par' dir='ltr' id='par_1_3' title="bbox 56 3252 1124 3412">
     <span class='ocr_line' id='line_1_37' title="bbox 56 3252 1124 3332; baseline -0.004 -16"><span class='ocrx_word' id='word_1_270' title='bbox 56 3264 109 3330; x_wconf 75' lang='lat' dir='ltr'><strong>ret</strong></span> <span class='ocrx_word' id='word_1_271' title='bbox 126 3259 237 3332; x_wconf 84' lang='lat' dir='ltr'><strong>quarto</strong></span> <span class='ocrx_word' id='word_1_272' title='bbox 253 3253 303 3313; x_wconf 89' lang='lat' dir='ltr'><strong>die</strong></span> <span class='ocrx_word' id='word_1_273' title='bbox 319 3254 410 3314; x_wconf 87' lang='lat' dir='ltr'><strong>finem</strong></span> <span class='ocrx_word' id='word_1_274' title='bbox 429 3254 579 3330; x_wconf 88' lang='lat' dir='ltr'><strong>sequendi</strong></span> <span class='ocrx_word' id='word_1_275' title='bbox 595 3253 666 3314; x_wconf 89' lang='lat' dir='ltr'><strong>lecit</strong></span> <span class='ocrx_word' id='word_1_276' title='bbox 680 3256 773 3328; x_wconf 87' lang='lat' dir='ltr'><strong>atque</strong></span> <span class='ocrx_word' id='word_1_277' title='bbox 786 3253 869 3314; x_wconf 85' lang='lat' dir='ltr'><strong>aliud</strong></span> <span class='ocrx_word' id='word_1_278' title='bbox 883 3252 941 3314; x_wconf 91' lang='lat' dir='ltr'><strong>sibi</strong></span> <span class='ocrx_word' id='word_1_279' title='bbox 956 3268 1027 3314; x_wconf 47' lang='lat' dir='ltr'><strong>cou‘</strong></span> <span class='ocrx_word' id='word_1_280' title='bbox 1119 3268 1124 3329; x_wconf 77' lang='grc'><strong>,·</strong></span> 
     </span>
     <span class='ocr_line' id='line_1_38' title="bbox 57 3338 1124 3412; baseline -0.009 -10"><span class='ocrx_word' id='word_1_281' title='bbox 57 3341 156 3402; x_wconf 87' lang='lat' dir='ltr'><strong>silium</strong></span> <span class='ocrx_word' id='word_1_282' title='bbox 171 3338 356 3412; x_wconf 84' lang='lat' dir='ltr'><strong>capiendum</strong></span> <span class='ocrx_word' id='word_1_283' title='bbox 372 3339 565 3399; x_wconf 87' lang='lat' dir='ltr'><strong>existimavit.</strong></span> <span class='ocrx_word' id='word_1_284' title='bbox 1122 3340 1124 3345; x_wconf 84' lang='lat'>&#39;</span> 
     </span>
    </p>
   </div>
   <div class='ocr_carea' id='block_1_4' title="bbox 137 3421 1030 3507">
    <p class='ocr_par' dir='ltr' id='par_1_4' title="bbox 137 3421 1030 3507">
     <span class='ocr_line' id='line_1_39' title="bbox 137 3421 1030 3507; baseline 0.007 -26"><span class='ocrx_word' id='word_1_285' title='bbox 137 3422 298 3489; x_wconf 80' lang='lat' dir='ltr'><strong>LXXVIII.</strong></span> <span class='ocrx_word' id='word_1_286' title='bbox 320 3423 444 3486; x_wconf 81' lang='lat' dir='ltr'><strong>caesari</strong></span> <span class='ocrx_word' id='word_1_287' title='bbox 464 3426 505 3489; x_wconf 90' lang='lat' dir='ltr'><strong>ad</strong></span> <span class='ocrx_word' id='word_1_288' title='bbox 525 3424 648 3485; x_wconf 87' lang='lat' dir='ltr'><strong>saucios</strong></span> <span class='ocrx_word' id='word_1_289' title='bbox 669 3423 888 3505; x_wconf 86' lang='lat' dir='ltr'><strong>deponendos,</strong></span> <span class='ocrx_word' id='word_1_290' title='bbox 914 3421 1030 3507; x_wconf 72' lang='lat' dir='ltr'><strong>stipent·¹</strong></span> 
     </span>
    </p>
   </div>
   <div class='ocr_carea' id='block_1_5' title="bbox 0 0 1140 4176">
    <p class='ocr_par' dir='ltr' id='par_1_5' title="bbox 0 0 1140 4176">
     <span class='ocr_line' id='line_1_40' title="bbox 0 0 1140 4176; baseline 0 2"><span class='ocrx_word' id='word_1_291' title='bbox 0 0 1140 4176; x_wconf 95' lang='lat' dir='ltr'><strong> </strong></span> 
     </span>
    </p>
   </div>
  </div>
 </body>
</html>
