2272 4176
281 214 324 255 nn
342 213 444 255 nunno
463 213 664 256 rvcvnnnrno
688 213 714 256 c.
737 206 780 257 24.
802 207 843 258 25.
1011 197 1050 257 53

71 370 118 424 est
137 361 272 430 relicum,
291 363 348 421 nisi
365 364 408 421 vis
421 368 527 430 vostra,
551 379 609 440 quo
625 359 736 421 moveri
752 362 860 439 possit?
902 362 975 422 Nam
996 378 1078 438 egon

72 447 193 527 quidem
212 444 326 513 vellem,
348 452 377 505 et
398 445 471 505 haec
493 462 568 522 quae
585 444 697 521 scripsi,
715 449 743 505 et
757 442 804 503 illa
825 463 899 523 quae
914 454 998 509 antea
1021 452 1050 510 in

70 535 176 591 senatu
201 535 320 607 questus
333 546 413 596 sum,
432 544 505 587 vana
519 527 615 589 forent
636 529 836 607 potiusquam
853 532 968 591 miseria
986 549 1050 593 mea

70 614 161 674 ddem
189 610 286 671 verbis
306 610 425 672 laceret.
474 611 525 672 Set
546 613 684 690 quoniam
705 629 740 672 eo
761 618 937 681 natussum,
956 615 1093 684 ullu-10

54 695 200 775 §gurtbae
220 693 366 755 scelerum
386 696 513 757 ostentui
530 712 642 763 essem,
664 696 796 755 uoniam
809 705 933 757 mortem
955 715 1051 776 neque

68 794 238 848 aerumnas,
260 784 374 838 tautum
387 774 475 839 inodo
489 779 598 837 inimici
612 778 759 855 inperium
773 784 802 838 et
823 782 969 842 cruciatus
985 800 1050 841 cor·

66 864 152 941 poris
175 860 328 937 deprecor.
370 859 473 937 Regno
494 858 662 930 Numidiae,
684 860 762 938 quod
782 868 912 924 rostrum
931 871 987 932 est,
1008 867 1051 925 uti

65 945 163 1015 lubet,
187 942 343 1004 consulite:
359 961 407 1004 me
421 943 556 1004 manibus
569 944 654 1021 inpiis
670 945 780 1021 eripite,
802 962 856 1023 per
871 949 1051 1008 maiestatem

65 1029 180 1107 inperi,
200 1028 254 1105 pe'r
274 1027 416 1088 amicitiae
436 1026 533 1094 tidem,
553 1028 578 1086 si
596 1024 655 1087 ulla
676 1026 755 1104 apud
776 1046 828 1087 vos
841 1033 982 1091 memoria
1002 1050 1051 1091 re·

21 1112 236 1173 commetavi
258 1110 315 1170 mei
336 1108 521 1170 Masinissae!

154 1194 207 1255 llis
233 1193 337 1253 litteris
364 1194 492 1253 recitatis
513 1193 596 1254 luere
618 1195 668 1271 qui
689 1195 850 1255 exercitum
871 1196 901 1255 in
922 1195 1050 1257 Africam
1059 1198 1100 1260 25

53 1276 246 1340 ¹mittendum
273 1283 428 1337 censerent
456 1282 486 1336 et
513 1294 601 1354 quam
622 1278 748 1353 primum
768 1277 927 1341 Adherbali
944 1279 1050 1341 subve-

64 1360 229 1428 niundum,
252 1359 289 1420 de
310 1358 451 1436 Iugurtha
472 1361 589 1419 interim
611 1362 653 1419 uti
674 1360 893 1429 consuleretur,
913 1365 1050 1441 quoniam

62 1446 172 1523 legatis
192 1460 252 1503 nou
273 1444 427 1520 paruisset.
451 1442 501 1503 Set
519 1442 556 1502 ab
579 1441 689 1502 eisdem
710 1441 766 1502 illis
786 1446 865 1519 regis
887 1445 1075 1507 fautoribus2

10 1538 184 1591 lassumma
205 1543 261 1604 ope
283 1529 409 1594 enisum,
431 1544 469 1587 ue
490 1524 548 1587 tale
566 1525 717 1586 decretum
737 1526 829 1586 heret.
874 1526 916 1586 lta
937 1527 1074 1590 bonum3

62 1611 229 1692 publicum,
246 1616 280 1669 ut
300 1612 329 1670 in
351 1608 498 1689 plerisque
519 1610 643 1686 negotiis
664 1608 746 1677 solet,
766 1611 876 1686 privata
890 1614 982 1688 gratia
998 1613 1048 1672 de·

63 1698 187 1757 victum.
213 1693 361 1772 legantur
378 1700 476 1753 tamen
496 1695 525 1753 in
539 1693 666 1753 Africam
678 1694 804 1753 maiores
825 1701 903 1761 natu,
925 1693 1074 1761 nobilest

63 1774 172 1855 amplis
192 1775 354 1837 honoribus
375 1777 435 1843 usi,
464 1778 494 1837 in
517 1777 581 1855 quis
609 1776 663 1836 luit
687 1775 725 1839 hl.
754 1775 898 1845 Scaurus,
929 1777 965 1837 de
992 1797 1049 1857 quc

63 1878 158 1941 supra
178 1861 418 1927 memoravimus,
447 1858 608 1920 consularis
629 1865 659 1919 et
684 1866 745 1919 tum
765 1867 882 1920 senatus
903 1863 1049 1939 princepe.

10 1945 110 2013 tolli,
135 1943 215 2022 quod
227 1961 276 2005 res
290 1945 319 2005 in
341 1942 446 2003 invidia
461 1950 524 2003 erat
543 1942 629 2004 simul
647 1950 676 2003 et
693 1943 729 2002 ab
745 1942 877 2005 Numidis
893 1943 1073 2015 obsecratis

62 2027 166 2089 triduo
187 2029 282 2087 navim
306 2026 474 2095 ascendere,
497 2026 564 2087 dein
578 2026 661 2087 brevi
679 2027 791 2089 Uticam
808 2025 921 2104 adpulsi
939 2027 1049 2089 litteras

64 2112 104 2175 ad
128 2109 301 2189 iugurtham
322 2112 449 2177 mittunt,
472 2127 560 2188 quam
581 2112 725 2171 ocissume
746 2110 782 2171 ad
800 2113 977 2188 provinciam
998 2112 1048 2172 ad·

65 2194 162 2263 cedat,
183 2210 273 2272 seque
288 2194 325 2254 ed
340 2210 408 2254 eum
423 2193 459 2253 ab
476 2200 578 2254 senatu
592 2195 705 2254 missos.
737 2193 788 2255 Ille
802 2193 854 2254 ubi
868 2197 980 2271 aceepit
994 2195 1074 2259 hou

24 2324 41 2331 -.
62 2280 161 2339 mines
173 2276 277 2347 claros,
293 2294 419 2356 macrum
430 2278 632 2338 auctoritatem
642 2276 752 2338 Romae
765 2276 875 2356 pollere
889 2278 1047 2348 audiverat,

10 2360 54 2427 'us
64 2367 169 2423 contra
181 2362 329 2439 inceptum
341 2377 428 2420 suum
438 2361 560 2428 venisse,
575 2362 671 2438 primo
687 2367 850 2429 conmotus,
866 2368 946 2422 metu
961 2369 1048 2441 atque

62 2444 195 2507 lubidine
213 2444 345 2505 divorsus
360 2442 538 2521 agitabatur:
561 2443 683 2504 timebat
698 2446 773 2505 iram
792 2451 923 2512 senatus,
946 2448 977 2504 ni
998 2461 1076 2522 par

63 2531 172 2591 ruisset
192 2526 308 2604 legatis:
329 2544 419 2605 porro
437 2528 550 2587 animus
570 2527 826 2604 cupidine-caecus
841 2528 877 2587 ad
899 2528 1048 2604 inceptum

10 2622 29 2681 ζ.
63 2611 161 2674 scelus
183 2610 362 2688 rapiebatur.
405 2608 479 2670 Vicit
500 2616 598 2671 tamen
619 2612 648 2669 in
678 2611 761 2670 avido
788 2613 904 2688 ingenio
927 2629 1074 2688 prarome
1128 2648 1132 2653 -

10 2762 13 2767 ,
63 2695 229 2757 consilium.
280 2693 372 2773 lgitur
399 2696 529 2755 exercitu
557 2694 737 2755 circumdato
757 2712 870 2755 summa
889 2696 916 2753 vi
938 2693 1073 2763 Cirtame

10 2780 234 2858 guinrumpere
255 2778 370 2846 nititur,
390 2795 525 2838 maxume
542 2795 665 2855 sperans
682 2777 799 2839 diducta
814 2795 903 2838 manu
918 2777 1047 2838 hostium

10 2861 29 2935 ἶ
58 2870 111 2927 aut
133 2864 162 2924 vi
183 2868 234 2922 aut
260 2861 334 2922 dolis
356 2878 420 2922 sese
442 2879 542 2922 casum
562 2862 700 2922 victoriae
720 2862 918 2923 inventurum.
962 2859 1047 2929 Quod
1058 2873 1090 2924 10

10 2952 31 3018 ‚‘
55 2948 113 3011 ubi
128 2962 214 3008 secus
228 2945 371 3023 procedit,
386 2963 482 3024 neque
502 2945 580 3024 quod
593 2945 758 3007 intenderat
772 2944 889 3006 efficere
905 2951 1002 3022 potest
1015 2952 1049 3005 ut

10 3037 18 3095 ἶ
53 3033 145 3105 prius
160 3046 249 3110 quam
264 3028 374 3107 legatos
393 3030 562 3090 conveniret
572 3028 745 3090 Adherbalis
762 3030 916 3107 potiretur,
932 3046 969 3088 ne
985 3046 1047 3088 am·

10 3170 13 3178 .
47 3116 139 3195 plius
165 3112 309 3179 morando
336 3111 495 3180 Scaurum,
516 3130 604 3191 quem
626 3113 795 3190 plurumum
818 3111 979 3181 metuebat,
1003 3114 1047 3171 in·

10 3196 31 3239 ³
50 3198 212 3264 uenderet,
237 3213 304 3256 cum
326 3196 428 3274 paucis
449 3194 594 3274 equitibus
616 3198 647 3256 in
669 3197 848 3274 provinciam
870 3198 956 3255 venit.
1005 3196 1046 3255 hc
1059 3204 1088 3255 11

15 3292 26 3297 “’
42 3282 176 3349 tametsi
192 3281 286 3340 senati
306 3279 403 3341 verbis
421 3295 524 3355 graves
545 3281 642 3340 minae
661 3278 885 3348 nuntiabantur,
913 3279 992 3358 quod
1010 3278 1046 3339 ab

44 3363 283 3447 obpugnatione
311 3381 378 3445 non·
394 3364 560 3432 desisteret,
589 3362 680 3424 multa
702 3369 800 3424 tamen
822 3364 953 3424 oratioue
976 3380 1046 3424 con-

15 3456 178 3531 ..sumpta
197 3446 289 3523 legati
306 3448 416 3509 frustm
438 3448 606 3509 discessere.
