2272 4176
338 200 394 323 Ι
420 324 423 329 .
878 33 1127 426 ἯΙΙ

1118 420 1125 435 t

135 496 197 563 356
443 492 603 557 BELLUM
619 492 672 555 AF
671 490 798 555 RICAE.

134 651 354 729 imponebatur,
366 650 484 726 equites
496 654 597 709 autem
607 646 637 705 in
649 646 816 709 onerarias.
830 647 1097 727 ltamaiorempar·

133 750 193 799 tem
208 736 329 798 navium
350 735 531 796 antecedere
550 732 639 792 iussit
659 740 688 792 et
707 731 837 792 insulam
851 740 956 809 petere
969 735 1096 810 Aponia-

134 839 212 898 nam,
221 814 596 897 quaeabestaLilybaee*
609 817 677 891 ipse
689 833 797 892 parum
808 823 1014 879 commoratus
1025 819 1096 881 bom

133 923 302 984 paucorum
317 904 439 979 publice
450 903 563 973 vendit,
581 901 691 960 deinde
705 901 975 978 Alienopraetori,
993 903 1043 980 qui
1057 902 1095 965 Si·

135 993 233 1052 ciliam
248 988 417 1060 obtinebat,
446 987 484 1046 de
506 985 646 1048 omnibus
660 985 754 1045 rebus
769 986 922 1062 praecipit
939 992 970 1047 et
984 988 1023 1048 de
1036 989 1094 1048 reli-

134 1093 194 1153 quo
217 1074 350 1136 exercitu
373 1072 510 1131 celeriter
529 1070 715 1145 inponendo.
750 1070 835 1130 Datis
860 1071 1013 1133 mandatis
1037 1073 1094 1148 ipse

133 1176 240 1221 navem
257 1157 434 1220 conscendit
449 1172 475 1215 a.
489 1157 561 1215 d.v1
576 1154 642 1213 Kal.
657 1154 719 1212 lan.
738 1163 768 1214 et
780 1153 918 1231 reliquas
934 1172 1029 1216 naves
1043 1164 1093 1217 sta·

132 1248 184 1307 tim
191 1251 237 1305 est
245 1248 438 1304 consecutus.
452 1240 496 1300 lta
505 1244 596 1298 vento
605 1245 686 1298 certo
696 1239 850 1314 celerique
861 1240 985 1314 navigio
999 1248 1092 1301 vectus

132 1336 204 1408 post
225 1329 304 1388 diem
331 1333 469 1401 quartum
496 1340 564 1384 eum
586 1323 685 1397 longis
706 1323 813 1397 paucis
834 1325 967 1385 navibus
988 1326 1018 1385 in
1032 1341 1091 1386 con-

133 1422 272 1492 spectum
288 1411 411 1471 Africae
425 1409 522 1468 venit:
544 1423 676 1482 namque
691 1408 849 1468 onerariae
864 1409 1003 1485 reliquae
1016 1426 1090 1485 prae—

132 1508 177 1560 ter
192 1513 307 1573 paucas
324 1502 412 1554 vento
426 1494 585 1568 dispersae
597 1498 688 1566 atque
700 1492 891 1553 errabundae
903 1493 1026 1554 diversa
1036 1496 1090 1554 loca

133 1584 291 1659 petierunt.
325 1580 467 1652 Clupeam
490 1578 589 1637 classe
611 1575 866 1651 praetermititur,
892 1577 963 1637 dein
985 1579 1088 1655 Neapo-

133 1669 200 1736 lim;
227 1666 384 1738 complura
403 1667 562 1737 practerea
583 1661 708 1720 castella
729 1668 758 1719 et
773 1662 888 1736 oppida
903 1679 965 1722 non
981 1665 1087 1739 longer

135 1751 208 1811 mari
222 1747 352 1823 reliquit.

215 1834 264 1893 ΙΙΙ.
287 1832 452 1906 Postquam
467 1830 665 1890 Adrumetum
680 1829 825 1901 accessit,
848 1830 901 1890 ubi
916 1832 1086 1907 praesidium

133 1927 198 1979 erat
212 1917 469 1986 adversariorum,
493 1916 541 1975 cui
558 1920 699 1990 praeerat
713 1913 744 1972 C.
763 1914 944 1992 Considius,
960 1926 990 1977 et
1003 1933 1021 1976 a
1034 1917 1084 1977 Clu·

134 2005 200 2079 peis
222 2003 390 2062 seeundum
413 2016 496 2060 oram
517 2000 704 2059 maritumam
720 2014 788 2059 cum
802 2000 941 2075 equitatu
954 2002 1083 2062 Adruttte

134 2098 194 2150 tum
203 2086 341 2159 CnPiso,
359 2084 604 2144 cumlilaurorum
617 2082 735 2142 circiter
750 2084 845 2144 tribus
860 2085 993 2157 milibus
1009 2102 1083 2161 appa·

134 2175 205 2245 ruit,
220 2172 260 2233 ibi
277 2172 433 2247 paulisper
448 2171 559 2229 Caesar
574 2176 642 2228 ante
658 2175 777 2242 portum
793 2178 1015 2245 commoratus,
1030 2172 1083 2230 dun

132 2258 268 2332 reliquae
284 2272 377 2316 naves
393 2254 597 2327 convenirent,
614 2253 740 2327 exponit
753 2254 929 2328 exercitum,
947 2257 1031 2317 cuius
1044 2272 1084 2314 nu·

132 2358 233 2401 merus
250 2343 278 2400 in
294 2340 466 2416 praesentio
484 2339 538 2399 luit
552 2338 687 2414 peditum
702 2354 737 2395 111
751 2339 840 2409 milia,
860 2340 980 2415 equites
996 2357 1035 2413 aa,
1049 2356 1081 2399 m·

133 2427 265 2500 atrisque
292 2432 360 2484 ante
387 2424 532 2499 oppidum
559 2422 666 2499 positis
693 2420 759 2481 sinc
785 2422 895 2483 iniuria
922 2425 1085 2502 cuiusquam

134 2510 272 2572 consedit
293 2509 474 2583 cohibetque
496 2524 600 2569 omnes
623 2522 641 2565 a
661 2507 785 2581 praeda.
818 2506 973 2582 Oppidani
988 2510 1086 2571 interim

134 2611 236 2655 muros
253 2595 373 2653 armatis
390 2594 556 2667 complent,
583 2598 652 2651 ante
672 2598 792 2666 portam
808 2592 988 2667 frequentes
1003 2594 1086 2657 eonsi-
1131 2596 1133 2645 ἶ

133 2682 208 2739 dunt
223 2678 262 2738 ad
277 2694 311 2737 se
327 2677 568 2746 detendendun13
596 2692 725 2751 quorum
748 2692 893 2737 numerus
916 2678 1044 2740 duarum
1056 2680 1087 2737 le·

133 2765 256 2839 giorum
271 2762 350 2822 intus
366 2769 438 2822 erat.
456 2761 567 2821 Caesar
584 2761 696 2821 circum
711 2760 858 2835 oppidum
872 2771 983 2825 vectus
999 2774 1088 2825 natura

132 2849 191 2908 loci
206 2854 369 2924 perspecta
389 2847 478 2906 rediit
492 2847 520 2905 in
538 2853 645 2906 eastra.
678 2845 834 2904 Nounemo
851 2848 965 2922 culpae
981 2851 1043 2911 eius
1056 2850 1089 2908 in·

133 2933 373 3009 prudentiaeque
388 2930 575 3006 adsignabat
593 2930 676 3006 quod
690 2945 790 3005 neque
806 2938 923 2992 certum
938 2934 1038 2995 locum
1048 2951 1091 3009 gu·

131 3017 342 3077 bernatoribus
358 3016 595 3091 praefectisque,
619 3030 708 3090 quem
725 3020 874 3089 peterent,
893 3026 1091 3096 praeceperat,

132 3118 246 3177 neque,
263 3108 295 3160 ut
310 3116 394 3160 more
409 3100 507 3174 ipsius
524 3100 712 3160 consuetudo
729 3098 943 3173 superioribus
961 3104 1081 3180 tempori
1127 3138 1133 3159 .

131 3187 189 3246 bus
205 3188 315 3256 luerat,
342 3185 469 3244 tabellas
485 3185 619 3257 signatas
635 3184 775 3253 dederat,
804 3190 837 3243 ut
851 3184 882 3243 in
901 3192 1041 3262 tempore
1054 3187 1092 3251 itit

131 3272 273 3346 perlectis
295 3271 394 3328 locum
413 3276 526 3329 certum
548 3275 685 3343 peterent
705 3267 850 3328 universi.
878 3270 970 3344 Quod
985 3274 1093 3334 minime

132 3357 292 3416 Caesarem
307 3354 463 3413 letcllerat.
491 3353 628 3429 Namque
643 3356 757 3413 nullum
773 3360 896 3426 portum
910 3362 1012 3417 terrae
1025 3356 1093 3416 Airi-

133 3456 194 3513 cae,
212 3456 273 3514 quo
290 3440 406 3497 classes
424 3440 627 3511 decurrerent,
645 3455 699 3513 pro
716 3445 797 3496 certo
813 3443 911 3500 tutum
923 3441 962 3501 ab
973 3441 1093 3503 hostium

132 3524 284 3601 praesidio
300 3524 366 3583 lore
378 3522 597 3598 suspicabatur,
614 3524 670 3583 sed
685 3522 806 3582 fortuito
818 3524 955 3585 oblatam
968 3526 1094 3589 occasio-

132 3625 199 3668 nem
214 3623 359 3683 egressus
372 3607 588 3683 aucupabatur.

214 3693 265 3750 lv.
287 3693 319 3750 L.
341 3692 470 3753 Plancus
488 3693 605 3752 interim
626 3694 743 3767 legatus
758 3693 834 3768 petit
849 3710 869 3754 a
884 3694 1033 3769 Caesare,
1060 3692 1094 3756 uti

133 3775 189 3836 sibi
207 3775 292 3837 daret
304 3783 484 3852 potestatem
501 3793 569 3836 cum
585 3776 728 3839 Considio
743 3778 869 3853 agendi,
886 3779 913 3841 si
928 3788 1038 3856 posset
1050 3776 1094 3839 ali·
