2272 4176
437 194 552 257 LIBER
572 196 651 256 vill.
969 190 1031 260 1ss

60 358 201 431 spectum
213 348 352 411 boetium
364 348 496 409 veniunt.
526 348 641 447 Quibus
656 347 732 409 tisis
746 351 908 423 perculsae
922 348 1030 435 barba·

10 443 15 456 '
60 450 162 497 rorum
175 442 298 497 turmae
311 449 349 493 ac
362 434 540 509 perterritae
553 434 636 495 acies
646 433 779 495 bostium
791 434 986 509 perturbato
977 450 1031 495 rm·

61 520 306 599 pedimentornm
325 516 446 593 amine
466 534 576 593 magno
593 521 725 581 clamore
741 518 946 617 discursuque
960 535 1030 594 pes·

61 605 115 667 elin
128 605 225 681 rugae
240 618 277 664 se
289 601 445 663 mandent.
473 604 514 663 At
528 603 624 664 nostri
639 603 769 681 equites,
786 604 839 681 qui
854 606 946 681 paule
962 612 1031 664 ante

62 705 126 751 enm
139 688 362 750 resistentibus
383 687 549 748 fortissime
570 688 787 766 conflixerant,
812 690 925 751 laetitia
937 688 1031 749 victo·

61 774 120 837 riae
133 775 210 835 elati
223 788 335 849 magno
349 772 485 848 undique
501 776 633 835 clamore
647 775 767 836 sublato
784 774 961 835 cedentibus
977 773 1031 833 cir-

63 859 204 933 cumfusi,
221 865 366 934 quanttun
380 873 529 933 equorum
544 859 625 919 vires
641 860 680 919 ad
694 860 943 936 persequendum
959 858 1031 918 dex-

62 952 188 1021 traeque
203 943 243 1003 ad
260 943 448 1004 caedendum
464 945 579 1018 valent,
604 951 721 1006 tantum
735 960 772 1005 eo
788 944 905 1021 proelio
920 943 1032 1003 interli-

63 1028 151 1089 cinnt.
191 1029 302 1103 itaque
326 1028 456 1103 amplius
481 1028 601 1089 milibus
628 1044 674 1088 x11
699 1037 751 1090 aut
775 1037 959 1091 armatorum
982 1034 1033 1089 aut

62 1126 181 1189 eorum,
212 1113 266 1188 qui
290 1127 328 1173 eo
351 1119 490 1187 tempore
515 1128 599 1172 arma
623 1114 831 1191 proiecerant,
866 1112 1033 1175 interiectis

64 1198 159 1259 omnis
173 1197 337 1258 multitudo
352 1199 471 1273 eapitur
485 1197 779 1272 impedimentorum.

139 1320 236 1385 XXX.
260 1322 326 1397 Qua
346 1338 386 1383 cx
400 1324 473 1399 luga
487 1339 554 1384 cum
571 1332 726 1387 constaret
739 1327 925 1401 Drappetem
937 1325 1031 1385 Seno·

65 1422 138 1483 nem,
148 1439 194 1452 —
207 1407 269 1483 qui,
283 1414 316 1468 ut
326 1408 457 1483 primum
469 1409 735 1485 deieceratGullia,
749 1411 884 1472 collectis
896 1410 1032 1485 undique

66 1492 189 1567 perditis
203 1490 386 1568 homnibus,
402 1493 500 1552 servis
516 1493 555 1552 ad
569 1494 737 1554 libertatem
750 1496 877 1569 vocatia,
892 1495 1032 1554 exulibus

65 1578 198 1637 omnium
225 1576 378 1637 civitatum
405 1577 526 1651 ascitis,
551 1579 685 1654 receptis
711 1580 880 1641 latronibus
905 1577 1031 1653 impedi·

65 1669 162 1721 mente
188 1668 220 1721 et
244 1668 432 1722 commeatus
457 1662 666 1723 Romanorum
691 1663 895 1738 interceperat
914 1677 1032 1721 ——non

10 1750 12 1755 '
66 1745 193 1822 amplius
209 1744 366 1805 hominum
380 1745 501 1806 milibus
517 1761 556 1805 ex
571 1748 644 1821 luga
660 1749 795 1823 quinque
811 1747 946 1808 collectis
961 1761 1032 1821 pro-

66 1830 193 1891 vinciam
215 1837 321 1905 petere
341 1846 464 1905 unaque
479 1831 641 1891 consilium
656 1848 725 1892 cum
740 1848 776 1892 co
792 1830 964 1892 Lucterium
979 1830 1032 1890 Ca·

66 1914 190 1975 ιίιιιιιιιιι
207 1915 339 1989 cepisse,
355 1930 446 1989 quem
462 1915 623 1991 superiore
638 1917 854 1978 commentario
870 1915 968 1990 prima
981 1914 1033 1974 de·

65 1999 196 2059 lectione
218 1999 334 2058 Galliae
354 1999 455 2058 lacere
477 2000 506 2059 in
528 2001 718 2074 provinciam
737 2001 874 2062 voluisse
889 2000 1034 2074 impetum

66 2082 217 2159 cognitum
232 2090 288 2157 est,
305 2082 448 2143 Caninius
462 2086 581 2158 legatus
597 2102 665 2145 cum
680 2086 851 2160 legionibus
863 2084 983 2145 duabus
995 2084 1035 2144 ad

65 2182 115 2229 eos
142 2168 382 2245 persequendos
399 2169 567 2244 contendit,
593 2185 632 2229 ne
654 2170 833 2230 detrimento
855 2177 908 2229 out
927 2168 1035 2229 timore

10 2256 30 2340 ',
64 2252 240 2327 provinciae
260 2267 372 2328 magna
391 2253 515 2313 infamia
535 2255 725 2330 perditorum
744 2256 900 2317 hominurn
914 2253 1033 2315 latroci-

10 2340 38 2408 '·,
64 2338 117 2399 uiis
132 2343 309 2414 caperetur.

10 2662 32 2808 ll

11 2769 34 2882 ξ

140 2462 251 2525 xxxi.
265 2463 357 2523 Gaius
364 2463 475 2524 Fabius
492 2481 560 2524 cum
571 2464 689 2540 reliquo
702 2465 838 2525 exercitu
849 2465 1034 2524 incarnutes

66 2558 247 2624 ceterasque
271 2548 476 2623 proficiscitur
501 2549 652 2624 civitatee,
683 2565 812 2625 quarum
843 2564 880 2609 eo
906 2547 1035 2624 proelio,

65 2634 144 2711 quod
155 2648 232 2694 earn
246 2633 403 2693 Dumnaco
420 2634 534 2693 lecerat
541 2632 671 2730 ,copies
687 2650 759 2694 esse
773 2633 893 2693 accisas
909 2632 1034 2693 sciebat

64 2718 124 2783 bon
136 2717 224 2780 en'ml
240 2717 411 2793 dubitabat,
437 2719 510 2792 quin
530 2725 635 2778 recen
636 2736 645 2776 ι
623 2719 830 2779 tcalamitate
846 2716 1035 2779 summissio-

64 2820 109 2865 res
129 2808 242 2865 essent
262 2804 396 2878 suanae,
423 2803 494 2865 dato
516 2817 591 2863 vem
607 2818 645 2877 sp
648 2803 707 2864 ιιιο
723 2819 759 2863 ac
774 2810 912 2879 tempore
927 2803 1036 2862 eodem

29 2888 226 2964 lnedgante
240 2888 397 2949 Dumnaco
418 2895 548 2963 possent
536 2887 717 2948 teoncitari.
748 2888 833 2962 Qua
825 2905 855 2947 m
870 2902 904 2947 re
919 2902 1037 2946 summa

30 2994 36 3043 2
64 2973 189 3035 lelieitae
219 2973 456 3048 celeritasque
448 2990 478 3031 ιιι
503 2971 689 3068 recipiendis
715 2972 886 3033 civitatibus
910 2970 1036 3033 Fabium

32 3080 36 3087 ·
64 3057 271 3134 consequitur.
300 3057 376 3117 Nam
392 3058 503 3118 carnut
491 3066 554 3130 tes,
578 3057 629 3132 qui
645 3072 740 3132 saepe
754 3058 856 3117 vexati
871 3071 1035 3130 numquam

64 3143 143 3218 pacis
158 3144 302 3203 lacerant
315 3143 512 3217 mentionem,
528 3142 607 3202 datis
622 3140 783 3202 obsidibus
798 3141 924 3201 veniunt
938 3140 968 3199 in
983 3139 1039 3200 de·

64 3227 221 3303 ditionem,
248 3234 431 3303 ceteraeque
458 3227 595 3288 civitates
622 3225 743 3302 positae
769 3227 800 3286 in
826 3223 939 3286 ultimis
968 3224 1035 3286 Gal-

63 3310 118 3373 llae
130 3312 263 3388 finibus,
287 3311 409 3374 Oceano
426 3313 621 3387 coniunctae,
643 3324 723 3386 quae
736 3310 915 3371 Armoricae
931 3311 1036 3386 appel-

63 3396 174 3474 lantur,
199 3397 384 3461 auctoritate
399 3398 549 3458 adductae
570 3398 734 3458 carnutum
749 3395 882 3457 adventu
894 3393 981 3457 ilubll
993 3395 1036 3457 le-

23 3503 27 3513 ·
64 3482 247 3561 slonnmqne
272 3483 422 3560 imperata
442 3484 510 3545 sine
524 3500 610 3546 mora
624 3480 748 3545 iaciunt.
775 3482 936 3559 Duorum
