2272 4176
10 39 101 221 Γ
167 54 220 61 ”
311 108 472 173 ananau
490 107 811 193 unumunurn
986 108 1049 174 asa

10 226 28 267 p.

10 270 26 323 ³.
68 284 139 331 rum
154 264 383 345 opprimuntur.
411 264 588 339 Insequitur
602 264 659 325 has
674 267 757 327 acies
772 266 921 341 hostium,
942 271 973 328 et
987 268 1045 328 cla-

17 372 21 379 ·
67 370 157 416 more
178 352 301 415 sublato
324 348 499 426 confligitur
518 352 645 411 multum
664 352 828 413 adiuvante
849 358 958 411 natura
978 351 1048 429 loci,

66 438 234 517 plurimum
245 437 374 499 deorum
384 435 587 497 inmortalium
597 436 798 511 benignitate;
811 436 862 512 qui
874 452 942 496 cum
954 437 1047 497 omni-

67 524 127 585 bus
149 521 277 585 casibus
301 521 374 581 belli
398 520 564 594 intersunt,
589 528 651 580 tum
665 521 832 596 praecipue
848 520 958 596 quibus
975 521 1046 583 nihil

68 609 189 670 ratione
204 606 305 680 potuit
318 605 534 665 administrari.

151 690 285 753 LXXVI.
307 689 420 764 lllagno
440 698 532 765 atque
553 690 616 749 acri
636 690 754 765 proelio
776 690 944 750 comminus
966 690 1045 751 facto

68 779 178 839 dextro
195 791 301 847 cornu,
319 791 380 850 quo
395 782 541 833 veterana
555 775 634 849 legio
649 784 737 836 sexta
751 782 815 833 erat
830 774 986 846 collocata,
1002 774 1045 833 in·

69 862 153 923 ilium
168 861 318 920 victoriae
333 865 437 918 natum
453 865 509 918 est.
538 859 586 917 Ab
601 875 639 918 ea
659 868 746 934 parte
761 874 830 918 cum
845 856 973 933 proclivi
990 857 1043 918 de·

69 947 265 1007 truderentur
279 943 402 1011 hostes,
425 944 520 1003 multo
536 944 651 1002 tardius
667 945 723 1003 sed
738 952 836 1003 tamen
853 943 970 1002 eisdem
985 941 1043 1001 diis

68 1029 283 1091 adiuvantibus
292 1029 417 1087 sinistro
430 1043 524 1087 comu
537 1028 698 1103 mediaque
711 1028 776 1087 acie
788 1035 868 1087 totae
880 1025 1043 1102 profligan-

67 1120 115 1175 tur
129 1114 241 1190 copiae
256 1113 347 1186 regis.
370 1111 454 1184 Quae
470 1129 560 1186 quarn
576 1112 665 1171 facile
680 1112 836 1171 subierant
850 1112 984 1187 iniquum
1000 1111 1042 1171 lo·

68 1214 144 1271 cum,
162 1205 222 1259 tam
240 1197 379 1256 celeriter
394 1196 491 1270 gradu
508 1197 614 1270 pulsae
631 1196 846 1270 premebantur
861 1196 919 1256 loci
934 1194 1042 1270 iniqui·

68 1290 136 1343 tate.
176 1282 284 1356 ltaque
310 1280 412 1340 multis
438 1280 580 1339 militibus
607 1281 714 1354 partim
741 1280 906 1340 interfectis
934 1279 1042 1355 partim

67 1383 193 1428 suorum
208 1365 296 1426 ruina
311 1364 473 1439 oppressis
498 1364 551 1437 qui
581 1366 739 1425 velocitate
753 1365 888 1439 effugere
903 1370 1042 1440 poterant

66 1451 159 1511 armis
173 1458 274 1510 umen
292 1449 436 1524 proiectis
452 1450 559 1506 vallem
575 1450 758 1524 transgressi
774 1450 845 1510 nihil
858 1465 896 1508 ex
909 1451 976 1509 loco
990 1466 1040 1509 su·
1069 1474 1072 1479 ·

65 1536 188 1612 periore
204 1535 310 1594 inermi
327 1532 479 1608 proficere
495 1541 634 1606 poterant
665 1538 706 1593 At
720 1535 815 1594 nostri
832 1532 957 1593 victoria
971 1533 1040 1594 elati

65 1620 171 1681 subire
187 1619 324 1693 iniquum
341 1621 440 1678 locum
456 1618 701 1692 munitionesque
713 1619 837 1692 adgredi
851 1633 909 1677 uon
923 1618 1038 1679 dubita-

64 1712 143 1764 runt.
175 1703 417 1764 Defendentihus
439 1709 538 1761 autem
561 1703 597 1761 iis
620 1702 796 1762 cohortibus
820 1711 932 1774 castra,
961 1718 1036 1778 quas

63 1788 239 1849 Pharnaces
256 1787 410 1861 praesidio
426 1786 605 1859 reliquerat,
632 1787 769 1845 celeriter
784 1787 891 1846 castris
908 1786 1036 1847 hostium

66 1880 138 1933 sunt
152 1871 250 1947 potiti.
269 1873 428 1932 interfecta
444 1871 632 1929 multitudine
648 1871 728 1930 omni
744 1878 867 1931 suoruln
883 1879 935 1931 aut
949 1881 1035 1946 capta

62 1957 237 2016 Pharnaces
253 1971 320 2014 curn
337 1958 444 2029 paucis
461 1955 613 2027 equitibus
630 1956 777 2029 profugia
794 1956 840 2015 cui
855 1955 912 2015 nisi
924 1964 1035 2016 castro-

62 2057 129 2100 rum
146 2041 335 2114 oppugnatio
353 2041 523 2098 facultatem
536 2041 685 2098 attulisset
701 2039 822 2100 liherius
835 2041 1035 2116 profugiendi,

62 2125 152 2185 vivus
168 2125 197 2182 in
215 2124 354 2184 Caesaris
372 2131 551 2197 potestatem
568 2126 717 2183 adductus
733 2133 824 2185 esset.

145 2208 289 2268 LXXVll.
312 2209 375 2268 Tali
397 2208 522 2267 victoria
544 2210 654 2268 totiens
671 2209 766 2269 rietur
782 2210 893 2269 Caesar
908 2209 1035 2270 incredi-

61 2294 112 2354 bili
128 2302 178 2353 est
193 2294 305 2352 laetitia
320 2294 469 2365 adfectus,
487 2295 569 2367 quod
586 2294 746 2353 maximum
765 2295 874 2353 bellum
890 2302 971 2354 tanta
987 2310 1035 2354 ce·

60 2379 179 2439 leritate
195 2380 378 2448 confecerat,
397 2394 521 2451 quoque
540 2379 629 2437 subiti
649 2379 773 2452 periculi
795 2380 966 2439 recordatio
989 2386 1034 2439 est

16 2590 19 2595 -
61 2555 113 2607 rat.
144 2546 241 2606 Ponto
263 2554 388 2620 recepto
412 2547 526 2620 praeda
548 2548 627 2605 omui
651 2548 733 2620 regia
756 2547 897 2606 militibus
920 2548 1032 2607 condo-

10 2682 16 2713 Ι.
60 2641 129 2693 natta
144 2638 272 2706 postero
288 2631 337 2689 die
353 2646 420 2690 cum
439 2632 590 2705 expeditis
613 2631 766 2705 equitibus
783 2632 848 2706 ipse
866 2632 1032 2705 proficisci-

13 2792 16 2797 ·
60 2723 114 2789 tur,
132 2715 285 2789 legionem
301 2724 418 2795 sextam
433 2715 583 2774 decedere
596 2716 634 2773 ad
649 2717 782 2789 praemia
794 2723 884 2789 atque
899 2715 1032 2775 honores

59 2800 259 2874 accipiendos
275 2800 305 2858 in
320 2799 432 2858 ltaliam
449 2799 545 2871 iubet,
569 2799 681 2857 auxilia
696 2800 828 2860 Deiotari
850 2799 970 2858 domurn
985 2816 1030 2858 re-

10 2930 15 2938 .
58 2885 162 2953 mittit;
185 2884 264 2944 duas
286 2884 422 2958 legiones
445 2899 513 2942 eum
529 2882 630 2942 Coelio
646 2884 807 2944 Viniciauo
829 2884 857 2942 in
873 2882 968 2943 Ponto
984 2898 1018 2942 re

57 2969 153 3046 liquit.

139 3051 300 3113 LXXVlll.
326 3052 371 3111 Ita
396 3066 451 3126 per
479 3051 718 3126 Gallograeciam
742 3051 977 3128 Bithyniamque
1000 3052 1030 3113 in

10 3186 17 3213 ,
54 3139 164 3200 Asiam
179 3138 236 3196 iter
251 3136 323 3195 facit
338 3138 531 3210 omniumque
547 3151 649 3194 earum
665 3134 889 3209 provinciarum
905 3135 943 3196 de
958 3151 1031 3198 con-

10 3286 14 3291 ,
54 3221 218 3287 troversiis
235 3221 394 3294 cognoscit
408 3228 438 3279 et
452 3221 570 3287 statuit;
597 3220 663 3279 iura
676 3220 705 3278 in
723 3220 904 3294 tetrarchas,
929 3236 1029 3299 reges

18 3322 23 3327 '
53 3309 195 3370 civitates
212 3304 373 3365 distribuit.
399 3305 590 3364 Mithridaten
607 3304 840 3379 Pergamenum,
856 3321 875 3364 a
890 3322 950 3381 quo
965 3323 1028 3368 rem

52 3393 184 3456 feliciter
199 3389 399 3463 celeriterque
413 3397 529 3464 gestam
541 3389 722 3468 inAegypto
734 3389 1018 3467 suprascripsimus

95 3496 123 3537 c,
144 3489 245 3535 lmus
267 3489 398 3534 carsae.
791 3477 827 3534 23
