2272 4176
869 306 943 363 fug:
957 348 1010 386 ·-·.„

134 487 197 556 322
372 486 530 551 BELLUM
549 484 872 549 munanonlrlunt

133 645 252 705 classes
266 641 348 702 vada
361 641 492 703 transitu
510 647 658 717 angusto,
685 655 764 719 quae
785 638 939 717 pertinent
950 640 993 701 ad
1006 640 1089 718 regio
1129 668 1132 715 ι

132 745 202 787 nem
216 727 447 787 Africae—sic
462 726 542 785 enim
555 726 744 802 praedicant,
760 731 880 822 partem
894 727 1093 787 csseAlexan·
1130 738 1132 767 =

133 811 378 873 driacdimidiam
383 811 701 888 Africae—satisque
709 810 799 871 diuin
800 810 942 886 teripsos
955 817 1005 873 est
1015 808 1132 889 expe*

132 904 252 968 etatum,
261 896 299 955 ab
306 896 381 955 utns
389 895 659 957 lierettranseundi
673 895 790 956 initium
791 901 974 971 ,propterea
986 894 1094 973 quod
1073 910 1095 955 cl
1129 910 1132 953 t

132 982 184 1057 qui
197 981 371 1056 intrassent,
387 992 417 1040 et
427 980 468 1041 ad
479 981 692 1055 explicandam
704 982 837 1041 classem
847 986 878 1040 et
889 980 931 1040 ad
940 956 1132 1056 receptum,

134 1067 158 1126 si
173 1065 278 1126 durior
293 1065 459 1125 accidisset
473 1080 581 1141 casus,
607 1064 817 1142 impeditiores
833 1064 901 1124 lore
915 1064 1093 1127 videbantur.
1128 1024 1132 1145 Ξ

214 1150 280 1210 XV.
316 1148 444 1210 Rhodiis
469 1150 599 1210 navibus
625 1154 766 1225 praeerat
788 1147 991 1225 Euphranor,
1018 1147 1093 1209 animi

132 1233 340 1309 magnitudine
364 1248 401 1293 ac
425 1233 536 1294 virtute
566 1233 664 1309 magis
696 1249 766 1294 cum
790 1234 907 1293 nostris
934 1233 1093 1295 horninibus

134 1335 225 1395 quarn
251 1333 320 1378 oum
346 1317 472 1378 Graecis
496 1312 732 1393 comparandus.
774 1316 831 1377 Hic
854 1317 895 1377 ob
917 1318 1093 1378 notissimam
1128 1330 1132 1381 t

134 1403 289 1467 seientiam
304 1410 396 1476 atque
411 1402 502 1461 animi
515 1403 752 1477 magnitudinem
764 1402 903 1479 delectus
917 1409 966 1461 cst
980 1402 1019 1462 ab
1025 1402 1092 1463 Rho·

134 1487 205 1559 diis,
230 1487 282 1561 qui
302 1487 461 1562 imperium
483 1486 593 1547 classis
616 1487 775 1547 obtineret.
812 1485 869 1558 Qui
890 1486 944 1545 ubi
967 1485 1090 1547 Caesaris

133 1572 265 1631 animum
281 1571 417 1646 advertit,
440 1572 558 1632 Videris
568 1571 648 1645 mibi,
669 1571 781 1646 inquil,
804 1570 925 1643 Cacsar,
948 1572 1092 1643 ocrcri,a'

133 1657 410 1731 baccaudaprimts
426 1657 591 1716 noolbcmin
593 1658 693 1728 t‚rurc's
712 1673 749 1716 ac
753 1657 844 1731 priua
856 1656 1003 1716 dimicare
1012 1671 1132 1730 cooa-

131 1745 175 1801 ris
196 1757 285 1814 quom
304 1743 449 1815 reliquom
469 1744 592 1802 classem
598 1746 732 1817 poneres
741 1741 906 1814 explecare
937 1741 1026 1801 Nobis
1040 1755 1090 1799 rear
1128 1778 1132 1807 ι

131 1828 248 1886 commit
247 1831 290 1884 tsc
311 1842 364 1886 nos
375 1827 525 1900 proelium
540 1833 603 1886 susc
591 1825 953 1898 clucbtmustncquetuum
965 1826 1132 1913 iudiciiin

130 1909 191 1985 full
191 1916 292 1983 emus).
286 1910 439 1982 dumi
392 1910 731 2008 reliquisubsequantur.
751 1909 944 1983 Hosqm'dem
956 1910 1090 1969 dietata
1128 1918 1132 1975 l

131 2011 184 2055 nos
184 1997 436 2069 trorouspectupl
435 1995 532 2053 orioro·
537 2010 668 2069 ,magno
684 1994 766 2053 nobis
783 1999 812 2053 et
823 1993 966 2054 dedecori
974 2000 1002 2054 et
1012 1992 1132 2054 dolori

14 2116 19 2120 -
130 2086 181 2140 cst
201 2079 312 2139 Caesar
326 2079 409 2138 illum
421 2077 562 2138 adhortat
550 2086 600 2139 tus
615 2085 645 2137 at
647 2093 706 2153 que
721 2077 861 2138 omnibus
877 2077 1020 2137 laudibus
1034 2092 1132 2171 pro

133 2169 257 2223 secutus
286 2162 337 2223 dat
364 2162 484 2236 signum
512 2177 644 2238 pugnae.
683 2161 870 2236 Progressus
895 2164 976 2222 ultra
994 2163 1090 2223 vadum
1127 2176 1132 2245 l

133 2255 274 2344 quattuor
288 2247 425 2306 Rhodias
440 2262 535 2306 naves
558 2246 785 2307 circumsistunt
798 2247 1000 2305 Alexandrini
1016 2250 1132 2321 atque

134 2333 163 2392 in
179 2348 233 2391 eas
248 2332 393 2405 impetum
408 2331 531 2391 iaciunt.
555 2331 712 2392 Sustinent
724 2330 811 2390 illit
780 2347 798 2389 a
798 2336 872 2405 tque
887 2336 953 2390 arte
968 2331 1090 2392 solertia·
1129 2350 1132 2399 ς

133 2432 194 2492 que
209 2431 244 2475 se
259 2415 428 2490 explicant;
444 2430 480 2475 ac
494 2423 610 2477 tantum
626 2416 765 2477 doctrina
778 2415 884 2491 potuit
901 2416 978 2475 utin
990 2411 1090 2491 dispari
1130 2412 1132 2417 '

133 2516 258 2560 numero
281 2500 363 2559 nullo
380 2507 560 2561 transversa
580 2500 661 2561 hosti
677 2500 864 2573 obiceretur,
891 2501 1006 2561 nullius
1030 2495 1092 2559 remi

133 2585 371 2658 detergerentur‚
387 2585 443 2644 sed
459 2601 582 2661 semper
595 2585 787 2645 venientibus
800 2584 953 2645 adversae
965 2599 1091 2647 oecurre-

131 2677 207 2729 rent.
236 2668 357 2728 interim
373 2676 444 2728 sunt
463 2670 601 2746 reliquae
616 2670 809 2731 subsecutae.
837 2669 914 2729 Tum
929 2667 1093 2731 necessario

132 2753 303 2813 discessum
319 2752 357 2813 ab
372 2760 436 2814 arte
451 2762 498 2815 est
512 2763 639 2830 propter
653 2753 809 2830 angustias
825 2753 895 2827 loci,
912 2760 1006 2830 atque
1018 2766 1095 2815 omne

14 2896 31 2918 ι,
132 2843 283 2898 certamen
298 2837 329 2897 in
342 2837 453 2899 virtute
469 2839 611 2900 constitit.
627 2840 734 2915 Neque
748 2853 821 2898 vero
830 2839 1039 2899 Alexandriae
1051 2836 1096 2897 luit

14 2920 19 2981 :-
132 2922 297 2998 quisquam
319 2930 371 2985 aut
392 2930 566 2985 nostrorum
589 2933 640 2985 aut
661 2923 902 2999 oppidanorum,
931 2924 985 2999 qui
1006 2929 1055 2985 aut
1071 2921 1096 2981 ln

131 3023 225 3082 opere
247 3007 349 3068 autin
370 3025 474 3084 pugna
495 3017 677 3084 occupatum
698 3008 830 3069 animum
844 3006 1009 3084 haberent,
1035 3006 1097 3084 quin

131 3091 278 3152 altissima
299 3098 379 3152 tecta
400 3098 518 3168 peteret
538 3102 630 3168 atque
652 3109 691 3153 ex
712 3091 794 3152 omni
814 3100 988 3167 prospectu
1008 3095 1098 3154 locum

131 3177 308 3251 spectaculo
324 3185 447 3251 caperet
457 3178 665 3254 precibusque
680 3182 711 3237 et
724 3176 804 3237 votis
814 3176 976 3237 victoriam
991 3179 1053 3239 suis
1066 3175 1098 3236 ab

131 3261 189 3320 diis
205 3261 415 3321 inmortalibus
431 3271 623 3335 exposceret.

213 3344 294 3404 XVI.
322 3344 445 3405 Minime
467 3351 567 3406 autern
581 3363 638 3423 par
652 3353 717 3405 erat
731 3343 839 3420 proelii
854 3350 1021 3405 certamen.
1047 3345 1098 3407 No

131 3429 202 3490 stris
215 3429 294 3489 enim
306 3445 406 3505 neque
418 3437 498 3489 terra
510 3446 611 3506 neque
623 3429 698 3490 mari
710 3429 857 3504 effugium
869 3429 1000 3491 dabatur
1009 3428 1099 3504 victis,

131 3514 294 3588 omniaque
307 3514 475 3576 victoribus
491 3523 576 3575 erant
590 3517 692 3575 lutura
705 3514 735 3573 in
750 3514 883 3574 ineerto=
899 3512 957 3589 illi,
973 3514 1000 3575 si
1015 3529 1089 3590 supe

131 3606 252 3659 rassent
267 3599 411 3676 navibus,
439 3598 540 3659 omnia
559 3605 714 3669 tenerent;
744 3598 770 3658 si
791 3597 953 3659 interiores
969 3600 1099 3671 fuissent

30 3754 33 3759 Ι
130 3682 279 3757 reliquam
302 3692 402 3744 tamen
433 3685 583 3744 fortunam
613 3683 867 3760 periclitarentur.
907 3681 1005 3745 Simul
1034 3680 1099 3744 illud

131 3782 225 3847 gram
245 3783 281 3827 ao
301 3769 446 3829 miserum
465 3768 640 3844 videbatur,
666 3782 841 3845 perpaucos
863 3766 904 3829 de
920 3784 1041 3831 summa
1058 3781 1100 3829 re
