2302 4192
465 162 577 223 trena
601 166 623 221 1.
973 160 1035 225 221

60 317 165 377 minus
178 312 352 377 exercitatis
367 314 532 389 remigibus
547 317 711 392 minusque
731 317 836 392 peritis
852 317 1032 391 gubernato-

59 402 151 463 ribus
164 400 343 475 utebautur,
369 400 420 475 qui
439 408 565 477 repente
587 416 627 460 ex
641 402 790 462 onerariis
804 402 933 462 navibus
949 409 1034 463 erant

61 485 206 563 producti
224 499 328 561 neque
349 484 421 545 dum
435 484 525 545 etiam
538 484 698 546 vocabulis
713 492 967 547 armamentorum
983 504 1029 548 co·

61 570 170 647 gultis,
194 576 257 631 tum
279 568 368 629 etiarn
388 568 527 629 tarditate
548 576 578 629 et
591 569 738 646 gravitate
753 571 874 632 navium
888 571 1033 645 impedio·

61 657 187 717 banturr
214 656 313 714 factae
333 654 412 713 enim
433 654 534 715 subito
555 670 594 714 ox
608 654 732 714 humida
745 655 870 716 materia
883 671 944 717 non
961 671 1032 716 eun

61 740 132 801 dem
146 754 239 802 usum
253 736 414 799 celeritatis
429 737 590 799 habebant.
618 739 740 816 ltaque,
764 740 835 800 dum
850 741 937 801 locus
952 756 1031 801 com·

61 826 162 885 minus
177 823 335 899 pugnandi
349 822 481 897 daretur,
499 838 600 898 aequo
616 824 716 885 animo
733 824 870 899 singulas
885 824 965 885 binis
980 843 1032 885 na-

62 909 152 970 vibus
178 906 350 968 obiciebant
374 912 466 982 atque
490 906 600 967 iniecta
622 924 714 968 manu
739 910 839 969 terrea
863 915 894 969 et
917 917 1035 970 retenta

10 1062 13 1074 y
62 1000 192 1071 utraque
212 1007 291 1051 nave
312 992 426 1051 diversi
447 992 624 1066 pugnabant
639 999 730 1068 atque
744 992 775 1052 in
790 993 923 1054 hostium
937 1011 1032 1054 naves

10 1099 15 1111 ³
62 1075 320 1138 transcendebant
334 1082 364 1137 et
378 1091 488 1151 magno
503 1091 629 1137 numero
640 1077 818 1138 Albicorum
832 1085 862 1139 et
874 1086 1032 1154 pastorum

10 1165 15 1223 l
63 1163 222 1223 interfecto
237 1168 353 1236 partem
369 1159 490 1220 navium
505 1160 692 1237 deprimunt,
718 1164 880 1223 nonnullas
896 1179 964 1223 curn
979 1164 1030 1223 ho·

46 1246 193 1307 minibus
209 1245 347 1320 capiunt,
368 1244 502 1319 reliquas
517 1245 548 1304 in
562 1253 685 1320 portum
700 1249 894 1322 compellunt.
923 1248 968 1309 Eo
984 1248 1033 1308 die

62 1346 157 1392 naves
171 1330 412 1390 Massiliensium
426 1344 495 1389 cum
508 1329 556 1404 iis,
572 1347 651 1406 quae
666 1336 737 1391 sunt
751 1340 869 1408 captae,
884 1332 1033 1394 intereunt

61 1432 182 1477 novem.

140 1540 219 1602 LIX.
236 1538 303 1601 Hoc
316 1538 447 1614 primum
462 1539 585 1599 Caesari
599 1538 639 1599 ad
653 1538 784 1600 Ilerdam
799 1541 965 1612 nuntiatur;
992 1543 1031 1602 si-

60 1628 119 1687 mul
141 1626 281 1701 perlecto
303 1632 397 1698 ponte
417 1623 556 1683 celeriter
576 1625 697 1683 lortuna
716 1631 856 1685 mutatur.
892 1625 937 1684 llli
962 1642 1030 1701 per-

61 1711 155 1771 territi
177 1709 289 1769 virtute
304 1708 438 1783 equitum
451 1707 551 1767 minus
566 1708 675 1783 libere,
701 1709 800 1768 minus
822 1709 965 1769 audacter
979 1728 1031 1770 va·

59 1796 227 1871 gabantur,
250 1792 327 1852 alias
342 1808 404 1852 non
419 1793 511 1865 longo
526 1809 545 1851 a
560 1791 668 1852 castris
685 1795 842 1867 progressi
864 1794 978 1868 spatio,
999 1803 1031 1856 ut

60 1882 192 1939 celerem
201 1884 360 1952 receptum
371 1876 525 1950 baberent,
539 1877 696 1949 angustius
709 1877 940 1952 pabulabantur,
957 1879 1031 1938 alias

60 1964 200 2039 longiore
212 1961 338 2022 circuitu
351 1960 506 2021 custodias
519 1961 729 2036 stationesque
738 1962 872 2036 equiturn
888 1962 1031 2038 vitabant,

58 2058 109 2109 aut
129 2048 235 2122 aliquo
257 2052 383 2121 accepto
408 2045 586 2105 detrimento
609 2054 659 2105 aut
678 2050 785 2120 procul
807 2046 942 2122 equitatu
963 2047 1031 2109 viso

58 2149 97 2193 ex
110 2130 215 2191 medio
230 2130 336 2190 itinere
351 2130 496 2204 proiectis
509 2130 637 2189 sarcinis
649 2131 813 2204 fugiebant.
828 2131 986 2193 Postremo
1002 2141 1030 2195 et

60 2219 168 2291 plures
178 2214 375 2274 intermittere
388 2214 453 2273 dies
467 2222 497 2273 et
506 2220 624 2290 praeter
637 2216 886 2275 consuetudinem
899 2216 1029 2279 omnium

57 2308 153 2362 noctu
168 2298 387 2360 constituerant
400 2298 548 2372 pabulari.

137 2423 201 2485 LX.
239 2423 362 2485 Interim
384 2422 537 2484 Oscenses
560 2431 590 2485 et
610 2425 842 2501 Calagurritani,
869 2424 920 2500 qui
946 2436 1031 2489 erant

58 2527 128 2573 curn
143 2508 333 2569 Oscensibus
349 2508 524 2583 contributi,
541 2510 660 2571 mittunt
675 2512 714 2570 ad
729 2526 797 2570 eum
811 2511 929 2584 legatos
945 2526 1029 2572 sese·
1139 2584 1142 2589 Ι

59 2610 119 2673 que
133 2595 285 2669 imperata
295 2594 431 2652 lacturos
447 2594 636 2667 pollicentur.
659 2595 723 2656 Hos
737 2596 984 2655 Tarraconenses
1001 2603 1031 2655 et

57 2679 193 2741 laeetani
215 2685 245 2738 et
258 2677 406 2736 Ausetani
428 2683 456 2736 et
471 2679 578 2757 paucis
594 2686 667 2754 post
681 2679 789 2740 diebus
805 2680 1025 2755 Illurgavonen-

58 2780 120 2839 ses,
139 2761 192 2839 qui
207 2761 318 2822 flumen
332 2761 477 2821 Hiberum
492 2763 649 2838 attingunt,
665 2763 876 2840 insequuntur.
902 2764 976 2824 Petit
990 2766 1029 2825 ab

58 2849 106 2909 his
128 2847 286 2921 omnibus,
311 2851 344 2906 ut
364 2860 399 2905 se
420 2846 571 2908 frumento
594 2848 705 2908 iuvent.
734 2848 917 2909 Pollicentur
939 2857 1029 2925 atquc

58 2933 201 2995 omnibus
216 2930 352 3007 undique
374 2931 554 3006 conquisitis
575 2932 715 2993 iumentis
740 2933 770 2992 in
795 2941 895 2993 castra
920 2933 1028 3009 depor-

58 3028 130 3079 tant
159 3016 280 3077 Transit
300 3016 389 3077 etiam
411 3016 524 3078 cohors
545 3017 804 3091 Illurgavonensis
826 3019 865 3077 ad
887 3033 955 3077 eum
978 3035 1026 3078 co-

56 3104 141 3179 gnito
170 3099 299 3161 civitatis
328 3101 457 3162 consilio
486 3108 515 3162 et
543 3100 631 3175 signa
659 3117 699 3161 ex
726 3102 855 3162 statione
876 3106 1026 3162 uanslert.

55 3188 170 3263 Magna
184 3187 322 3247 celeriter
337 3187 530 3247 commutatio
544 3200 656 3246 rerum.
684 3185 822 3246 Perfecto
837 3193 944 3262 ponte,
966 3204 1026 3246 ma-

55 3272 126 3349 gnis
142 3270 279 3347 quinque
294 3271 464 3332 civitatibus
481 3272 520 3332 ad
534 3269 695 3331 amicitiam
709 3269 869 3345 adiunctis,
885 3271 1028 3345 expedita

55 3374 89 3419 re
105 3353 317 3431 lrumentaria,
332 3355 472 3418 extinctis
487 3356 660 3417 rumoribus
677 3357 714 3416 de
729 3354 849 3415 auxiliis
867 3355 1025 3429 legionum

56 3457 227 3519 quaecum
248 3440 393 3517 Pompeio
415 3458 470 3514 per
489 3440 699 3501 Mauritaniam
720 3440 825 3500 venire
840 3439 1026 3515 dicebantur,
