2272 4176
246 593 509 694 BELLUM
551 582 865 692 anatolii.

330 887 776 947 ARGUMENTUM.

88 998 181 1052 Caesar
197 1003 224 1052 in
240 1003 353 1054 Africam
370 1005 537 1071 proficiscitur
561 1001 586 1056 7.
605 1003 726 1069 Leptique
747 1006 840 1071 oppido
858 1014 980 1073 occupato
997 1020 1041 1058 nn·

120 1072 184 1122 xiiia
200 1088 231 1122 eo
249 1083 378 1135 convocat,
396 1074 438 1127 12.
459 1084 483 1125 et
503 1075 596 1125 ibidem
612 1089 670 1123 cum
686 1075 797 1126 Labieno
816 1076 965 1140 aliquotiens
983 1091 1042 1127 con-

122 1141 239 1192 flictatur.
274 1141 317 1194 24.
335 1144 391 1195 Rex
407 1145 470 1195 Iuba
486 1145 580 1195 auxilio
599 1141 709 1209 Scipioni
723 1146 852 1209 proiectus
870 1147 904 1197 ad
920 1146 1040 1197 tuendum

120 1218 207 1261 contra
228 1211 360 1279 Bogudem
380 1230 486 1281 regnum
507 1220 647 1264 revocatur.
689 1211 732 1264 26.
750 1215 848 1264 Bellum
863 1216 955 1266 exinde
972 1216 1042 1267 varia

119 1280 222 1330 fortuna
240 1283 284 1332 diu
301 1284 417 1345 ductum,
448 1284 541 1349 oppida
559 1289 646 1348 capta,
672 1283 803 1334 velitatum
820 1287 939 1350 saepius,
964 1299 1041 1335 naves

121 1350 289 1416 interceptae,
312 1354 370 1420 plus
385 1361 470 1404 tamen
488 1352 588 1403 Caesari
608 1351 750 1402 faventibus
769 1353 835 1403 fatis.
870 1352 912 1405 81.
929 1355 1041 1404 Tandem

118 1421 186 1470 iusto
205 1422 300 1486 proelio
316 1438 357 1472 res
375 1421 499 1488 Scipionis
515 1423 663 1488 profligatae
691 1418 734 1472 88.
748 1423 925 1486 insecutosque
941 1423 974 1472 M.
996 1423 1042 1474 Ga·

120 1491 204 1560 tonis,
221 1488 263 1541 94.
282 1493 376 1554 Iubae,
392 1493 490 1554 Petrei,
509 1490 551 1546 96.
570 1491 651 1556 ipsius
670 1488 795 1556 Scipionis
813 1507 843 1542 ao
859 1494 969 1558 plurium
986 1493 1042 1543 illu-

120 1561 210 1609 strium
228 1561 338 1613 umorum
357 1563 457 1613 caedes.

70 1684 91 1745 l.
114 1659 233 1744 Caesar
254 1680 410 1741 itineribus
431 1681 519 1742 iustis
540 1682 687 1744 conlectis
708 1682 791 1742 nullo
806 1681 856 1741 die
870 1680 1041 1743 intermisso

70 1786 95 1829 a.
113 1768 142 1827 d.
157 1781 230 1824 xuu
245 1765 311 1824 Kal.
327 1765 390 1825 lan.
404 1766 585 1845 Lilybaeum
604 1766 743 1844 pervenit
764 1767 926 1842 statimque
941 1772 1041 1827 osten-

69 1854 112 1913 dit
128 1866 201 1911 sese
215 1865 310 1909 naves
325 1852 403 1910 velle
419 1854 636 1925 conscendere,
655 1868 723 1912 cum
734 1867 796 1913 non
807 1852 937 1928 amplius
948 1851 1041 1927 legio-

68 1954 139 2002 nem
152 1935 285 1995 tironum
299 1935 426 1996 haberet
439 1953 546 2012 unam,
575 1937 693 2014 equites
710 1935 763 1995 vix
784 1943 958 1998 sexcentos.
986 1937 1042 1995 Ta-

68 2021 269 2083 bernaculum
291 2021 459 2081 secundum
479 2021 550 2082 litus
570 2021 673 2098 ipsum
694 2021 863 2096 constituit,
890 2028 924 2082 ut
943 2036 1043 2096 prope

67 2106 182 2167 fluctus
197 2104 382 2165 verberaret.
399 2105 465 2166 Hoc
481 2121 517 2166 eo
533 2107 662 2168 consilio
678 2106 758 2182 lecit
774 2123 812 2166 ne
828 2106 897 2183 quis
910 2106 967 2167 sibi
978 2122 1041 2167 mo·

65 2208 121 2253 rae
138 2189 304 2266 quicquam
319 2190 385 2249 sore
401 2199 552 2265 speraret,
581 2199 611 2252 et
631 2198 664 2251 ut
685 2207 791 2252 omnes
806 2191 836 2250 in
853 2192 918 2251 dies
936 2191 1042 2251 horas-

67 2292 130 2353 que
145 2274 243 2351 parati
258 2280 372 2333 essent.
401 2275 510 2334 Incidit
523 2292 579 2351 per
595 2277 627 2336 id
640 2284 778 2351 tempuS,
795 2283 828 2336 ut
844 2281 1041 2352 tempestates

66 2363 106 2423 ad
125 2359 329 2434 navigandum
345 2359 473 2419 idoneas
491 2378 552 2421 non
566 2362 701 2421 haberet.
716 2361 814 2420 Nihilo
830 2367 930 2420 tamen
943 2359 1042 2419 minus

64 2447 96 2508 in
115 2444 246 2504 navibus
260 2442 392 2517 remiges
407 2445 579 2520 militesque
596 2444 801 2506 continereet
820 2447 933 2504 nullam
953 2459 1041 2520 prae-

64 2529 234 2593 termittere
255 2528 449 2591 occasionem
471 2529 685 2604 profectionis:
712 2546 780 2590 curn
802 2528 983 2605 pracsertim
1004 2529 1041 2588 ab

64 2613 178 2676 incolis
202 2613 268 2672 eius
291 2613 466 2688 provinciae
487 2615 696 2675 nuntIarenlur
720 2614 965 2674 adversariorum
991 2628 1041 2673 co-

64 2701 147 2777 piae,
174 2697 326 2773 equitatus
341 2697 491 2773 infinitus,
519 2699 654 2773 legiones
670 2699 773 2773 regiae
789 2706 938 2775 quattuor,
965 2697 1041 2757 levis
1062 2764 1065 2769 ,

65 2792 240 2846 armaturae
252 2797 362 2857 magna
373 2783 430 2854 vis,
445 2781 598 2859 Scipionis
610 2784 748 2859 legiones
760 2783 875 2858 decem,
889 2781 1042 2856 elephanti

65 2886 126 2931 cxx
143 2870 325 2942 classesque
340 2883 411 2927 esse
427 2870 616 2943 complures,
641 2875 740 2928 tannen
756 2885 817 2928 non
833 2866 1042 2928 deterrebatur

66 2954 233 3028 animoque
248 2958 277 3012 et
292 2968 349 3027 spe
368 2953 548 3013 confidebat.
565 2952 685 3011 Interim
701 2952 729 3011 in
746 2952 812 3012 dies
829 2960 963 3012 etnaves
976 2950 1039 3009 lon·

65 3055 123 3115 gae
147 3037 294 3111 adaugeri
315 3043 345 3096 et
365 3038 524 3096 onerariae
546 3039 719 3111 complures
735 3037 844 3096 codem
859 3050 1041 3096 concurrere

66 3133 97 3185 et
106 3123 245 3197 legiones
258 3122 381 3180 tiromm
395 3122 567 3196 convenire,
580 3122 609 3180 in
621 3120 669 3180 his
680 3129 825 3180 veterana
836 3121 914 3196 legio
927 3119 1039 3195 quinta,

65 3209 203 3284 equitum
220 3207 257 3264 arl
275 3207 335 3265 duc
352 3206 440 3264 milia.

152 3291 186 3350 ll.
212 3289 397 3361 Legionibus
421 3290 557 3350 collectis
579 3306 634 3350 sex
657 3298 687 3350 et
701 3290 835 3366 equitum
851 3289 971 3351 duobus
986 3289 1038 3349 ml-

67 3376 161 3442 libus,
192 3383 225 3435 ut
240 3390 382 3448 qumque
399 3375 495 3449 prima
510 3374 589 3450 legio
605 3383 743 3453 venerat,
768 3376 799 3436 in
821 3390 918 3437 naues
931 3376 1045 3448 longas

781 3460 844 3526 w
