2272 4176
442 180 557 243 Licuit
578 183 601 242 1.
938 176 1000 241 233

31 332 68 394 nti
80 341 294 397 eorecurrant
306 343 336 396 et
345 336 378 396 id
388 335 588 412 cupidissime
599 342 710 413 petant,
733 338 816 411 quod
827 337 919 411 paulo
931 344 1000 397 ante

30 420 280 494 contempserint.
309 420 415 496 Neque
431 437 513 481 nunc
532 438 567 482 se
586 422 705 482 illorum
723 419 888 480 humilitate
899 436 1000 495 neque

32 504 130 578 aliqua
146 506 299 579 temporis
323 506 548 580 opportunitate
571 507 747 581 postulare,
772 505 883 580 quibus
905 506 999 565 rebus

31 603 103 662 opes
123 597 297 662 augeantur
314 606 408 661 suae;
430 591 487 650 sed
503 605 557 650 eos
571 591 733 661 exercitus,
757 606 836 663 quos
849 596 954 649 contra
965 605 1000 648 se

31 673 138 732 multos
157 673 220 732 iam
232 690 329 735 annos
343 676 479 748 emerint,
502 677 581 734 velle
593 674 707 734 dimitti.
729 674 836 749 Neque
847 674 927 732 enim
944 688 1000 733 sex

32 757 168 832 legiones
188 758 249 817 alia
267 759 306 818 de
317 760 413 820 ca'us'a
423 761 536 819 missas
549 761 578 818 in
588 760 768 835 Hispaniam
779 759 1000 834 septimamque

31 841 66 901 ibi
85 843 303 917 conscriptam,
325 859 427 919 neque
443 851 487 905 tot
504 852 666 919 tantasque
684 844 793 904 classis
814 851 935 918 paratas
947 859 997 902 ne-

33 942 87 1001 que
100 926 276 987 submissos
289 928 384 988 duces
396 930 441 987 rei
453 929 589 988 militaris
603 929 728 1003 peritos.
749 927 827 986 Nihil
839 928 949 987 horum
961 928 999 988 ad

33 1010 187 1086 pacandas
198 1012 374 1087 Hispanias,
396 1013 470 1071 nihil
489 1014 527 1072 ad
540 1029 630 1072 usum
640 1013 818 1087 provinciae
831 1013 997 1086 provisum,
1064 1066 1068 1073 .

34 1110 108 1170 quae
125 1102 255 1170 propter
273 1097 496 1157 diuturnitatem
515 1097 601 1172 pacis
622 1099 737 1157 nullum
754 1096 899 1156 auxilium
918 1097 994 1157 desi·

35 1179 149 1239 derarit.
182 1179 289 1240 Omnia
304 1181 381 1241 haec
400 1183 459 1241 iam
478 1182 596 1256 pridem
614 1189 719 1241 eontra
737 1197 772 1241 sc
784 1182 901 1255 parari:
923 1182 999 1241 inse

35 1266 100 1326 nori
117 1265 241 1339 generis
259 1266 387 1340 imperio
398 1267 548 1338 constitui,
572 1273 604 1325 ut
614 1265 695 1324 idem
708 1265 745 1326 ad
757 1272 862 1340 portas
874 1265 998 1325 urbanis

36 1349 205 1424 praesideat
227 1350 320 1409 rebus
340 1358 369 1411 et
387 1351 464 1411 duas
483 1351 733 1410 bellicosissimas
753 1350 927 1424 provincias
947 1350 994 1410 ab·

38 1449 101 1494 sens
118 1441 164 1494 tot
183 1434 270 1493 annis
286 1434 433 1504 obtineat;
456 1437 485 1494 in
500 1451 534 1494 se
547 1436 613 1494 iura
624 1436 853 1509 magistratuum
866 1450 985 1494 commu

37 1520 99 1591 tari,
122 1533 162 1577 ne
182 1534 220 1577 ex
239 1527 383 1593 praetura
401 1527 431 1579 et
448 1520 623 1592 consulatu,
654 1528 686 1579 ut
705 1535 840 1593 semper,
865 1519 920 1577 sed
943 1534 997 1594 per

39 1619 147 1677 paucos
166 1603 285 1677 probati
309 1611 338 1663 et
363 1604 450 1663 electi
472 1605 501 1663 in
525 1604 700 1678 provincias
722 1604 889 1670 mittantur;
913 1603 940 1659 in
965 1618 998 1661 se

39 1689 117 1747 etiam
129 1688 235 1748 aetatis
250 1688 478 1748 excusationem
490 1688 680 1759 nihilvalere,
695 1688 777 1762 quod
788 1686 997 1760 superioribus

38 1770 116 1832 bellis
135 1772 257 1847 probati
278 1773 318 1831 ad
336 1772 518 1833 obtinendos
539 1773 690 1832 exercitus
710 1778 891 1839 evocentur3
914 1772 944 1829 in
965 1786 999 1830 se

39 1873 91 1917 uno
110 1874 172 1918 non
191 1857 318 1927 servari,
343 1857 427 1932 quod
447 1858 485 1916 sit
504 1857 642 1917 omnibus
658 1857 759 1915 datum
771 1855 996 1929 semperimpe-

39 1942 190 2012 latoribus
214 1949 247 2001 ut
262 1941 356 2000 rebus
376 1941 502 2000 feliciter
513 1942 608 2015 gestis
621 1948 671 2000 aut
685 1957 753 1999 cnm
765 1940 883 1999 honore
895 1941 997 2014 aliquo

40 2035 81 2085 aut
92 2033 172 2086 certe
185 2026 252 2085 sine
263 2024 427 2099 ignominia
438 2025 560 2085 domum
571 2033 760 2085 revertantur
772 2024 999 2099 exercitumque

39 2110 182 2170 dimittant.
207 2109 291 2182 Quae
303 2116 401 2168 tamen
415 2110 515 2169 omnia
527 2119 556 2170 et
568 2126 602 2170 se
613 2111 720 2169 tulisse
733 2111 879 2183 patienter
892 2118 999 2168 etessc
1042 2162 1045 2167 .

38 2195 173 2255 laturum:
196 2210 298 2268 nequae
309 2209 390 2253 nunc
401 2194 433 2252 id
445 2210 544 2268 agere,
568 2203 600 2254 ut
612 2195 649 2254 alr
663 2195 720 2253 illis
735 2194 899 2253 abductum
911 2209 997 2252 exer-

38 2280 117 2340 citum
127 2286 229 2359 teneat
239 2279 316 2353 ipse,
340 2279 421 2353 quod
434 2286 533 2338 tamen
546 2279 603 2338 sibi
616 2279 738 2337 difficile
750 2295 809 2337 non
823 2279 870 2349 sit,
894 2279 999 2338 sedne

37 2364 70 2423 illi
87 2364 228 2433 habeant,
253 2379 314 2437 quo
334 2370 440 2422 contra
457 2379 491 2423 se
505 2364 544 2422 uti
557 2364 687 2438 possint.
710 2362 850 2434 Proinde,
873 2370 905 2422 ut
916 2370 999 2422 esset

36 2447 155 2520 dictum,
179 2446 346 2522 provinciis
366 2448 550 2507 excederent
562 2449 789 2519 exercitumque
802 2447 997 2515 dimitterent;

36 2533 56 2592 si
71 2534 99 2592 id
119 2533 160 2592 sit
178 2533 299 2603 iactum,
323 2546 358 2591 se
376 2532 546 2591 nociturum
564 2533 685 2591 nemini.
707 2532 793 2590 Hane
805 2547 896 2590 ιιιιιιιιι
908 2537 998 2605 atque

36 2628 193 2678 extremam
206 2631 278 2676 esse
289 2616 375 2690 pacis
389 2617 608 2676 condicionem.

106 2701 267 2762 LXXXVI.
312 2700 346 2759 ld
357 2715 432 2760 vero
446 2701 588 2760 militibus
602 2701 655 2760 luit
668 2708 839 2776 pergratum
852 2709 881 2759 et
893 2700 995 2759 iucun-

35 2785 110 2858 dum,
123 2795 158 2846 ut
169 2801 208 2843 ex
220 2784 290 2859 ipsa
301 2785 521 2858 significatione
534 2787 678 2858 cognosci
693 2785 803 2859 potuit,
820 2792 867 2854 ut,
883 2785 932 2858 qui
945 2785 996 2843 ali-

36 2872 98 2945 quid
109 2870 183 2931 iusti
196 2869 379 2930 incommodi
393 2870 647 2943 expectavissent,
662 2872 738 2929 ultro
749 2870 914 2943 praemium
927 2869 997 2928 mis-

35 2955 122 3016 sionis
137 2955 261 3014 ierrent.
298 2954 372 3012 Nam
386 2969 454 3015 cum
467 2955 505 3013 de
517 2955 585 3013 loeo
599 2962 628 3014 et
640 2962 777 3029 tempore
790 2953 856 3011 eius
869 2953 912 3011 rei
925 2969 996 3012 con-

35 3040 177 3100 troversia
189 3039 366 3109 inferretur,
386 3047 415 3097 et
425 3053 504 3096 voce
516 3046 544 3096 et
555 3039 694 3099 manibus
706 3038 841 3098 uniuersi
854 3053 893 3095 ex
904 3038 994 3110 vallo,

34 3124 76 3184 ubi
91 3124 306 3195 constiterant,
327 3122 499 3197 significare
513 3130 694 3196 coeperunt,
712 3122 854 3182 utstatim
870 3122 996 3181 dimitte·

34 3217 146 3279 rentur,
160 3223 263 3283 neque
276 3209 355 3267 omni
368 3207 548 3280 interposita
559 3207 620 3265 fide
633 3207 751 3266 firmum
763 3221 833 3265 esse
846 3222 956 3279 posse,
971 3206 997 3267 si

34 3291 60 3352 in
70 3293 152 3355 aliud
161 3301 285 3367 tempus
299 3293 479 3351 differretur.
498 3291 606 3350 Paucis
620 3306 688 3350 cum
701 3300 784 3350 essct
796 3291 825 3349 in
838 3299 997 3366 utramque

36 3388 144 3439 oartem
154 3376 258 3437 verbis
271 3378 471 3452 disputatum,
495 3392 545 3436 res
565 3375 623 3434 lruc
636 3375 810 3449 deducitur,
834 3375 920 3449 ulei,
945 3376 996 3451 qui

36 3458 158 3524 habeant
169 3462 355 3523 domicilium
368 3468 419 3522 aut
429 3462 664 3536 possessionem
675 3461 706 3521 in
717 3461 876 3539 Hispania,
888 3461 1002 3537 statim,
