2272 4176
458 162 573 223 LIBER
592 164 657 223 vll.
985 155 1048 223 183

83 318 214 383 d'tbttore
228 331 323 394 quarn
339 315 377 374 ab
393 331 427 375 se
440 316 567 375 salutern
581 315 721 390 accipere
735 314 906 373 videantur.
921 312 1005 374 Haec
1017 322 1050 374 ut

82 404 274 475 bellepares,
298 398 410 474 inquit,
425 415 501 458 ome
514 401 628 460 sincere
638 399 832 474 pronuntiari
839 443 846 469 ‚
868 396 968 456 audite
982 397 1046 457 Bo-

81 502 180 547 moos
193 487 311 545 milites.
332 481 473 543 Producit
486 497 603 556 servos
620 498 698 557 quos
714 483 745 540 in
760 479 959 556 pabulatione
973 496 1046 553 pau-

83 569 124 629 cis
139 575 212 628 ante
228 567 337 626 diebus
353 572 515 642 exceperat
535 571 565 625 et
585 567 663 624 same
683 563 877 639 vinculisque
893 563 1046 622 excrucia-

38 692 40 698 ,
82 658 174 711 verat
204 650 320 709 Hiram
334 656 403 709 ante
417 648 516 709 edocti
532 664 609 723 quae
624 648 798 722 interrogati
811 648 1046 722 pronuntiarent,

38 722 191 828 {milites
208 749 245 793 sc
260 748 332 792 esse
346 732 529 807 legionarios
548 732 665 802 dicunt;
691 734 771 791 tarne
793 732 844 791 et
836 732 939 805 inopia
954 730 1047 789 addu-

38 788 147 879 ictos
164 819 244 877 elam
259 831 299 875 ex
314 815 421 876 castris
436 815 554 889 exisse,
577 817 603 875 si
618 816 691 891 quid
705 815 846 875 frumenti
863 822 915 874 aut
926 813 1047 888 pecoris

38 896 41 962 l
84 903 111 962 in
125 902 212 999 agris
226 899 362 974 reperire
376 906 518 973 possent:
534 899 621 958 simili
636 915 755 959 omnem
767 899 869 958 exerei
871 907 932 956 turn
946 892 1047 969 inopia

38 987 188 1069 premi,
205 1000 264 1044 neo
278 984 337 1042 iarn
346 984 427 1042 vires
441 982 582 1043 sulficere
594 983 772 1059 cuiusquam
787 998 844 1041 nee
855 983 934 1040 ierre
946 977 1048 1053 operis

38 1070 220 1154 {laborem
233 1081 344 1143 posse=
369 1066 471 1143 itaque
486 1066 628 1125 statuisse
641 1067 869 1141 imperatorem,
892 1082 918 1124 sr
910 1063 1025 1122 nihil
1018 1078 1047 1120 1n

38 1139 314 1247 {oppugnatione
335 1151 440 1226 oppidi
460 1165 516 1226 pro
518 1149 677 1223 iecissent,
702 1151 800 1210 triduo
818 1149 932 1208 exercit
932 1164 982 1207 unr
997 1146 1048 1205 de-

38 1232 208 1315 'ducere
248 1236 341 1308 Haec,
356 1234 460 1309 inquit,
477 1250 563 1332 ome,
576 1233 818 1308 Vercingetorix,
836 1234 992 1317 beneficio
988 1232 1046 1289 lto-

38 1326 41 1381 ἕ
84 1321 165 1395 berb,
180 1335 267 1395 quem
274 1319 477 1394 proditionis
464 1320 569 1378 cnsimu
569 1320 655 1388 totm-
678 1321 761 1378 ouius
776 1333 867 1393 opero
880 1319 943 1376 sine
956 1322 1047 1374 oestro

38 1402 40 1409 '
84 1407 228 1479 sanquine
246 1408 358 1462 tontum
371 1404 530 1465 exereitum
543 1403 678 1461 victorem
689 1403 773 1474 fame
788 1406 987 1476 consumptum
1001 1400 1048 1457 oi-

85 1488 172 1558 detm-
193 1503 278 1561 quem
292 1490 416 1561 turpiter
428 1503 459 1547 se
472 1503 512 1546 erc
522 1485 602 1559 supa
615 1488 800 1562 recipientem
818 1504 856 1547 ae
868 1501 928 1561 quc
947 1485 1049 1545 civitat

86 1574 143 1632 aab
154 1572 265 1644 finibus
276 1572 408 1645 recipiat,
424 1586 502 1630 ome
509 1572 660 1644 provisum
674 1576 724 1631 est.

164 1654 243 1713 XXI.
269 1652 441 1712 Conclamat
454 1652 550 1713 omnis
566 1653 723 1713 multitudo
739 1660 768 1712 et
785 1669 841 1714 suo
857 1667 942 1712 more
956 1649 1047 1709 armis

86 1743 261 1812 concrepat,
277 1736 358 1811 quod
373 1738 473 1795 iacere
486 1737 566 1795 ineo
579 1742 770 1809 consuerunt,
788 1737 874 1797 cuius
883 1734 1048 1794 orationem

86 1820 274 1898 adprobant;
304 1836 452 1879 summum
467 1836 537 1879 esse
552 1820 832 1895 Vercingetorigem
848 1819 964 1892 ducem,
990 1832 1047 1875 nee

86 1907 123 1966 de
138 1906 205 1965 eius
220 1903 282 1963 fide
297 1903 491 1963 dubitandum
505 1920 562 1963 nec
576 1905 690 1963 maiore
704 1904 821 1963 ratione
832 1902 942 1962 bellum
955 1900 1047 1960 admi·

86 1987 207 2049 nistrari
222 2003 327 2062 posse.
344 1986 489 2061 statuunt,
504 1993 538 2046 ut
553 1988 657 2047 decem
671 1988 751 2047 milia
765 1986 919 2047 hominum
932 1985 1049 2043 delecta

86 2089 123 2133 ex
137 2071 277 2132 omnibus
300 2071 396 2144 copiis
417 2072 446 2129 in
468 2071 613 2145 oppidum
633 2073 799 2146 mittantur,
827 2086 884 2131 nee
906 2069 980 2129 solis
997 2068 1067 2126 Bi·-

87 2154 232 2229 strigibus
242 2157 563 2215 communemsalutem
572 2156 812 2216 committendam
823 2161 957 2227 censent,
966 2150 1048 2226 quod

84 2254 184 2316 paene
198 2237 228 2295 in
244 2253 297 2311 eo,
313 2238 339 2297 si
354 2238 384 2296 id
400 2239 544 2312 oppidum
559 2241 767 2315 retinuissent,
792 2255 939 2304 summam
952 2237 1046 2297 victo-

55 2334 58 2339 “
85 2324 148 2384 riae
165 2328 307 2380 constare
322 2321 542 2395 intellegebant.

164 2404 256 2464 XXII.
280 2403 429 2478 Singulari
450 2406 573 2465 militurn
595 2412 767 2468 nostrorum
792 2408 894 2468 virtuti
920 2403 1047 2466 consilia

84 2488 316 2563 cuiusquemodi
333 2489 482 2549 Gallorum
498 2491 709 2565 occurrebant,
731 2497 764 2551 ut
786 2500 833 2552 est
848 2505 983 2552 summac
997 2503 1048 2561 ge-

84 2589 140 2632 nus
175 2571 319 2632 solertiae
344 2579 434 2646 atque
459 2573 498 2632 ad
523 2575 623 2641 omnia
648 2576 791 2635 imitanda
821 2582 851 2635 et
878 2572 1046 2644 efficienda,

85 2672 162 2730 quae
179 2656 217 2714 ab
234 2672 356 2730 quoque
370 2657 540 2731 traduntur,
567 2659 762 2732 aptissimum.
798 2659 873 2719 Nam
888 2665 918 2717 et
931 2654 1047 2730 laqueis

84 2741 179 2799 lalees
196 2739 384 2814 avertebant,
400 2758 476 2816 quas
492 2758 559 2802 cum
575 2741 815 2816 destinaverant,
832 2741 988 2801 tormentis
1003 2738 1046 2796 in-

83 2832 201 2884 trorsus
224 2824 420 2897 reducebant,
448 2833 476 2885 et
497 2841 637 2899 aggerem
660 2828 805 2886 cuniculis
824 2824 1047 2896 subtrahebant,

85 2923 119 2967 eo
146 2907 310 2980 scientius,
337 2909 419 2981 quod
440 2909 521 2982 apud
542 2925 596 2967 eos
617 2926 745 2983 magnae
761 2916 830 2970 sunt
847 2909 990 2968 ferrariae
1005 2912 1047 2964 at-

86 3007 143 3064 que
166 3005 256 3049 omne
277 3005 373 3064 genus
389 2993 594 3052 cuniculorum
609 3000 712 3052 notum
727 3001 817 3068 atque
833 2993 974 3055 usitatum
991 2996 1046 3049 est.

83 3075 189 3136 Totum
212 3079 311 3132 autern
331 3091 447 3135 murum
468 3092 506 3133 ex
527 3076 607 3134 omni
628 3085 711 3150 parte
724 3077 858 3137 turribus
875 3073 1047 3134 contabula-

84 3164 192 3217 verant
206 3164 298 3232 atque
312 3157 367 3217 has
382 3158 472 3219 coriis
493 3160 669 3218 intexerent.
697 3163 771 3220 Τιιιιι
792 3159 908 3219 crebris
931 3155 1045 3218 diurnis

84 3244 304 3316 nocttunisque
326 3244 533 3319 eruptionibus
560 3251 610 3304 aut
631 3246 733 3318 aggeri
754 3246 854 3318 ignem
877 3244 1047 3305 inserebant

86 3336 137 3389 aut
149 3328 258 3387 milites
274 3335 438 3402 occupatos
454 3329 483 3386 in
499 3343 591 3402 opere
604 3328 816 3389 adoriebantur
830 3334 859 3390 et
875 3336 1044 3390 nostrarum

88 3411 211 3473 trurium
226 3411 425 3487 altitudinem,
454 3419 595 3486 quantum
616 3413 671 3472 has
694 3413 861 3479 cotidianus
885 3428 1000 3492 aggere
