2272 4176
64 404 104 472 72
356 406 407 468 mi
428 407 552 469 BELLO
577 407 739 469 GALLICO

1 561 2 566 ’
63 574 223 634 occasum,
238 575 349 636 magno
365 561 413 621 sui
429 575 497 622 cum
512 561 649 636 periculo
663 561 875 631 deicerenturc
897 574 981 634 quae
992 566 1034 621 te

63 660 131 704 mon
143 644 264 704 ancoris
275 646 363 706 iactis
375 655 444 705 cum
455 644 597 706 fluctibus
611 647 844 721 complerentur,
856 648 1034 706 necessario

64 727 194 789 adversa
206 735 296 788 nocte
306 729 336 789 in
349 731 441 791 altum
452 735 618 804 provectae
630 730 836 790 continentem
854 728 1015 804 petierunt

150 812 254 873 XXIX.
268 812 385 873 Eadem
398 819 489 873 nocte
503 813 622 887 accidit,
636 819 669 874 ut
684 820 768 874 esset
783 815 854 874 luna
867 813 970 889 plena,
986 811 1034 889 qul
1070 884 1075 891 Ι

63 898 129 959 dies
150 896 316 956 maritimos
340 904 444 957 aestus
466 897 617 957 maximos
637 897 669 956 in
686 895 808 958 Oceano
824 897 950 959 elileera
965 912 1033 965 eon·

65 982 170 1055 suevit,
187 982 364 1054 nostrisque
378 982 410 1041 id
424 985 489 1040 erat
502 981 700 1056 incognitum.
715 982 761 1041 Ita
774 996 837 1043 uno
851 987 992 1057 tempore
1006 986 1034 1041 et

63 1068 171 1140 longas
188 1080 298 1138 naves,
325 1065 434 1139 quibus
451 1066 566 1126 Caesar
586 1065 752 1126 exercitum
765 1064 1033 1141 transportandum

64 1154 223 1210 curaverat
238 1164 379 1223 quasque
392 1148 423 1207 in
440 1149 556 1209 aridum
572 1149 768 1224 subduxerat,
786 1155 890 1210 aestus
904 1150 1033 1222 comple·

63 1239 163 1307 verat,
189 1238 219 1291 ct
241 1232 414 1305 onerarias,
443 1247 522 1306 quae
547 1233 587 1291 ad
615 1247 746 1293 ancoras
767 1239 856 1293 erant
876 1232 1048 1307 deligatae,¹

65 1321 229 1390 tempestas
246 1315 434 1390 adflictabat,
450 1330 550 1389 neque
565 1317 627 1375 ulla
642 1315 756 1377 nostris
772 1317 904 1377 facultas
919 1320 972 1376 aut
985 1314 1031 1375 ad·

65 1400 253 1460 ministrandi
269 1406 320 1459 aut
334 1399 498 1460 auxiliandi
520 1398 658 1460 dabatur.
687 1400 892 1476 conpluribus
907 1398 1033 1459 navibus
1067 1466 1071 1475 ¹

66 1484 167 1544 tractis
183 1484 320 1557 reliquae
336 1500 403 1544 cum
419 1488 524 1544 essent
538 1482 677 1557 funibus,
704 1484 827 1544 ancoris
846 1482 1033 1559 reliquisque

65 1567 258 1628 armamentis
275 1568 397 1627 amissis
413 1568 453 1628 ad
467 1566 673 1641 navigandum
688 1566 826 1643 inutiles,
852 1582 980 1643 magna,
1005 1564 1033 1626 id
1070 1638 1074 1645 Ι

66 1652 150 1729 quod
165 1666 294 1711 neeesse
309 1657 374 1711 erat
389 1652 545 1724 accidere,
571 1650 664 1713 totius
680 1651 833 1712 exercitus
850 1648 1032 1727 perturbatio

66 1739 145 1796 lacta
166 1742 221 1795 est.
255 1734 362 1808 Neque
377 1735 457 1794 enim
472 1748 569 1794 naves
584 1740 670 1794 erant
685 1736 778 1810 aliae,
805 1734 918 1810 quibus
932 1748 1032 1810 repor-

65 1819 120 1882 tari
136 1823 273 1893 possent,
290 1825 319 1878 et
334 1818 437 1877 omnia
451 1819 586 1893 deerant,
604 1834 683 1892 quae
698 1819 737 1878 ad
744 1818 931 1880 reficiendas
941 1833 1034 1879 naves

66 1909 153 1963 erant
168 1901 252 1976 usui,
274 1907 317 1975 et,
341 1902 425 1976 quod
447 1900 589 1963 omnibus
605 1902 767 1963 constabat
780 1902 908 1963 hiemari
922 1902 953 1962 in
970 1902 1034 1963 Gal·
1056 1920 1059 1925 ·

67 1988 105 2047 ria
119 1993 277 2061 oportere,
294 1988 475 2046 trumentum
489 1986 537 2046 his
551 1987 581 2045 in
597 1986 674 2047 locis
687 1986 719 2046 in
733 1986 865 2048 hiemem
878 1986 1034 2063 provisum

65 2076 127 2130 n'on
142 2078 215 2130 erat.

96 2198 113 2227 ,
151 2154 242 2213 XXX.
265 2153 380 2227 Quibus
404 2153 498 2226 rebus
524 2154 653 2228 cognitis
675 2154 832 2230 principes
852 2153 1036 2229 Britanniae,

68 2239 197 2312 quipost
210 2237 360 2312 proelium
373 2239 412 2297 ad
421 2238 582 2298 Caesarem
595 2239 903 2313 convenerantinter
917 2253 953 2300 se
966 2254 1037 2300 eon·

68 2322 166 2395 ocuti,
176 2337 244 2381 eum
256 2320 375 2394 equites
388 2326 418 2380 et
429 2337 524 2382 naves
537 2328 566 2382 et
578 2322 759 2383 frumentum
766 2321 914 2383 Romanis
927 2322 1038 2383 deesse

65 2406 275 2479 intellegerent
295 2409 325 2463 et
346 2406 528 2479 paucitatem
543 2406 668 2467 nlilitum
683 2422 723 2467 ex
738 2413 908 2467 castrorum
923 2404 1038 2482 exigui-

65 2496 126 2549 tate
141 2495 372 2563 cognoscerent,
389 2505 468 2563 quae
481 2488 540 2550 hoc
552 2496 639 2550 erant
651 2490 740 2550 etiam
752 2490 940 2566 angustiora,
955 2490 1039 2564 quod

67 2574 133 2633 sine
147 2572 370 2648 impedimentis
387 2574 498 2634 Caesar
512 2574 651 2649 legiones
666 2580 945 2650 transportaverat,
962 2574 1038 2649 opti·

65 2674 147 2719 mum
163 2658 245 2720 lactu
259 2672 330 2717 csse
346 2658 498 2719 duxerunt
512 2657 680 2719 rebellione
694 2661 776 2719 facta
789 2660 941 2719 trumento
957 2674 1039 2720 eom·

66 2748 227 2816 meatuque
242 2747 366 2802 nostros
383 2740 546 2817 prohibere
560 2748 591 2802 et
603 2758 669 2803 rem
680 2743 711 2803 in
722 2740 1038 2818 hiememproducere,
1070 2804 1074 2811 ,

66 2827 149 2901 quod
162 2825 211 2886 his
227 2825 379 2900 superatis
396 2831 448 2887 aut
460 2825 561 2885 reditu
575 2825 748 2887 interclusis
764 2826 916 2886 neminem
930 2832 1041 2901 posteo
1063 2822 1069 2827 '

65 2910 136 2969 belli
157 2909 308 2969 inferendi
331 2924 427 2970 eausa
447 2908 478 2968 in
492 2908 680 2970 Britanniam
693 2910 890 2971 transiturum
904 2909 1039 2970 confide·

64 2994 146 3055 bant.
176 2995 282 3067 ltaque
303 3009 411 3055 rursus
435 2993 645 3054 coniuratione
666 2994 748 3054 tacta
769 2993 914 3068 paulatim
937 3008 977 3053 ex
991 3008 1038 3053 ca·

65 3077 137 3138 stris
149 3076 310 3137 discedere
322 3092 359 3136 ac
371 3090 446 3137 suos
460 3079 537 3138 clam
549 3092 588 3137 ex
600 3076 682 3152 agris
694 3078 849 3138 deducere
862 3082 1040 3154 coeperunt

146 3160 250 3222 XXXI.
272 3160 313 3219 At
321 3159 434 3221 caesar
445 3160 503 3221 etsi
514 3161 650 3224 nondum
660 3176 768 3225 eomm
783 3161 913 3222 consilia
927 3175 1039 3237 eogno-

63 3252 158 3319 verat,
173 3251 274 3305 tamen
291 3249 374 3303 etex
389 3251 500 3304 eventu
514 3243 637 3306 navium
653 3261 777 3307 suarum
793 3251 823 3304 et
838 3261 878 3305 ex
893 3260 942 3321 eo,
958 3244 1041 3322 quod

65 3329 191 3390 obsides
207 3330 281 3389 dare
295 3326 534 3403 intemriserant,
551 3330 618 3389 tore
632 3328 680 3404 id,
697 3329 781 3404 quod
796 3329 923 3405 accidit,
939 3328 1041 3406 suspi-

65 3411 200 3495 cabatur.
216 3412 322 3488 ltaque
330 3413 371 3473 ad
378 3428 485 3474 omnes
496 3429 588 3474 casus
596 3412 737 3475 subsidia
751 3413 951 3488 conparabat
965 3412 1041 3475 Nam
1063 3476 1069 3483 ,

65 3502 95 3556 ct
120 3497 302 3558 trumentum
323 3512 363 3557 ex
387 3497 469 3573 agris
495 3497 607 3558 cotidie
631 3496 662 3558 in
688 3503 791 3558 eastra
811 3498 992 3559 conterebat
1012 3502 1043 3557 et

66 3594 146 3655 quae
160 3582 341 3653 gravissime
356 3581 499 3644 adflictae
513 3587 599 3643 erant
613 3597 720 3656 naves,
736 3596 841 3643 earum
855 3582 985 3644 materia
998 3586 1043 3645 at·

67 3679 128 3740 que
144 3678 216 3723 aere
231 3663 270 3723 ad
285 3666 420 3739 reliquas
435 3667 620 3729 reficiendas
635 3666 776 3731 utebatur
790 3671 821 3727 et
836 3682 918 3743 quae
931 3666 974 3730 ad
987 3682 1042 3731 eas
