2272 4176
10 39 152 375 Γ
445 168 563 234 LIBER
583 172 634 233 lv.
983 172 1026 238 65

15 376 22 383 .
51 325 214 389 umltiludo
236 337 404 402 puerorum
423 323 647 403 mulierumque
659 358 702 372 -
715 343 786 388 nam
801 342 869 388 oum
884 327 1024 390 omnibus

25 476 28 481 ,
52 410 115 475 suis
128 411 226 473 domo
243 415 442 479 excesserant
454 409 658 487 Rhenumque
671 411 1023 487 transierant—passim

21 528 24 533 ·
52 496 156 573 fugere
172 493 296 571 coepit;
322 492 362 553 ad
383 510 462 571 quos
484 497 709 557 consectandos
726 497 838 557 caesar
857 498 1022 571 equitatum

53 580 139 641 misit.

127 662 200 725 XV.
224 662 365 725 Genuam
378 667 452 738 posi
465 669 583 738 tergum
599 664 732 724 clamore
746 665 848 724 audito
865 680 932 723 cunr
948 681 1022 726 suos

56 747 181 809 interfici
195 747 346 824 viderent,
361 746 454 807 armis
467 745 594 808 abiectis
609 746 769 824 signisque
783 747 960 809 militaribus
976 766 1016 809 re·

28 828 31 835 '
57 832 130 893 ictis
144 847 182 892 se
196 846 239 892 ex
254 831 363 892 eastris
377 830 535 891 eiecerunt
554 836 668 891 etcum
683 832 723 891 ad
738 830 944 892 confluentem
957 832 1021 894 Μο-

57 931 106 977 sae
120 921 150 977 el
163 915 267 976 Rheni
280 914 503 992 pervenissent,
517 915 636 990 reliqua
650 915 724 991 fuga
737 916 902 991 desperata
911 932 1022 992 magno

58 1014 178 1061 numero
202 1000 362 1061 interfecto
383 998 493 1073 reliqui
514 1012 550 1058 se
570 999 601 1058 in
616 997 730 1059 flumen
745 1000 1021 1074 praecipitaverunt

59 1090 143 1161 utque
156 1083 200 1143 ibi
213 1084 338 1160 timore,
361 1082 558 1157 lassitudine,
572 1082 604 1142 vi
618 1081 751 1143 fluminis
767 1084 909 1159 oppressi
925 1085 1022 1160 perie-

57 1175 130 1229 runt.
143 1166 251 1229 Nostri
265 1168 307 1228 ad
318 1183 413 1228 unum
428 1181 535 1226 omnes
549 1166 719 1227 incolumes
734 1168 900 1243 perpaucis
916 1171 1021 1229 vulne·

57 1251 124 1311 ratis
137 1266 180 1311 ex
193 1251 271 1312 tanh'
284 1250 355 1311 belli
368 1251 484 1325 timore,
500 1265 568 1310 cum
582 1249 716 1310 hostium
731 1267 875 1311 numerus
892 1253 1023 1328 capitum

57 1350 186 1395 ccccm
198 1335 317 1395 milium
330 1334 455 1408 fuisset,
470 1349 505 1394 se
519 1333 550 1393 in
566 1340 667 1394 castra
679 1342 871 1410 receperunt.
911 1337 1023 1397 caesar

56 1418 97 1494 iis',
112 1435 194 1495 quos
208 1420 242 1478 in
257 1417 367 1479 castris
381 1417 554 1492 retinuerat,
563 1417 744 1478 discedendi
751 1425 934 1493 potestatem
942 1422 1021 1481 fecit.

54 1502 94 1563 llli
105 1502 264 1579 supplicia
274 1501 669 1576 crucrialusqueGallorum.
678 1500 776 1577 veriti,
787 1519 917 1578 quorum
930 1520 1020 1580 agros

55 1592 255 1663 vexaverant,
279 1584 438 1645 remanere
458 1600 494 1645 se
509 1586 593 1660 apud
607 1600 677 1645 eum
690 1586 770 1646 velle
786 1587 937 1647 dixerunt.
966 1590 1021 1648 His

56 1670 163 1733 cresur
177 1670 351 1730 libertatem
365 1668 528 1729 concessit.

127 1754 211 1817 xvi.
225 1752 406 1815 Germanico
417 1753 499 1813 bello
511 1754 652 1815 confecto
664 1753 766 1814 multis
779 1754 817 1813 de
831 1755 933 1814 causis
948 1755 1018 1816 Cae-

54 1836 223 1899 sarstatait
236 1836 297 1897 sibi
309 1836 449 1898 Rhenmn
469 1850 541 1898 esse
560 1837 796 1906 transeundum
824 1852 952 1912 quorum
971 1839 1020 1899 illa

55 1922 107 1983 luit
117 1920 309 1996 iustissima,
337 1921 434 1997 quod,
461 1936 530 1981 curn
543 1922 662 1982 videret
676 1922 843 1982 Germanos
859 1928 919 1981 tam
934 1923 1017 1984 facila

54 2004 163 2082 inpelli
176 2004 258 2065 utin
274 2004 400 2064 Galliam
413 2005 566 2080 venirent,
588 2006 654 2066 suis
670 2020 794 2080 quoque
809 2007 902 2066 rebus
918 2022 972 2066 eos
987 2008 1018 2065 ti-

15 2132 19 2139 ·
53 2104 131 2151 mere
145 2088 260 2162 voluit,
282 2103 352 2148 cum
366 2088 574 2165 intellegerent
587 2096 618 2150 et
631 2105 727 2164 posse
742 2096 772 2148 et
787 2090 900 2149 audere
915 2092 1020 2165 populi

52 2173 179 2236 Romani
193 2171 362 2233 exercitum
368 2172 508 2239 Rhenum
521 2173 661 2233 transire.
677 2173 819 2233 Accessit
832 2175 930 2249 etiarn,
940 2175 1020 2250 quod

51 2258 99 2319 illa
111 2271 190 2334 pars
206 2254 360 2332 equitatus
367 2257 526 2331 Usipetum
541 2264 571 2317 et
584 2258 808 2331 Tencterorum,
825 2274 916 2332 quarn
927 2275 1022 2333 supra

50 2339 289 2403 commemoravi
309 2340 480 2415 praedandi
501 2340 766 2415 frumentandique
788 2357 883 2400 causa
902 2341 1019 2401 Mosam

50 2424 201 2487 transisse
216 2438 320 2498 neque
335 2424 452 2498 proelio
474 2424 666 2498 interfuisse,
693 2430 765 2499 post
780 2424 881 2499 fugam
896 2442 1021 2488 suorum

49 2526 82 2573 se
96 2518 185 2571 trans
198 2506 342 2568 Rbentun
356 2507 388 2568 in
401 2507 480 2568 fines
496 2506 736 2583 Sugambrorum
749 2515 910 2582 receperat
925 2524 1021 2583 seque

50 2610 115 2657 (11111
128 2592 169 2654 iis
186 2591 397 2654 coniunxerat.
414 2593 465 2655 Ad
477 2606 556 2667 quos
572 2608 641 2654 oum
658 2592 770 2653 Caesar
785 2591 905 2652 nuntios
921 2592 1020 2651 misis-

50 2685 103 2752 set,
118 2677 175 2754 qui
188 2677 384 2752 postularent
397 2691 468 2752 eos,
485 2675 536 2751 qui
552 2675 610 2735 sibi
626 2675 802 2751 Galliaeque
817 2675 928 2734 bellum
943 2674 1021 2738 intu-

51 2762 167 2835 lissent,
183 2758 243 2820 sibi
257 2759 414 2835 dederent,
428 2758 672 2834 responderunt:
699 2758 809 2833 Populi
823 2758 952 2818 Romani
967 2759 1019 2817 1111-

53 2845 168 2921 penam
182 2842 326 2905 Rhenum
340 2843 443 2903 finirea
459 2842 485 2904 si
501 2859 536 2902 se
551 2843 644 2904 invito
662 2842 831 2902 Germanos
846 2842 876 2900 in
893 2842 1020 2901 Galliam

52 2929 179 2989 uartsire
192 2942 256 2988 non
272 2941 405 3002 aequum
420 2926 620 3000 existimaret,
638 2927 754 2986 cursui
770 2925 934 3000 quicquam
949 2938 1020 2983 esse

53 3011 166 3089 imperii
182 3017 235 3073 aul
248 3010 409 3085 potestatis
423 3017 508 3071 hans
522 3008 661 3070 Rhenum
676 3010 866 3084 postularetl
884 3007 952 3067 Ubii
967 3022 1019 3066 au-

56 3100 126 3171 lem,
151 3095 205 3171 qui
219 3094 273 3163 uni
294 3108 334 3153 ex
347 3092 589 3154 lhansrhenanis
604 3093 643 3152 ad
658 3093 820 3154 Caesarem
833 3091 950 3163 legatos
965 3089 1019 3148 mi-

56 3186 160 3253 serant,
177 3177 343 3239 amicitiam
357 3177 501 3252 fecerant,
518 3175 644 3237 obsides
660 3178 817 3248 dederant,
833 3189 1020 3249 magnopere

37 3268 41 3273 '
60 3262 185 3337 orabant,
200 3268 235 3322 ut
249 3259 309 3321 sibi
325 3261 469 3322 auxilium
484 3262 592 3333 ferret,
609 3262 694 3335 quod
708 3257 840 3335 graviter
855 3257 894 3316 ab
910 3257 1020 3319 Suevis

61 3352 279 3419 premerentur3
294 3344 344 3403 vel
359 3343 386 3404 si
400 3346 432 3405 id
447 3347 549 3406 facere
564 3341 819 3418 occupationibus
833 3340 1021 3416 reipublicae

10 3504 12 3509 Ι
63 3428 271 3503 prohiberetur,
288 3427 454 3492 exercitum
468 3428 561 3490 modo
576 3426 717 3491 Rhenum
732 3431 969 3501 transportareta
989 3424 1020 3485 id

94 3529 117 3573 c.
136 3528 234 3573 muns
256 3526 382 3572 111111.
804 3524 822 3577 g
