2272 4176
231 188 395 231 nanneno
414 187 618 231 rvovnrrnno
643 189 670 231 c.
693 181 734 235 85.
757 182 800 235 86.
967 173 1007 237 91
1067 222 1070 227 -

56 356 64 397 ι
81 342 111 397 et
127 337 254 414 ignavia,
275 353 430 414 pessumae
446 342 539 406 artes,
562 336 633 406 illis,
655 338 705 415 qui
721 336 840 398 coluere
856 355 915 408 eas,
936 338 1011 401 nihil

55 421 173 488 -dciunt,
196 421 242 481 rei
256 420 393 497 publicae
415 422 552 481 innoxiae
570 420 645 481 cladi
661 427 737 480 sunt.

107 504 193 566 Nunc
211 505 349 580 quoniam
365 503 429 575 illis,
453 511 594 584 quantum
610 505 668 564 mei
685 520 793 574 mores,
814 522 874 564 non
891 505 1053 574 illorum44

55 589 130 665 ¹gitia
141 587 311 664 poscebant,
324 588 472 666 respondi,
486 605 579 667 pauca
593 588 631 649 de
640 605 674 648 re
685 586 801 665 publica
816 587 929 667 loquar.
946 591 1009 652 Pri·
1018 611 1052 662 45

55 690 106 731 um
125 673 256 732 omnium
271 672 309 732 de
331 671 466 733 Numidia
481 671 593 732 bonum
608 671 744 732 habetote
759 672 898 742 animum,
915 672 1011 743 Quiri·

55 772 76 815 s.
106 754 181 815 Nam
196 772 271 832 quae
286 755 323 816 ad
338 756 397 815 boc
405 761 523 832 tempus
534 754 706 831 Iugurtham
716 761 810 815 tutata
819 763 896 827 sunt,
911 760 1008 819 omnia

57 839 197 907 movistis,
212 840 371 910 avaritiam,
383 840 556 918 inperitiam,
574 836 692 919 [atque]
704 837 882 917 superbiam.
897 839 1008 902 Deinde
1017 854 1052 905 46

55 924 170 984 :ercitus
184 920 224 982 ibi
242 928 294 993 est,
310 922 444 983 locorum
456 923 560 991 sciens,
578 928 622 983 set
636 921 822 983 mehercules
832 925 925 1000 magis
935 931 1010 986 stre·

55 1024 101 1067 ius
116 1023 204 1085 quam
225 1004 304 1066 felix.
333 1006 407 1068 Nam
425 1022 531 1083 magna
547 1023 617 1084 pars
632 1007 695 1066 eius
710 1005 828 1067 avaritia
845 1014 896 1067 aut
916 1013 1008 1070 teme·

55 1097 109 1152 tate
131 1090 241 1150 ducum
263 1089 368 1151 adtrita
388 1096 441 1150 est.
478 1088 706 1161 Quamobrem
724 1107 785 1159 vos,
807 1090 915 1169 quibus
934 1091 1009 1152 mili·
1019 1105 1053 1154 47

55 1176 93 1234 ris
115 1180 195 1234 aetas
217 1179 270 1244 est,
294 1174 456 1235 adnitimini
476 1192 594 1235 mecum
615 1180 645 1234 et
665 1175 807 1252 capessite
828 1191 892 1236 rem
913 1174 1009 1254 publi·

56 1276 104 1318 m:
120 1274 217 1336 neque
232 1275 410 1337 quemquam
424 1277 461 1319 ex
478 1257 640 1319 calamitate
658 1256 783 1320 aliorum
798 1265 850 1318 aut
862 1260 1010 1337 inperato-

55 1358 89 1402 :m
110 1339 249 1419 superbia
267 1347 364 1402 metus
386 1344 506 1419 ceperit.
552 1342 676 1419 Egomet
703 1343 734 1403 in
762 1344 879 1421 agmine
901 1350 957 1412 ¹aut
980 1345 1010 1405 in

54 1423 136 1486 oelio
153 1423 304 1485 consultor
319 1425 399 1486 idem
416 1432 446 1486 et
465 1427 562 1485 socius
577 1424 717 1502 periculis
738 1424 889 1487 vobiscum
908 1427 1009 1496 adero,

55 1526 131 1587 eque
148 1525 260 1586 rosque
277 1510 308 1569 in
323 1508 460 1570 omnibus
474 1508 565 1569 rebus
579 1509 658 1568 iuxta
674 1523 786 1584 geram.
824 1508 862 1569 Et
875 1509 1053 1588 proiectot8

54 1594 86 1653 ris
108 1591 274 1654 iurantibus
296 1594 394 1653 omnia
416 1598 531 1654 matura
551 1598 635 1660 sunt,
659 1592 779 1652 victoria
800 1593 911 1668 praeda
928 1591 1009 1653 laus:

54 1695 99 1737 rae
121 1677 147 1737 si
174 1675 261 1737 dubia
280 1683 331 1738 aut
351 1676 456 1754 procul
478 1682 589 1745 essent,
612 1682 710 1736 tamen
733 1676 828 1735 omnis
848 1674 944 1736 bonos
965 1678 1010 1736 rei
1026 1750 1043 1763 ν

54 1759 157 1821 iblicae
173 1759 330 1822 subvenire
345 1759 476 1821 decebat.
506 1760 621 1822 Etenim
639 1776 726 1820 nemo
742 1759 855 1835 ignaria
869 1759 1009 1820 inmorta-
1019 1764 1053 1817 tt)

54 1845 170 1905 tfactus
188 1850 246 1913 est,
275 1862 373 1922 neque
395 1845 548 1923 quisquam
570 1859 678 1921 parens
698 1840 814 1913 liberis,
841 1844 884 1903 uti
900 1845 1012 1905 aeterni

54 1935 132 1996 rent,
156 1928 273 2006 optarit,
295 1929 388 2007 magis
401 1928 443 1988 uti
464 1926 535 1988 boni
554 1926 728 2005 honestique
743 1926 831 1987 vitam
849 1927 1009 2005 exigerent.

54 2012 114 2072 tura
126 2011 264 2082 dicerem,
277 2010 419 2081 Quirites,
434 2012 459 2071 si
474 2011 581 2072 timidis
597 2014 735 2072 virtutem
748 2008 839 2072 verba
852 2010 1009 2072 adderent:
1020 2020 1054 2072 50

54 2113 95 2154 rm
110 2096 237 2156 strenuis
258 2094 377 2156 abunde
399 2095 509 2156 dictum
530 2095 622 2173 puto.'

110 2177 240 2239 Huiusce
255 2179 335 2239 modi
347 2181 479 2239 oratione
493 2178 593 2239 habita
607 2177 724 2249 diarius,
741 2185 899 2258 postquam
914 2177 1012 2258 plebei
1021 2179 1061 2243 86-

54 2263 140 2323 timos
150 2262 286 2323 adrectos
299 2262 393 2331 videt,
408 2280 537 2342 propere
551 2268 720 2332 conmeatu,
738 2263 892 2341 stipendio,
910 2263 1009 2331 armis,

53 2346 88 2407 iis
107 2345 228 2406 utilibus
254 2347 336 2407 naris
363 2353 482 2411 onerat:
511 2364 579 2407 cum
600 2346 647 2406 his
662 2346 696 2407 d.
722 2346 860 2408 Manlium
882 2346 1011 2423 legatum

53 2430 171 2490 olicisci
188 2429 279 2492 iubet
322 2428 389 2508 lpse
417 2430 529 2491 interea
548 2428 654 2492 milites
674 2429 822 2500 scribere,
844 2447 905 2489 non
926 2446 1036 2494 morea

54 2515 171 2574 aiorum
191 2531 289 2592 neque
311 2513 509 2583 exulassibus,
526 2519 570 2573 set
589 2515 633 2573 uti
656 2515 797 2592 cuiusque
814 2512 914 2574 lubido
936 2519 1009 2581 erat,

53 2599 121 2674 rpite
143 2615 246 2658 censos
267 2597 434 2677 plerosque.
477 2596 510 2657 ld
532 2596 641 2657 iactum
661 2597 710 2658 alii
730 2599 829 2675 inopia
851 2597 1035 2666 bonoruma

53 2683 73 2740 ii
94 2698 149 2758 per
163 2681 351 2742 ambitionem
371 2680 499 2742 consulis
519 2680 731 2750 memorabant,
749 2681 828 2760 quod
848 2681 885 2742 ab
909 2699 944 2742 eo
959 2698 1010 2759 ge·

53 2782 97 2826 ere
119 2763 284 2825 celebratus
299 2772 461 2843 auctusque
478 2770 550 2834 erat,
572 2770 602 2824 et
615 2764 727 2825 bomini
744 2765 905 2842 potentiam
922 2779 1011 2843 quae·
1069 2784 1072 2788 ·

53 2849 101 2909 uti
123 2849 338 2925 egentissumus
353 2849 478 2928 quisque
493 2849 764 2926 oportunissumus,
781 2848 828 2909 cui
845 2866 943 2928 neque
958 2865 1010 2908 sua
1084 2876 1088 2885 ·

53 2951 102 3002 tra,
120 2933 229 3011 qmppe
244 2950 319 3011 quae
333 2931 415 2993 nulla
428 2938 505 3002 sunt,
526 2938 555 2992 et
576 2934 674 2993 omnia
689 2950 757 2993 cnm
772 2933 873 3011 precio
887 2932 1013 2993 honesta

53 3017 168 3077 dentur.

109 3100 202 3177 lgitur
224 3101 334 3163 Marius
360 3120 427 3163 cum
456 3100 604 3180 aliquanto
631 3101 743 3160 maiore
767 3116 893 3161 numero
924 3116 1039 3179 quam

52 3191 178 3247 ecretum
200 3186 314 3247 eratin
335 3185 464 3247 diricam
484 3184 636 3262 proiectus
653 3184 754 3261 paucis
773 3182 877 3245 diebus
898 3185 1013 3248 Uticam

52 3269 189 3331 tuebitur.
231 3269 386 3331 Exercitus
408 3271 435 3331 ei
454 3269 581 3330 traditur
603 3266 788 3328 annuento
810 3267 920 3347 legato:
941 3285 1037 3340 name

54 3352 160 3416 etellus
175 3361 364 3431 conspectum
375 3353 449 3415 llari
459 3352 584 3432 fugerat,
600 3369 638 3412 ne
648 3351 761 3414 rideret
772 3371 815 3421 ea.
828 3370 904 3432 quae
914 3353 1013 3417 audita

52 3438 145 3499 dinus
155 3436 284 3500 tolerare
297 3440 477 3518 nequiverat.
