2272 4176
144 509 186 581 82
438 511 491 574 DE
511 506 637 574 BELLO
660 510 824 575 GALLICO

144 668 275 729 Utuntur
289 671 341 726 aut
354 681 426 726 aere
440 671 493 726 aut
505 664 593 725 taleis
607 663 716 724 ferreis
729 664 769 723 ad
781 669 898 723 eertum
910 681 940 740 pt

143 752 263 811 minatis
279 766 336 825 pro
351 766 484 811 nummo.
506 749 648 809 Nascitur
662 747 704 808 ibi
718 748 878 822 plumbum
893 750 940 809 alb

144 836 323 896 ‹literraneis
337 835 525 910 regionibus,
539 834 570 893 in
584 834 751 893 maritumis
768 833 891 907 serrum,
907 849 940 893 se

143 935 205 995 gua
219 926 267 980 est
281 920 387 995 eopia;
403 934 475 978 aere
489 924 614 978 utuntur
627 919 800 993 importato.
825 917 940 977 Materia

143 1004 266 1078 generis
280 1012 313 1064 ut
326 1004 356 1063 in
366 1003 462 1062 Gallia
476 1008 524 1062 est
537 1008 660 1078 praeter
674 1003 779 1076 sagum
794 1008 889 1075 atque
903 1003 940 1060 ab

144 1104 251 1162 porem
271 1094 302 1146 et
320 1087 464 1161 gallinam
484 1093 515 1147 et
534 1101 676 1146 anserem
696 1091 823 1160 gustare
845 1087 893 1144 las
915 1103 940 1143 n·

142 1171 220 1231 haee
240 1176 341 1231 tamen
363 1171 448 1230 alunt
461 1170 552 1228 animi
566 1171 799 1244 voluptatisque
814 1185 919 1229 eausa.

146 1255 360 1330 temperatiora
374 1269 467 1329 quam
481 1254 511 1313 in
527 1253 624 1313 Gallia
636 1253 867 1313 remissioribus
884 1253 940 1326 lrig

225 1338 303 1398 Xlll.
335 1338 441 1398 Insula
455 1346 563 1397 natura
573 1337 736 1412 triquetra,
764 1336 850 1396 ouius
866 1353 940 1397 unur

66 1463 69 1469 -
145 1427 251 1481 eontra
266 1421 402 1482 Galliam.
441 1421 540 1481 Huius
561 1422 665 1480 lateris
681 1423 757 1480 alter
772 1422 921 1494 angulus,

144 1504 289 1580 Cantium,
305 1522 367 1580 quo
383 1507 447 1565 lere
461 1521 567 1565 omnes
582 1520 622 1565 ex
639 1505 734 1564 Gallia
747 1520 844 1563 naves
858 1519 940 1579 appe

144 1588 292 1649 orientem
304 1591 410 1664 solem,
426 1588 552 1650 inferior
566 1590 606 1648 ad
620 1588 777 1648 meridiem
792 1595 923 1663 spectat.

143 1676 195 1731 net
210 1673 329 1732 eiroiter
342 1673 426 1731 milla
440 1689 591 1748 passuum
606 1673 781 1749 quingenta.
811 1674 940 1731 Alterum

105 1828 111 1837 ο
142 1755 323 1830 Hispaniam
337 1763 430 1830 atque
445 1757 635 1836 occidentem
650 1758 765 1825 solem;
782 1771 843 1830 qua
858 1771 898 1814 ex
910 1773 940 1829 pt

144 1839 258 1914 bernia,
274 1840 398 1900 dimidio
411 1841 519 1915 minor,
534 1848 569 1900 ut
579 1841 765 1914 aestimatur,
782 1855 874 1915 quarn
881 1841 940 1898 Brit

144 1923 210 1997 pari
226 1923 326 1998 spatio
341 1925 541 1983 transmissus
556 1931 649 1999 atque
665 1941 704 1983 ex
713 1924 809 1983 Gallia
822 1931 871 1983 est
885 1925 940 1983 inl

146 2006 177 2065 ln
199 2005 259 2067 hoe
281 2007 382 2066 medio
399 2023 491 2067 eursu
506 2014 554 2068 est
568 2008 683 2083 insula,
713 2023 793 2082 quae
814 2011 940 2082 appella

144 2092 309 2165 conplures
326 2097 486 2166 praeterea
495 2092 629 2152 minores
642 2092 799 2152 subiectae
812 2092 932 2150 insulae

143 2181 207 2246 tur;
223 2176 262 2234 de
279 2175 389 2249 quibus
404 2175 512 2235 insulis
525 2177 662 2236 nonnulli
673 2175 864 2250 seripserunt
876 2176 940 2235 dies

142 2275 207 2318 xxx
229 2259 287 2318 sub
309 2259 416 2318 bruma
437 2274 509 2318 esse
523 2267 653 2320 noctem.
680 2259 744 2319 Nos
759 2258 832 2317 nihil
849 2260 888 2318 de
904 2275 941 2319 eo

142 2341 275 2402 tionibus
291 2343 530 2418 reperiebamus,
547 2344 605 2403 nisi
621 2344 712 2402 certis
728 2358 767 2401 ex
782 2359 865 2417 aqua
880 2359 940 2401 mer

143 2425 244 2484 viores
259 2441 331 2484 esse
348 2442 439 2500 quam
454 2427 485 2485 in
500 2429 666 2488 continenti
681 2434 788 2487 noctes
804 2427 940 2486 videban

142 2515 190 2569 est
203 2508 361 2584 longitudo
376 2511 495 2586 lateris,
520 2517 554 2571 ut
568 2512 626 2570 lert
640 2512 760 2571 illorum
775 2510 897 2585 opinio,
924 2528 940 2568 n

140 2592 270 2652 Tertium
286 2601 334 2653 est
348 2601 455 2655 eontra
468 2596 710 2670 septentrionem
727 2595 776 2654 cui
787 2594 866 2669 parti
879 2597 941 2655 null

142 2682 191 2735 eta
203 2684 295 2752 terra,
311 2679 368 2737 sed
381 2679 447 2739 eius
463 2680 593 2753 angulus
608 2680 711 2740 lateris
727 2678 859 2738 maxime
875 2679 940 2738 adt

140 2766 269 2843 spectat.
298 2761 366 2821 Hoc
386 2762 468 2821 milia
489 2779 638 2837 passuum
659 2780 729 2823 occc
750 2763 782 2822 in
803 2762 940 2836 longitud

141 2842 342 2904 existimatur.
379 2846 424 2904 lta
444 2847 543 2908 omnis
560 2848 663 2909 insula
677 2854 725 2908 est
745 2847 776 2907 in
793 2846 940 2908 cuorutu'

140 2934 204 2988 tun
220 2928 335 2988 milium
349 2944 509 3002 passuum.

223 3011 303 3071 XIV.
325 3011 372 3070 Ex
393 3011 441 3073 his
465 3015 606 3076 omnibus
627 3017 719 3090 longe
740 3021 812 3075 sunt
832 3015 940 3074 human

141 3094 279 3154 Cantium
292 3095 438 3171 incolunt,
456 3101 635 3174 quaeregio
652 3108 700 3161 est
713 3099 875 3159 marituma
891 3115 940 3158 om

139 3179 266 3238 multum
280 3195 299 3238 a
314 3179 430 3240 Gallica
446 3182 593 3244 differunt
607 3183 840 3244 consuetudine.
870 3183 940 3242 Inte

138 3262 228 3337 rique
241 3262 393 3324 frumenta
407 3281 468 3326 non
484 3275 600 3342 serunt,
616 3268 673 3328 sed
687 3270 766 3327 laete
781 3274 811 3326 et
826 3283 918 3326 earne
933 3285 940 3311 r

139 3345 283 3422 libusque
298 3354 371 3407 sunt
383 3350 494 3411 vestiti.
531 3349 644 3412 Omnes
664 3366 739 3411 vero
756 3366 791 3410 se
805 3350 940 3410 Britanni

140 3429 237 3505 ciunt,
264 3432 349 3505 quod
364 3434 537 3493 caeruleum
553 3436 646 3496 elficit
660 3436 812 3509 colorem,
824 3442 932 3509 -atque

139 3512 243 3575 diores
258 3516 376 3576 suntin
391 3533 497 3593 pugna
511 3526 657 3594 aspaotu;
683 3520 860 3595 capilloque
874 3528 940 3579 sunt

138 3602 231 3671 atquo
246 3580 328 3661 omni
345 3608 434 3677 parte
455 3604 595 3677 eorporis
616 3619 689 3665 rasa
708 3609 832 3678 praeter
847 3610 941 3678 eaput

138 3681 292 3755 superius.
304 3684 426 3747 Uxores
435 3686 549 3747 habent
559 3689 631 3748 deni
643 3687 841 3762 duodenique
849 3687 940 3747 inter:

138 3775 195 3825 nes
217 3770 248 3822 et
266 3765 399 3829 maxime
419 3770 529 3830 iratres
545 3787 613 3831 oum
629 3770 757 3832 fatribus
772 3778 940 3848 parentesq
