2272 4176
79 410 88 423 “
121 438 184 504 eoo
440 438 492 499 nu
511 436 637 499 nunno
660 436 776 501 cmm

119 608 230 655 versus
242 607 277 653 se
287 590 427 668 recipere
439 597 616 669 coeperunt.
639 590 749 666 Quare
759 590 1090 659 anmadvmsacaesu
1126 586 1128 591 ’

121 679 227 754 copias
244 693 318 738 suas
334 678 437 738 divisit
450 687 628 755 partemque
642 677 797 753 legionum
808 676 842 739 in
852 682 960 742 castris
971 678 1091 757 Pompei

119 777 279 823 remanere
301 762 405 838 iussit,
426 763 596 839 partemin
618 778 676 822 sua
694 770 799 823 costra
811 764 940 841 remisit,
955 773 1091 841 quattuor

34 910 38 917 ,
121 864 226 908 secum
240 846 379 922 legiones
396 849 483 908 duxit
497 847 769 922 commodioreque
783 847 894 909 illnere
903 848 1090 926 Pompeianis

120 947 283 994 occurrere
292 1003 295 1009 ¹
305 932 407 1009 eoepit
421 940 450 992 et
465 948 652 1009 progressus
666 933 749 992 milia
762 948 915 1008 passuum
930 950 989 994 sex
1002 936 1089 995 aciem

120 1017 272 1079 instruxit.
313 1016 378 1091 Qua
401 1033 436 1077 re
462 1018 678 1077 animadversa
701 1016 881 1092 PompeIani
909 1019 939 1078 in
965 1020 1090 1094 quodam

119 1108 222 1162 monte
235 1102 443 1162 constiterunt.
464 1103 553 1165 Hunc
564 1109 698 1162 montem
708 1101 823 1162 flumen
835 1103 1009 1164 subluebet
1025 1103 1091 1163 Cae·

121 1203 172 1248 sar
188 1187 297 1246 milites
313 1187 505 1261 cohortatus,
529 1186 587 1247 etsi
602 1187 695 1247 totius
718 1186 778 1246 dlei
799 1187 970 1248 continenti
993 1187 1089 1263 labore

120 1280 207 1332 erant
222 1272 352 1332 conlecti
367 1288 492 1348 noxque
507 1272 566 1331 iam
581 1272 714 1344 suberat,
736 1278 839 1332 temen
854 1272 1024 1333 munitione
1040 1271 1088 1331 llu-

120 1372 188 1416 men
201 1373 219 1415 a
230 1363 332 1415 monte
344 1358 478 1431 seclusit,
494 1363 637 1417 nenootu
647 1356 754 1430 aquari
765 1355 947 1433 Pompeiani
957 1362 1088 1432 possent.

121 1442 185 1516 Quo
208 1441 343 1516 perlecto
366 1457 461 1516 opere
481 1441 523 1500 illi
539 1441 578 1500 de
594 1440 748 1501 deditione
761 1440 869 1502 missis¹
881 1443 993 1517 legatis
1008 1455 1089 1517 agere

120 1532 297 1602 coeperunt.
325 1525 418 1586 Pauci
440 1526 555 1585 ordinis
578 1526 737 1599 senatorii,
761 1527 813 1601 qui
834 1541 871 1586 se
886 1542 958 1589 oum
972 1527 1010 1587 ils
1024 1542 1086 1586 con-

119 1611 288 1684 lunxeranl,
305 1618 394 1671 nocte
409 1612 481 1685 luga
494 1612 624 1671 salutem
639 1612 821 1687 petiverunt.

201 1695 331 1754 XCVIII.
365 1695 477 1755 Caesar
492 1696 591 1771 prima
603 1697 672 1755 luce
685 1711 792 1756 omnes
804 1711 869 1771 eos,
887 1694 984 1772 quiin
996 1702 1088 1756 monte

122 1779 341 1856 consederant,
364 1796 404 1839 ex
419 1780 632 1855 superlorlbus
648 1780 725 1840 locis
740 1779 771 1839 in
785 1780 952 1857 planiciem
968 1782 1086 1842 descen-

120 1866 193 1925 dere
218 1870 311 1940 atque
333 1881 417 1925 arma
436 1866 576 1941 proicere
590 1865 689 1925 iussit.
719 1864 807 1939 Quod
821 1864 874 1925 ubi
889 1865 958 1925 sine
972 1881 1086 1927 recusa·

118 1950 201 2010 lione
216 1950 353 2010 lecerunt
367 1951 533 2025 passisque
548 1949 798 2026 palmIsproiecti
809 1950 849 2009 ad
861 1955 976 2010 terram
987 1949 1088 2011 flentes

120 2036 158 2094 ab
180 2051 216 2094 eo
239 2037 368 2095 salutem
390 2035 575 2111 peliuerunt,
598 2035 774 2096 consolatus
797 2050 990 2110 consurgere
1010 2034 1088 2096 iussit

120 2127 150 2180 et
170 2136 270 2195 pauca
291 2121 373 2194 apud
394 2136 449 2180 eos
472 2121 511 2179 de
533 2121 654 2180 lenitate
669 2123 876 2196 suelocutus,
900 2137 963 2197 quo
980 2122 1088 2181 minore

120 2214 225 2265 essent
239 2206 356 2280 timore,
373 2221 478 2265 omnes
496 2206 690 2265 conservavit
704 2205 914 2281 militibusque
930 2207 997 2266 suis
1014 2221 1087 2266 oom-

120 2290 289 2364 mendavit,
312 2305 350 2348 ne
373 2291 424 2364 qui
439 2307 546 2350 eorum
560 2289 760 2365 violarentur,
782 2306 843 2351 neu
859 2290 936 2365 quid
952 2291 1002 2351 sui
1017 2289 1090 2350 desi·

120 2375 272 2434 decorent.
302 2375 368 2434 Hac
383 2374 518 2435 adhibite
533 2375 688 2450 diligentia
702 2391 742 2435 ex
757 2375 866 2435 castris
882 2375 943 2435 sibi
958 2376 1089 2452 legiones

120 2459 195 2517 alias
211 2474 374 2518 occurrere
390 2468 419 2519 et
434 2475 496 2535 eas,
521 2476 598 2534 quas
614 2476 719 2520 secum
735 2461 873 2534 duxerat,
890 2460 921 2520 in
937 2460 1037 2520 vicem
1049 2475 1089 2519 re

121 2545 281 2619 quiescere
302 2545 445 2618 atquem
467 2551 568 2605 castra
595 2545 707 2606 reverti
733 2545 821 2606 iussit
847 2545 1025 2621 eodemque
1048 2545 1089 2605 die

120 2628 257 2688 Larisam
272 2629 418 2704 pervenit.

204 2714 320 2773 XCIX..
348 2715 381 2772 ln
404 2730 440 2774 eo
462 2715 579 2788 proelio
595 2731 656 2774 non
673 2714 802 2790 amplius
819 2715 973 2777 ducentos
989 2716 1091 2776 milites

122 2798 316 2873 desideravit,
332 2800 389 2858 sed
401 2801 605 2874 centuriones,
621 2801 716 2861 sortes
729 2798 823 2873 vicos,
841 2800 964 2861 clrciter
978 2800 1093 2875 triginta

122 2884 230 2944 arnisil.
260 2885 440 2944 Interfectus
463 2891 510 2944 est
530 2885 619 2944 etlam
642 2885 807 2945 fortissime
828 2889 972 2960 pugnans
989 2885 1092 2946 Crasti-

121 2986 190 3046 nus,
207 2970 294 3030 cuius
308 2969 492 3030 mentionem
508 2987 603 3045 supra
618 2971 755 3044 lecimus,
772 2970 873 3043 gladio
889 2971 921 3029 in
937 2988 973 3031 os
990 2971 1092 3030 adver-

122 3073 190 3117 sum
206 3056 354 3116 coniecto.
384 3056 491 3131 Neque
505 3056 536 3115 id
551 3057 607 3115 luit
621 3056 740 3129 salsum,
757 3055 841 3127 quod
856 3055 906 3114 ille
921 3056 952 3115 in
964 3070 1094 3133 pugnam

121 3141 324 3220 proficiscens
346 3141 474 3201 dlxerat.
514 3140 565 3200 Sic
588 3141 667 3200 enlm
689 3140 802 3199 Caesar
824 3139 1034 3212 existimabat,
1059 3155 1093 3199 eo

123 3229 239 3303 proelio
257 3227 543 3286 excellenIIssimam
557 3226 699 3285 victutem
711 3224 839 3284 CrasIIni
857 3225 1093 3302 luissqoptime-

124 3329 184 3390 que
204 3329 274 3373 eum
295 3313 334 3370 de
352 3327 386 3370 se
401 3312 540 3370 meritum
555 3310 716 3371 iudicabat.
745 3310 792 3368 Ex
806 3309 996 3384 Pompeiano
1012 3325 1094 3369 exer-

124 3399 185 3457 citu
200 3398 318 3457 clroiter
332 3397 415 3456 milla
430 3396 603 3472 quindecim
619 3395 770 3455 cecidisse
783 3394 976 3469 videbantur,
998 3395 1054 3455 sed
1067 3394 1095 3451 in

124 3482 308 3544 deditionem
329 3489 479 3542 venerunt
493 3482 623 3556 amplius
637 3481 719 3539 milia
734 3485 878 3556 quattuor
893 3488 923 3539 et
936 3480 1044 3555 viginti
1056 3512 1095 3523 -

123 3583 255 3644 namque
267 3568 357 3627 etiam
369 3567 521 3641 cohortes,
536 3583 615 3641 quae
622 3565 776 3642 praesidio
788 3565 818 3623 in
828 3565 961 3624 casteIIIs
970 3565 1096 3631 luerent.

124 3666 195 3710 sese
210 3652 313 3714 Sullae
329 3653 525 3727 dediderunt,
547 3651 632 3711 multi
646 3658 806 3726 praetcrea
819 3649 850 3708 in
864 3648 1011 3710 finitimas
1027 3648 1094 3710 civi·

125 3744 199 3800 tetes
214 3739 445 3810 refugerunt-
460 3737 611 3811 signaque
626 3734 764 3794 militarie
779 3749 818 3793 ex
832 3733 952 3810 proelio
968 3735 1010 3794 ad
1025 3735 1092 3795 Coe
