2272 4176
138 503 198 566 118
407 518 587 563 onnrrouns
601 521 649 564 nn
669 520 849 563 1111111111

136 669 311 749 agebantur,
334 670 359 729 si
379 670 460 747 prius
481 686 569 747 quam
589 686 640 728 vos
659 667 808 728 serviundi
830 667 936 737 linem,
964 667 1009 728 illi
1030 668 1108 731 doni·

135 754 260 814 nationis
282 753 387 814 lacturi
410 759 508 812 erant:
529 753 702 830 praesertim
721 769 789 811 oum
810 751 856 810 his
875 752 1013 813 civilibus
1034 753 1109 813 arnis

136 837 211 899 dicta
233 836 302 906 alia,
331 842 375 897 set
396 842 540 896 certatum
564 836 712 914 utrimque
738 834 775 895 da
794 835 998 896 dominatione
1018 838 1047 897 in
1067 852 1110 895 111

86 932 117 982 12
136 922 181 981 sit.
205 920 306 998 ltaque
323 928 419 981 cetera
438 939 474 980 ex
488 919 604 980 licentia
624 925 675 979 aut
694 919 760 978 odio
783 925 835 980 aut
854 921 976 979 avaritia
998 922 1029 980 in
1048 927 1109 981 1111·

135 1022 191 1082 pus
205 1022 320 1066 arsere:
338 1005 499 1081 permansit
516 1022 575 1063 una
588 1020 638 1064 res
651 1002 752 1070 modo,
774 1020 848 1083 quae
863 1005 1019 1082 utrimque
1034 1022 1125 1082 quae-r

136 1089 188 1148 sita
217 1096 262 1149 est
289 1095 317 1149 et
344 1096 443 1165 erepta
469 1089 500 1147 in
521 1095 687 1165 posterum,
713 1087 755 1146 vis
783 1086 957 1156 tribunicia,
986 1087 1111 1148 1111111

86 1180 118 1232 13
136 1172 296 1232 maioribus
316 1171 443 1232 libertati
461 1177 605 1249 paratum.
628 1169 713 1241 Quod
735 1185 791 1245 ego
808 1187 983 1230 vosmoneo
1000 1188 1110 1250 quaeso·

136 1273 193 1333 que
215 1262 247 1315 ut
268 1258 397 1316 animum
417 1255 582 1324 advertatis,
604 1273 663 1314 neu
674 1255 792 1314 nomina
808 1271 913 1314 rerum
924 1254 963 1314 ad
979 1256 1111 1333 ignaviam

135 1345 281 1400 mutantes
299 1340 389 1399 otium
406 1356 461 1417 pro
482 1340 598 1399 servitio
619 1336 778 1416 adpelletis.
800 1337 865 1408 Quo
886 1339 946 1397 iam
967 1340 1033 1417 ipso
1054 1338 1111 1405 frui,

135 1424 160 1483 si
177 1440 246 1483 vera
266 1429 296 1483 et
315 1423 436 1484 honesta
458 1421 599 1499 flagitium
618 1423 813 1499 superaverit,
836 1438 899 1480 non
915 1429 962 1482 est
977 1423 1110 1483 conditio:
1116 1446 1131 1489 η

136 1506 246 1575 fuisset,
269 1509 294 1566 si
316 1508 434 1566 omnino
455 1507 616 1584 quiessetis.
652 1505 738 1566 Nunc
759 1507 890 1565 animum
913 1505 1112 1567 advortereot

134 1591 191 1650 nisi
217 1592 356 1658 viceritis,
382 1591 519 1668 quoniam
547 1590 641 1649 omnis
663 1589 769 1648 iniuria
789 1591 933 1664 gravitate
956 1591 1110 1657 1111111111,

137 1674 229 1733 artius
250 1672 412 1733 habebunt.

85 1764 118 1814 14
220 1755 294 1826 Quid
306 1728 525 1833 oensesiglturi
546 1756 648 1834 aliquis
660 1755 975 1816 rostrumsubiecerit.
988 1756 1110 1816 Primum

136 1840 469 1902 omniumamittundum
496 1857 609 1900 morem
636 1840 715 1899 hunc
739 1856 827 1917 quem
848 1840 952 1915 agitis,
989 1841 1129 1918 inpigraas

134 1923 267 2001 linguae,
304 1925 392 1983 animi
412 1925 521 1999 ignari,
543 1941 602 1983 non
625 1921 702 1984 ultra
724 1923 868 1983 contionis
888 1922 992 1984 locum
1012 1939 1109 1983 memo

86 2025 117 2074 15
134 2026 182 2067 res
203 2007 353 2067 libertatis.
403 2007 513 2068 Deinde
534 2040 578 2052 -
598 2025 635 2067 ne
661 2025 714 2066 vos
740 2008 777 2067 ad
805 2005 900 2066 virilia
930 2006 984 2066 illa
1010 2024 1108 2073 rocem

135 2091 214 2169 quod
233 2090 369 2151 tribunos
390 2089 487 2166 plebei
508 2090 610 2160 modo,
638 2096 699 2151 tum
725 2091 884 2168 patricium
905 2093 1107 2168 magistratum,

134 2174 226 2235 libera
252 2174 288 2234 ab
306 2174 475 2234 auctoribus
496 2174 629 2252 patribus
650 2175 788 2250 suffragia
809 2176 939 2235 maiores
959 2177 1108 2251 11111111-

134 2274 236 2318 revere
258 2293 293 2302 -
317 2276 385 2317 cum
405 2260 448 2317 vis
470 2260 572 2328 omnis,
601 2256 734 2327 Quirites,
764 2259 794 2316 iu
817 2257 902 2317 vobis
925 2260 964 2318 sit
995 2269 1024 2318 11
1047 2273 1125 2334 quaet

135 2342 205 2400 iussi
230 2359 310 2401 nunc
335 2359 390 2418 pro
415 2341 478 2400 aliis
500 2340 646 2410 toleratis,
673 2359 728 2418 pro
756 2341 839 2401 vobis
869 2358 961 2417 agere
990 2348 1108 2401 autnon

136 2441 223 2501 agere
244 2431 323 2484 certe
344 2427 469 2500 possitis,
492 2425 590 2485 lovem
613 2431 662 2485 aut
684 2424 773 2484 alium
789 2442 878 2503 quem
896 2425 988 2485 deum
1005 2421 1108 2484 cornul-

87 2512 231 2567 16111111
252 2509 427 2586 expectatis?
453 2507 558 2584 Magna
578 2507 626 2568 illa
648 2507 801 2568 consulum
821 2510 936 2585 inperia
956 2515 988 2568 et
1004 2514 1108 2585 patrum

136 2591 254 2651 decreta
281 2609 331 2649 vos
354 2592 525 2670 exequendo
552 2599 615 2650 rata
645 2592 771 2659 efficitis,
803 2589 949 2660 Quirites,
984 2591 1108 2668 ultroque

87 2684 115 2732 11
134 2673 279 2734 licentiam
296 2676 326 2733 in
346 2692 398 2733 vos
412 2682 531 2734 auctum
552 2681 638 2752 atqtre
658 2675 788 2735 adiutum
811 2677 991 2752 properatis
1020 2675 1124 2751 Nequer

136 2775 190 2834 ego
211 2775 262 2817 uos
281 2757 377 2818 ultum
399 2758 518 2818 iniurias
532 2757 645 2827 hortor,
667 2760 760 2834 magis
776 2759 819 2817 uti
832 2760 971 2836 requiem
986 2759 1107 2837 capiatis:

135 2860 231 2920 neque
254 2841 422 2910 discordias,
443 2848 477 2901 ut
493 2840 534 2901 illi
554 2843 754 2910 criminantur,
776 2848 821 2901 set
842 2860 948 2902 earum
968 2843 1056 2902 finem
1069 2858 1108 2900 11

134 2925 199 2985 lens
218 2927 284 2985 iure
305 2926 434 2999 gentium
450 2942 499 2985 res
517 2931 618 3002 repeto
635 2932 672 2993 et,
688 2927 712 2984 si
733 2927 922 3003 pertinaciter
941 2925 1107 2989 retinebunt,

135 3026 195 3068 non
220 3026 301 3068 arma
322 3026 418 3086 neque
439 3011 648 3078 secessionem,
669 3016 783 3068 tantum
804 3009 895 3068 modo
928 3027 969 3069 ne
997 3007 1108 3087 amplius

85 3103 117 3156 18
134 3094 305 3169 sanguinem
328 3099 457 3154 vostrum
476 3092 641 3170 praebeatis
662 3092 798 3152 censebo.
842 3094 958 3154 Gerant
980 3093 1128 3154 habeant-u

135 3195 192 3256 que
219 3194 272 3236 suo
293 3177 381 3236 modo
402 3178 523 3256 inperia,
548 3183 689 3254 quaerant
707 3175 886 3253 triumphos,
910 3176 1109 3237 Mithridaten,

134 3262 299 3322 Scrtorium
322 3266 351 3321 et
370 3259 508 3339 reliquias
530 3260 648 3321 exulum
669 3267 884 3337 persequantur
901 3278 972 3320 cum
992 3259 1110 3336 imagini·

135 3345 192 3406 bus
206 3346 285 3406 suis:
309 3344 384 3404 absit
400 3344 563 3422 perieulum
576 3352 605 3405 et
614 3343 697 3404 labos
712 3342 818 3420 quibus
830 3343 913 3403 nulla
926 3361 998 3421 pars
1011 3343 1111 3403 fruetus

85 3435 118 3487 19
136 3436 189 3490 est.
211 3428 272 3488 Nisi
284 3429 360 3487 lorte
375 3431 529 3507 repentina
546 3430 600 3488 isla
617 3426 807 3486 frumentaria
823 3426 890 3502 lege
907 3429 1010 3487 munia
1028 3432 1112 3485 vostra

133 3520 311 3592 pensantur:
346 3529 404 3589 qua
430 3519 528 3573 tamen
557 3512 651 3589 quinis
673 3511 778 3570 modiis
799 3510 966 3571 libertatem
989 3511 1130 3571 omniuna

135 3603 345 3664 aestumavere,
368 3598 418 3674 qui
437 3596 571 3674 prolecto
591 3612 649 3653 non
677 3593 802 3671 amplius
825 3602 953 3671 possunt
977 3591 1111 3655 alimentis

136 3683 272 3741 carceris.
296 3679 445 3756 Namque,
473 3687 507 3739 ut
527 3679 583 3738 illis
604 3679 760 3752 exiguitate
778 3695 860 3737 mors
879 3678 1057 3754 prohibetur
1076 3692 1113 3733 se·

133 3770 262 3829 11111111
282 3765 376 3835 tues,
396 3764 547 3842 aioncque
561 3759 681 3821 absolvit
700 3778 772 3820 eura
791 3759 931 3821 familiari
953 3769 1014 3822 tam
1037 3773 1113 3838 paru
