2272 4176
140 497 202 559 392
270 502 273 507 '
444 497 600 560 BELLUM
619 497 798 559 AFRICAE.
882 534 886 543 ·

66 728 70 735 Β
144 649 182 709 ιιι
203 648 363 709 caesarem
383 650 515 727 mittunt,
539 665 604 709 rem
624 665 644 709 a
663 664 698 710 sc
718 658 836 724 gestam
850 652 975 727 docent,
998 656 1084 729 petunt

141 741 304 807 orantque,
329 741 363 794 ut
376 735 441 795 suis
456 734 584 795 fortunis
599 737 733 809 populus
748 737 920 811 Romanus,
945 752 1011 797 cum
1021 736 1084 797 bene

37 886 40 891 ,
140 818 236 882 meriti
252 825 364 894 essent,
380 820 523 879 auxilium
536 819 636 878 ferret.
653 818 765 880 Caesar
779 836 889 881 eorum
899 820 1020 881 consilio
1030 836 1084 896 pro

140 903 211 963 bato
226 903 372 963 Marcium
394 904 532 979 Crispum
551 903 704 963 tribunum
725 920 795 965 cum
816 905 990 966 cohortibus
1009 904 1084 965 tribus

90 1010 93 1015 ·
141 996 171 1048 et
184 988 347 1062 sagittariis
362 989 582 1063 tormentisque
597 989 805 1063 compluribus
821 989 976 1064 praesidio
990 986 1083 1053 Thebe

140 1088 210 1131 nam
223 1071 317 1131 mittit.
346 1072 462 1140 Eodem
482 1080 619 1147 tempore
639 1089 679 1132 ex
693 1073 865 1148 legionibus
881 1074 1015 1135 omnibus
1027 1072 1084 1133 mili·

139 1165 202 1227 ιιι,
229 1157 280 1231 qui
303 1164 361 1217 aut
374 1158 481 1218 morbo
497 1157 631 1232 impediti
646 1163 698 1216 aut
713 1165 885 1219 commeatu
899 1157 970 1218 dato
985 1174 1046 1218 cum
1056 1157 1085 1215 si·

25 1310 29 1317 ,
139 1241 207 1316 gnis
222 1257 282 1300 non
298 1246 460 1316 potuerant
475 1248 544 1302 ante
559 1242 686 1301 transire
701 1242 731 1301 iu
743 1243 888 1316 Africam,
902 1242 943 1303 ad
957 1242 1032 1302 mitia
1043 1256 1086 1313 rur,

140 1326 257 1401 equites
270 1342 346 1401 cccc,
363 1327 532 1388 funditores
545 1325 754 1401 sagittariique
768 1327 849 1386 mille
864 1343 927 1388 uno
943 1332 1087 1388 commeatu

140 1411 262 1471 Caesari
283 1419 488 1472 occurrerunt.
517 1411 624 1485 ltaque
647 1410 783 1470 cumbis
805 1411 904 1486 copiis
926 1416 957 1471 et
970 1408 1087 1471 omnibus

138 1495 310 1570 legionibus
327 1496 453 1569 eductis,
469 1495 548 1556 sicut
562 1501 627 1555 erat
641 1495 821 1570 instructoe,
838 1495 976 1570 quinque
988 1494 1087 1554 milibus

68 1611 70 1615 ν
138 1595 287 1655 passuum
302 1579 340 1640 ab
356 1580 420 1640 suis
436 1580 559 1654 castris,
585 1580 624 1639 ab
639 1579 792 1654 Scipionis
806 1595 882 1641 vero
898 1579 1018 1641 duobus
1030 1577 1078 1638 mili

138 1664 195 1725 bus
211 1680 360 1740 passuum
373 1666 464 1740 longe
480 1664 613 1726 constitit
625 1665 655 1724 in
672 1679 791 1739 campo.

220 1743 377 1809 LXXVIII.
405 1750 477 1811 Erat
498 1750 646 1824 oppidum
665 1748 743 1807 infra
763 1754 865 1810 castra
881 1746 1030 1825 Scipionis
1047 1761 1086 1807 nc

140 1833 217 1893 mine
232 1835 341 1909 Tegea,
355 1834 407 1894 ubi
422 1834 607 1910 praesidium
622 1840 764 1909 equestre
779 1833 900 1893 circiter
911 1835 1037 1894 duorum
1047 1831 1086 1890 mi·

102 1936 105 1941 ’
140 1919 210 1978 lium
226 1915 351 1978 numero
367 1918 481 1979 habere
496 1924 668 1979 consuerat.
695 1916 744 1989 Εο,
762 1918 900 1993 equitatu
915 1914 1022 1978 dextra
1033 1914 1086 1976 sini·

138 2011 201 2063 stra
221 2004 336 2064 directo
360 2003 397 2062 ab
410 2004 526 2079 'oppidi
548 2002 691 2063 lateribus
707 2001 775 2077 ipse
790 2003 930 2077 legiones
947 2018 986 2062 ex
1000 1999 1087 2061 castris

139 2089 265 2148 eductas
291 2095 383 2163 atque
408 2088 439 2147 in
464 2089 535 2162 iugo
560 2086 702 2147 inferiore
724 2087 888 2147 instructas
909 2104 972 2146 ιιοιι
988 2084 1087 2160 longius
1113 2128 1116 2135 .

138 2173 201 2232 fere
215 2174 295 2232 mille
310 2189 424 2248 passus
439 2173 477 2232 ab
493 2173 557 2232 suis
572 2171 786 2231 munitionibus
799 2187 988 2246 progressus
1002 2172 1029 2230 in
1039 2167 1087 2228 acie

138 2258 300 2318 constituit.
330 2258 497 2333 Postquam
518 2257 630 2317 diutius
645 2255 675 2315 in
691 2272 753 2316 uno
769 2257 837 2317 loco
854 2254 960 2331 Scipio
977 2268 1087 2316 commo·

137 2342 224 2401 rabat
213 2350 260 2401 tur
274 2350 304 2403 et
318 2349 438 2417 tempus
451 2342 510 2401 diei
522 2342 553 2401 in
566 2341 626 2401 otio
639 2341 884 2414 consumebatur,
900 2336 1088 2435 Caesareque

138 2431 200 2485 tum
221 2434 333 2487 turmas
356 2443 481 2487 suorum
501 2425 612 2486 iubet
604 2443 634 2490 ιιι
649 2424 782 2486 hostium
796 2425 979 2500 equitatum,
1004 2418 1089 2499 quial

138 2510 303 2595 oppidum
295 2529 325 2570 m
338 2512 468 2573 statione
482 2518 576 2609 egent,
593 2510 715 2570 facere
708 2510 936 2585 inpressionem
951 2511 1089 2581 levemque

140 2590 334 2669 armaturam,
362 2598 534 2671 sagittarios
560 2595 791 2691 funditoresque
816 2593 928 2655 eodem
946 2591 1089 2655 summittit

138 2679 227 2752 Quod
242 2680 293 2739 ubi
315 2690 456 2756 coeptum
471 2688 518 2740 est
532 2679 598 2739 fieri
612 2687 641 2738 ct
655 2678 742 2755 equis
758 2679 918 2740 concitans
934 2677 1056 2739 Iuliani
1050 2692 1089 2734 m·

139 2780 176 2839 pc
178 2765 402 2835 tumfecissent
409 2811 416 2838 ,
390 2764 580 2824 tPacidius
597 2780 671 2825 suos
687 2764 805 2839 equites
823 2763 1023 2838 exporrigere
1037 2774 1090 2821 coe

138 2849 181 2923 pit
195 2849 223 2907 in
233 2850 459 2923 longitudinem,
475 2855 508 2909 ut
514 2849 841 2909 haberentiacultatem
849 2855 968 2908 turmas
977 2846 1089 2907 lulianus

139 2933 352 3008 circumfundi,
375 2941 405 2994 et
425 2933 516 2992 nihilo
532 2933 631 2992 minus
647 2932 811 2994 fortissime
827 2932 1037 3006 acerrimeque
1049 2945 1091 3004 pu·

137 3033 240 3092 gnare.
263 3017 350 3091 Quod
366 3017 417 3078 ubi
434 3018 545 3077 Caesar
560 3016 778 3090 animadvertit,
793 3023 961 3090 trecentos,
977 3032 1051 3091 quos
1064 3026 1093 3073 en

138 3101 308 3178 legionibus
329 3101 442 3162 habere
463 3103 624 3176 expeditos
646 3108 824 3174 consuerat,
851 3117 892 3160 ex
913 3101 1092 3176 proximale

137 3188 237 3261 gione,
254 3203 333 3262 quae
348 3187 375 3246 ei
392 3185 508 3261 proelio
525 3187 554 3244 in
570 3187 635 3246 acie
651 3185 841 3258 constiterat,
864 3186 951 3245 iubet
965 3178 1094 3260 equitatui

138 3287 326 3332 succurrere.
342 3270 494 3331 Labienus
511 3271 627 3330 interim
642 3271 706 3330 suis
722 3270 878 3343 equitibus
891 3270 1005 3330 auxilia
1016 3280 1094 3343 eque

138 3358 212 3415 stria
226 3356 411 3417 summittere
426 3356 601 3430 sauciisque
615 3371 651 3415 ac
667 3354 838 3428 defatigatis
853 3355 993 3429 integros
1004 3367 1094 3413 recen·

137 3440 447 3515 tionibusqneviribus
462 3440 579 3515 equites
593 3438 831 3499 subministrare.
847 3434 1096 3515 Postquamequi·

138 3531 184 3584 tes
204 3525 309 3584 Iuliani
332 3541 398 3584 cccc
418 3525 479 3583 vim
499 3523 632 3584 hostium
653 3523 692 3583 ad
714 3529 858 3598 quattuor
874 3523 963 3584 milia
983 3534 1096 3583 numere

31 3634 34 3639 ·
139 3616 205 3668 sust
206 3611 288 3670 inere
303 3627 364 3670 non
380 3615 519 3684 poterant
534 3615 564 3668 et
577 3607 666 3668 alevi
676 3607 1032 3669 armaturaNumidarum
1041 3604 1132 3689 ιιι·
1128 3598 1132 3633 ¹

139 3693 321 3754 uerebantur
335 3693 563 3768 minutatimque
580 3691 743 3767 cedebant,
760 3690 876 3753 Caesar
890 3693 1017 3754 alteram
1030 3691 1097 3753 dan
1130 3708 1132 3755 ι

69 3788 72 3793 ·
138 3776 232 3897 mittit,
250 3779 302 3855 qui
316 3778 524 3855 satagentibus
539 3775 678 3840 celeriter
690 3782 917 3841 succurrerent
946 3776 1014 3855 Quo
1027 3774 1132 3839 lano
1128 3802 1132 3841 ι

888 3944 894 3953 Ι
1126 3846 1132 3983 11

829 3986 832 3993 ¹
869 3990 873 3999 Ι

894 4083 901 4093 ι
932 4082 937 4091 ι
1044 4084 1054 4095 ,ι

894 4113 899 4121 ι
987 4113 1004 4122 a·
1031 4108 1038 4115 ²
1052 4098 1054 4105 Ι
