2302 4192
473 172 588 233 LIBER
608 172 658 231 111.
984 165 1050 235 205

66 320 184 387 vitet'es
209 330 337 403 totoque
359 326 476 403 Epiros
497 332 528 385 et
551 324 660 398 legatis
686 325 725 385 ad
746 325 909 387 Gaesarem
941 323 1045 390 missis

70 425 154 487 quae
167 410 336 484 imperaret
359 413 494 474 tacturos
509 409 701 484 pollicentur.

154 494 232 555 XHl.
275 498 318 559 At
336 495 499 573 Pompeius
523 495 652 570 cognitis
672 494 720 554 his
735 493 844 569 rebus,
868 508 948 570 quae
961 501 1047 557 crant

71 577 154 640 Orici
173 585 266 655 atque
275 582 458 657 Apolloniae
470 587 566 657 gesta,
584 578 777 657 Dyrrhachio
799 577 908 638 timens
930 578 1046 640 dimnis

70 679 108 724 eo
129 666 354 741 nocturnisque
374 667 532 726 itineribus
554 665 718 725 contendit.
748 663 843 725 Simul
859 664 973 724 Caesar
992 679 1044 738 ap-

68 749 283 823 propinquare
292 751 463 826 dicebatur,
480 758 642 825 tantusque
654 756 753 810 terror
763 748 869 808 incidit
879 749 944 807 eius
958 763 1044 807 exer-

69 833 151 907 citui,
170 835 254 909 quod
269 851 440 911 properans
455 842 576 896 noctem
591 835 650 894 dici
666 835 867 895 coniunxerat
877 847 978 908 neque
988 833 1046 891 iter

67 916 287 995 intermiserat,
309 928 342 980 ut
356 937 456 994 paene
471 936 577 981 omnes
593 935 632 978 ex
645 919 739 995 Epiro
755 918 951 992 finitimisque
965 918 1044 991 regi-

69 1002 181 1061 onibus
198 1003 286 1076 signa
299 1007 514 1080 relinquerent,
532 1006 706 1079 complures
722 1019 806 1062 arma
819 1002 994 1077 proicerent
1008 1017 1045 1061 ac

67 1085 162 1160 iugae
176 1087 274 1147 simile
291 1089 347 1149 iter
363 1091 527 1150 videretur.
555 1089 617 1149 Sed
630 1104 697 1147 cum
711 1103 809 1164 prope
819 1085 1044 1165 Dyrrhachium

66 1169 234 1246 Pompeius
250 1174 437 1235 constitisset
454 1183 616 1250 castraque
630 1173 737 1233 metari
751 1172 904 1246 iussisset,
927 1178 1039 1246 perter-

67 1255 124 1316 rito
142 1257 233 1315 etiam
248 1263 310 1316 tum
324 1260 460 1320 exercitu
474 1260 619 1334 princeps
630 1258 783 1317 Labienus
798 1257 937 1332 procedit
951 1257 1044 1316 iurat-

68 1355 128 1414 que
140 1355 175 1399 se
188 1357 257 1400 eum
269 1358 330 1402 non
342 1344 533 1403 deserturum
545 1344 737 1417 eundemque
749 1358 855 1402 casum
862 1341 1042 1417 subiturum,

70 1440 296 1500 quemcumque
329 1428 356 1486 ei
383 1429 505 1489 fortuna
528 1427 693 1487 tribuisset.
736 1426 804 1486 Hoc
827 1427 908 1485 idem
931 1425 1041 1501 reliqui

67 1509 167 1569 imant
188 1511 296 1584 legati;
317 1513 428 1572 tribuni
449 1513 575 1572 militum
590 1511 847 1585 centurionesque
861 1519 1039 1585 sequuntur,

66 1599 158 1668 atque
180 1594 260 1653 idem
283 1596 380 1655 omnis
402 1598 554 1657 exercitus
570 1597 656 1657 iurat.
687 1597 798 1656 Caesar
814 1603 1040 1670 praeoccupato

66 1677 175 1737 itinere
191 1678 231 1737 ad
244 1680 467 1756 Dyrrhachium
482 1683 573 1740 finem
589 1681 775 1756 properandi
790 1680 863 1738 lacit
877 1685 1041 1754 castraque

66 1763 104 1821 ad
125 1760 243 1821 flumen
255 1764 376 1839 Apsum
397 1768 483 1840 ponit
496 1767 526 1825 in
542 1766 654 1827 finibus
669 1763 920 1839 Apolloniatium,
942 1770 975 1823 ut
989 1778 1033 1822 ca-

66 1847 163 1907 stellis
179 1848 352 1924 vigiliisque
367 1850 445 1911 bene
456 1853 581 1911 meritae
593 1851 729 1910 civitates
741 1855 823 1908 tutae
835 1853 940 1908 essent
951 1862 1036 1923 prae·

66 1932 154 2006 sidia,
170 1932 275 2007 ibique
288 1935 474 2010 reliquarum
489 1951 527 1995 ex
542 1936 627 1994 ltalia
641 1934 793 2009 legionum
808 1934 971 1992 adventum
986 1947 1038 1992 cx·

66 2024 192 2090 pectere
213 2025 244 2077 et
267 2019 325 2078 snb
352 2022 482 2094 pellibus
506 2020 640 2080 hiemare
667 2018 829 2078 constituit.
867 2018 933 2077 Hoc
957 2017 1038 2077 idem

66 2099 232 2176 Pompeius
254 2104 326 2162 lecit
346 2111 375 2162 et
390 2111 473 2164 trans
489 2104 603 2164 flumen
616 2105 737 2178 Apsum
751 2102 860 2179 positis
877 2102 985 2162 castris
999 2117 1037 2164 eo

66 2186 174 2261 copias
191 2202 297 2247 omnes
313 2189 486 2264 auxiliaque
501 2190 655 2249 conduxit.

147 2270 228 2330 XlV.
273 2273 402 2334 Calenus
423 2275 593 2349 legionibus
615 2273 830 2348 equitibusque
843 2271 987 2332 Brundisi
1006 2271 1038 2332 in

66 2371 162 2416 naves
179 2357 338 2432 impositiS,
359 2365 393 2418 ut
407 2367 472 2419 erat
485 2366 683 2435 praeceptum
697 2374 716 2418 a
731 2358 870 2430 Caesare,
895 2362 1037 2432 quantum

66 2440 192 2500 navium
213 2442 385 2502 facultatem
409 2443 556 2518 habebat,
582 2459 677 2504 naves
703 2443 795 2503 solvit
819 2442 1038 2516 paulumquea

66 2533 156 2601 portu
179 2541 364 2601 progressus
385 2529 499 2588 litteras
521 2545 540 2586 a
560 2528 690 2588 Caesare
712 2525 835 2602 accipit,
859 2526 969 2601 quibus
990 2534 1039 2587 est

66 2612 178 2670 certior
194 2612 301 2686 lactus,
323 2619 430 2687 portus
445 2615 594 2688 litoraque
610 2613 712 2674 omnia
726 2610 877 2671 classibus
892 2610 1035 2670 adversa·

66 2696 180 2756 riorum
194 2698 299 2757 teneri.
330 2697 395 2772 Quo
407 2699 529 2772 cognito
542 2713 576 2757 se
587 2698 617 2757 in
629 2704 749 2773 portum
759 2695 868 2769 recipit
878 2710 1038 2771 navesque

66 2796 173 2839 omnes
187 2789 321 2842 revocat.
350 2783 419 2843 Una
433 2799 471 2841 ex
486 2782 543 2857 his,
559 2798 638 2857 quae
651 2779 861 2858 perseveravit
872 2795 972 2854 neque
983 2780 1035 2840 im·

66 2866 151 2941 perio
169 2866 271 2926 Caleni
294 2868 529 2942 obtemperavit,
552 2868 636 2942 quod
656 2874 721 2926 erat
735 2866 802 2926 sine
816 2865 959 2925 militibus
974 2865 1036 2940 pri-

66 2959 199 3025 vatoque
215 2952 343 3013 consilio
359 2952 640 3028 administrabatur,
662 2953 763 3012 delata
777 2950 897 3010 Oricum
912 2957 1004 3025 atque
1020 2966 1039 3008 a

66 3035 174 3095 Bibulo
196 3043 374 3111 expugnata
394 3043 457 3104 est;
481 3037 532 3112 qui
548 3038 587 3096 de
602 3037 700 3097 servis
715 3036 882 3108 liberisque
897 3035 1037 3095 omnihus

66 3120 104 3179 ad
117 3120 294 3195 impuberes
311 3123 493 3198 supplicium
508 3122 599 3181 sumit
613 3129 643 3181 at
656 3122 696 3180 ad
709 3137 803 3181 unum
818 3119 968 3180 interficit.
993 3120 1037 3181 lta

66 3204 176 3279 exiguo
198 3213 337 3283 tempore
358 3222 532 3282 magnoque
554 3223 629 3269 casu
653 3205 747 3267 totius
773 3204 926 3265 exercitus
952 3206 1037 3269 salus

66 3290 209 3351 constitit.

146 3374 213 3436 XV.
255 3375 392 3453 Bibulus,
410 3383 442 3437 ut
455 3391 549 3452 supra
565 3375 809 3437 demonstratum
821 3379 883 3452 est,
894 3381 1052 3435 erutcum

66 3461 163 3519 :tasse
180 3460 223 3519 acl
237 3459 356 3523 Oricum
378 3468 422 3537 et,
447 3464 541 3532 sicuti
561 3464 643 3533 mari
664 3460 1077 3549 portibusqusuacsmn
