2302 4192
66 39 226 81 miflifl‘ss'
251 39 255 49 ¹

452 145 566 214 insu
585 142 664 213 vm.
770 224 773 229 ,
983 124 1044 211 1io

71 303 143 367 llam
163 302 252 365 mittit
270 302 311 365 ad
333 303 468 366 colonias
489 305 600 366 civiun
613 307 819 367 Romanorum
832 304 978 379 tuendas,
1005 317 1045 363 no

74 391 157 467 quod
174 389 272 451 simile
286 388 512 451 incommodum
527 391 680 451 accideret
701 389 884 451 decursione
899 389 1044 450 barbaro-

73 491 154 549 rum,
181 490 218 535 ac
233 474 393 549 superiore
408 482 522 535 aestate
536 475 721 550 Tergestinis
737 475 903 548 acciderat,
929 472 981 548 qui
996 488 1044 533 re·

72 558 198 635 pentino
210 559 368 620 latrocinio
380 561 797 635 atqueimpetueorumerant
808 559 960 636 oppressi.
974 559 1046 634 Ipso

73 646 111 706 ad
124 644 296 705 vastandos
312 644 609 720 depopulandosque
627 646 704 705 lines
718 645 903 720 Ambiorigis
922 643 1044 720 prolici-

73 731 185 799 scitur;
212 744 302 805 quem
317 730 508 803 perterritum
524 745 559 788 ac
576 731 740 804 fugientem
756 747 825 790 cum
838 729 935 805 redigi
951 742 1046 805 posse

74 815 207 875 insuam
223 820 403 889 potestatem
419 815 625 889 desperasset,
641 816 812 890 proximum
828 829 903 874 suae
917 814 1045 888 dignita-

72 900 110 959 tis
124 914 200 959 esse
215 898 356 971 ducebat,
372 899 449 958 adeo
465 899 542 958 lines
558 900 623 962 eius
641 908 764 960 vastare
780 900 913 974 civibuS,
940 897 1044 958 aedifi·

75 983 143 1060 ciis,
171 998 299 1058 pecore,
325 989 358 1043 ut
373 984 444 1044 odio
459 1000 583 1044 suorum
598 984 772 1060 Ambiorix,
788 985 815 1044 si
831 1000 909 1059 quos
925 985 1045 1044 fortuna

75 1069 209 1145 reliquos
226 1067 363 1143 lecisset,
388 1070 502 1129 nullum
521 1070 650 1130 reditum
664 1076 791 1146 propter
804 1076 903 1130 tantas
925 1066 1045 1128 caiarni·

76 1161 149 1216 tales
165 1152 293 1214 haberet
305 1153 336 1212 in
353 1152 510 1214 civitatem.

156 1240 251 1299 XXV.
276 1238 348 1298 Cum
368 1239 397 1297 in
421 1255 525 1299 omnes
548 1245 653 1315 partes
675 1239 779 1300 finium
793 1237 979 1312 Ambiorigis
995 1243 1047 1299 aut

77 1324 211 1400 legiones
228 1328 280 1382 aut
293 1322 406 1383 auxilia
420 1324 586 1385 dimisisset
599 1331 692 1400 atque
708 1325 810 1384 omnia
824 1324 986 1397 caedibuS,
1001 1322 1044 1381 in·

78 1409 201 1483 cendiis,
218 1407 333 1482 rapinis
348 1415 509 1483 vastasset
524 1425 634 1484 magno
650 1425 777 1469 numero
789 1408 944 1468 hominum
956 1407 1046 1467 inter-

78 1494 153 1554 lecto
169 1500 224 1553 aut
237 1500 327 1567 capto
341 1492 506 1552 Labienum
522 1510 590 1553 cum
606 1495 725 1554 duabus
741 1494 913 1569 legionibus
928 1492 958 1550 in
973 1493 1044 1551 Tre-

79 1595 166 1639 veros
180 1577 284 1651 mittit,
311 1594 439 1651 quorum
455 1578 560 1638 civitas
575 1586 702 1654 propter
717 1579 895 1639 Germaniae
909 1576 1045 1636 vicinita-

80 1670 133 1722 torn
149 1661 311 1723 cotidianis
334 1662 499 1722 exercitata
519 1663 606 1722 bellis
623 1666 705 1723 cultu
719 1670 749 1722 et
763 1663 881 1722 feritate
895 1678 956 1721 non
970 1661 1045 1719 mul-

80 1753 136 1807 bun
151 1763 170 1807 a
185 1745 343 1806 Germanis
359 1746 518 1807 diiierebat
538 1763 639 1824 neque
660 1748 809 1823 imperata
829 1761 973 1821 umquam
987 1742 1047 1804 nisi

80 1833 212 1892 exercitu
227 1836 333 1890 coacta
347 1831 486 1890 faciebat.

156 1916 265 1976 XXVI.
287 1915 407 1975 Interim
421 1916 512 1975 Gaius
521 1914 664 1976 Caninius
679 1917 806 1992 legatus,
824 1931 892 1976 cum
906 1930 1047 1990 magnam

80 2000 296 2062 multitudinem
311 2000 493 2060 convenisse
507 2000 640 2061 hostium
656 2001 687 2061 in
702 2002 780 2062 lines
795 2000 955 2061 Pictonum
970 1999 1045 2060 litte-

79 2087 115 2147 ris
130 2083 309 2159 nuntiisque
323 2084 427 2145 Durati
442 2093 656 2162 cognosceret,
685 2086 736 2162 qui
758 2094 906 2162 perpetuo
927 2085 958 2146 in
974 2083 1046 2144 ami·

79 2172 142 2232 titia
156 2175 312 2230 manserat
325 2171 546 2245 Romanorum,
573 2187 640 2230 curn
663 2188 735 2246 pars
751 2171 901 2247 quaedam
917 2168 1046 2230 civitatis
1132 2198 1142 2217 ν

78 2257 139 2317 cius
162 2253 344 2329 deiecisset,
370 2255 410 2314 ad
431 2255 578 2330 oppidum
599 2255 755 2316 Limonem
781 2255 944 2316 contendit.
981 2254 1045 2328 Quo

77 2357 142 2403 curn
169 2340 348 2399 adventaret
371 2346 463 2414 atque
488 2355 527 2399 ex
553 2340 680 2415 captivis
708 2341 820 2400 certius
847 2344 1049 2415 cognosceret

75 2426 175 2488 multis
191 2423 347 2484 hominum
360 2423 481 2484 milibus
497 2426 700 2498 aDumnaco,
723 2427 802 2485 duce
816 2425 964 2498 Andium,
985 2424 1046 2483 Du-

74 2514 184 2574 ratium
200 2511 338 2569 clausum
352 2509 478 2570 Limone
500 2511 671 2585 oppugnari
687 2525 788 2585 neque
803 2509 938 2569 infirmas
953 2508 1046 2583 legio·

76 2613 130 2658 nes
148 2594 291 2656 hostibus
307 2594 492 2655 committere
507 2594 647 2669 auderet,
665 2604 766 2655 castra
780 2593 885 2669 posuit
899 2595 967 2653 loco
982 2609 1046 2652 ruu-

75 2684 147 2743 nito.
176 2682 368 2754 Dumnacus,
391 2694 458 2738 oum
480 2679 730 2754 adpropinquare
746 2678 901 2739 Caninium
916 2692 1047 2752 cognos-

75 2774 136 2843 set,
163 2764 263 2840 copiis
286 2763 426 2824 omnibus
441 2764 481 2823 ad
496 2764 631 2839 legiones
648 2764 807 2824 conversis
823 2770 924 2823 castra
937 2763 1047 2823 Roma·

74 2868 184 2914 norum
200 2864 379 2925 oppugnare
394 2848 528 2908 instituit.
555 2849 627 2908 Cum
644 2850 807 2922 conplures
823 2848 933 2907 diesin
949 2863 1048 2923 oppu-

76 2936 219 3011 gnatione
234 2934 478 3008 consumpsisset
490 2940 519 2992 et
530 2949 640 3007 magno
653 2949 779 2992 suorum
791 2932 969 2993 detrimento
982 2932 1047 2991 nul-

77 3024 134 3081 lam
149 3028 268 3097 partem
282 3019 480 3079 munitionum
501 3019 674 3077 convellere
694 3018 861 3093 potuisset,
885 3033 993 3078 rursus
1008 3014 1048 3075 ad

78 3106 282 3167 obsidendum
296 3104 452 3165 Limonem
465 3103 553 3161 redit.

157 3189 279 3250 XXVII.
308 3189 425 3250 Eodem
445 3195 583 3262 tempore
605 3187 635 3246 O.
650 3184 763 3246 Fabius
786 3186 903 3258 legatus
920 3185 1046 3258 conplu-

78 3292 127 3337 res
142 3275 283 3336 ciiitates
297 3273 327 3333 in
342 3274 434 3334 fidem
447 3273 570 3348 recipit,
592 3270 751 3332 obsidibus
767 3270 866 3330 firmat
879 3267 1046 3345 litterisque

77 3361 131 3422 Gai
145 3358 252 3423 canini
265 3358 365 3419 Rebili
378 3358 412 3417 fit
426 3357 545 3432 certior,
562 3371 641 3432 quae
655 3355 686 3414 in
703 3353 879 3415 Pictonibus
894 3361 1045 3430 gerantur.

76 3446 194 3523 Quibus
214 3442 308 3505 rebus
330 3442 458 3518 cognitis
479 3440 685 3519 proficiscitur
704 3438 744 3499 ad
765 3438 909 3589 algidum
922 3438 1047 3500 Duratio
