2272 4176
219 172 225 183 ·
296 158 454 223 BELLUM
473 160 791 227 ALEXANDRINUM.
965 158 1027 225 345

62 310 129 375 bam
157 312 340 390 diriperent:
369 333 438 375 narn
467 332 501 376 se
530 322 633 377 contra
658 316 796 377 Cassium
821 317 934 378 sentire
960 333 1026 377 cum

63 396 219 469 omnibas;
236 406 343 460 contra
357 400 517 460 Caesarem
531 416 570 460 nc
584 402 727 477 lacerent,
745 416 841 462 orare.

139 524 217 585 LIX.
239 524 351 585 Tantae
364 525 560 588 multitudinis
575 526 718 601 precibus
738 533 769 587 et
788 525 918 586 lacrimis
940 539 1022 584 exer·

62 609 135 670 citus
151 616 324 673 commotus
339 625 408 672 curn
427 612 545 671 videret
564 611 604 670 ad
625 611 762 672 Cassium
782 610 1027 687 persequendum

61 693 130 753 nihil
146 709 231 769 opus
247 708 318 754 esse
333 694 384 755 Cn.
398 694 523 771 Pompei
538 696 658 755 nomine
673 703 704 757 et
720 697 879 770 memoria,
906 703 1028 769 tamque

61 778 201 839 omnibus
219 776 409 839 Caesarianis
422 796 511 855 quarn
524 780 716 856 Pompeianis
728 780 897 856 Longinum
912 793 982 839 esse
996 778 1026 837 in

61 862 145 937 odio,
172 877 276 938 neque
297 879 332 923 se
355 871 537 925 conventum
557 880 657 939 neque
676 865 717 926 Μ.
731 865 907 924 llllarcellunr
922 869 1028 923 contra

62 947 199 1008 laesuris
215 963 340 1008 causam
354 964 450 1023 posse
461 949 638 1025 perducere,
652 965 760 1011 nomen
772 949 897 1024 Pompei
907 964 946 1007 ex
958 964 1026 1008 scu-

63 1034 90 1092 is
109 1032 327 1106 detraxerunt,
348 1032 538 1107 Marcellum,
564 1034 666 1109 quise
682 1034 820 1094 Caesaris
836 1048 959 1093 causam
974 1033 1026 1091 de·

62 1120 218 1176 erasurum
235 1116 441 1191 profitebatur,
458 1118 564 1176 ducem
581 1118 777 1178 adsciverunt
790 1125 1023 1193 praetoremque

62 1202 252 1276 appellarunt
271 1206 300 1259 et
321 1208 502 1261 conventum
522 1201 580 1261 sibi
594 1202 798 1262 adiunxerant
812 1210 972 1276 castraque
987 1202 1025 1260 ad
1114 1194 1119 1209 '

62 1285 231 1345 lordubam
245 1292 422 1359 posuerunt.
453 1285 577 1345 Cassius
592 1301 629 1345 eo
645 1286 737 1347 biduo
753 1287 870 1346 circiter
885 1293 1026 1362 quattuor

63 1369 137 1429 allia
158 1385 310 1444 passuum
330 1386 348 1429 a
369 1370 510 1430 Corduba
530 1370 605 1429 citra
619 1369 731 1430 flumen
745 1372 860 1431 Baetim
874 1372 905 1430 in
921 1370 1025 1445 oppidi
1114 1378 1121 1395 ³

63 1460 230 1528 :onspcctu
255 1455 324 1515 loco
349 1456 475 1514 excelso
500 1454 572 1513 lacit
597 1462 713 1526 castra;
739 1456 854 1515 litteras
870 1456 1024 1528 adregem

63 1538 217 1613 togudem
242 1538 273 1598 iu
293 1538 502 1599 Mauritaniam
529 1538 787 1613 atill.Lepidun1
810 1541 1026 1615 proconsulem

63 1642 80 1683 n
102 1623 288 1697 Hispaniam
303 1623 472 1683 citeriorem
492 1622 587 1697 mittit,
608 1623 745 1682 subsidio
762 1624 820 1683 sibi
835 1623 1025 1698 provinciae·

63 1723 115 1784 pue
132 1707 280 1767 Caesaris¹
331 1724 389 1767 usa
410 1723 501 1783 quarn
521 1707 650 1782 primurn
671 1707 796 1767 veniret.
835 1708 905 1783 lpse
925 1704 1026 1766 hostili

64 1792 147 1853 nodo
164 1791 305 1852 Corduba
327 1792 405 1853 sium
420 1807 512 1867 agros
527 1797 633 1865 vastat,
650 1791 789 1851 aedificia
803 1790 943 1851 incendit.

138 1917 201 1976 LX.
246 1917 338 1977 Cuius
359 1917 402 1975 rei
418 1910 607 1977 deformitate
625 1924 716 1992 atque
737 1916 912 1993 indignitate
932 1915 1025 1990 legio·

64 2018 120 2076 ree,
144 2015 225 2076 quae
244 2000 419 2061 Marcellum
440 2001 497 2061 sibi
513 2002 621 2060 ducem
636 2008 788 2076 ceperant,
811 2002 850 2061 ad
871 2016 1025 2061 eamcam

64 2091 225 2158 :urrerunt
246 2092 278 2145 ut
297 2086 326 2144 in
345 2086 440 2145 aciem
456 2085 657 2146 educerentur
681 2086 828 2161 priusque
843 2083 1026 2159 confligendi

65 2171 113 2231 ibi
130 2174 270 2245 potestas
284 2169 378 2243 lieret,
396 2185 486 2244 quam
502 2185 569 2228 curn
582 2177 664 2230 tanta
678 2170 860 2230 contumelia
873 2169 1025 2229 nobilissi-

65 2270 123 2315 nae
147 2254 384 2328 carissimaeque
407 2253 624 2328 possessiones
644 2255 882 2314 Cordubensium
904 2255 932 2313 in
955 2270 1025 2313 con·

65 2345 168 2415 pectu
180 2354 236 2398 suo
248 2338 372 2411 rapinis,
385 2338 464 2397 lerro
478 2336 659 2413 flammaque
672 2345 930 2399 consumerentur.
945 2336 1024 2396 Mar-

65 2424 163 2496 :ellus,
180 2437 248 2481 cum
261 2421 424 2496 confligere
436 2423 635 2482 miserrimum
652 2430 779 2497 putaret,
795 2423 879 2497 quod
891 2429 921 2481 et
931 2422 1025 2480 victo-

66 2508 96 2568 ls
119 2514 150 2566 et
170 2506 242 2565 victi
257 2506 466 2566 detrimentum
481 2506 521 2564 ad
536 2507 666 2566 eundern
683 2506 842 2566 Caesarem
858 2512 941 2565 esset
955 2504 1023 2562 red·

66 2591 254 2663 induturum,
275 2605 375 2665 neque
387 2606 462 2649 suae
475 2591 633 2663 potestatis
646 2598 744 2665 esset,
759 2591 896 2664 legiones
907 2587 1024 2648 Baetim

66 2674 188 2735 raducit
202 2674 360 2749 aciemque
374 2674 501 2733 instruit.
529 2674 600 2733 Cum
616 2674 753 2734 Cassium
769 2680 873 2734 contm
887 2689 943 2748 pro
959 2672 1024 2732 suis

66 2759 166 2819 astris
178 2757 274 2816 aciem
289 2758 471 2817 instruxisse
486 2759 553 2818 loco
565 2758 723 2832 superiore
734 2758 859 2833 videret,
876 2773 970 2816 causa
980 2756 1022 2814 ln-

66 2843 213 2917 erposita,
229 2843 312 2917 quod
326 2842 352 2903 is
366 2843 396 2900 in
412 2857 541 2916 aequum
556 2858 617 2901 non
633 2836 841 2916 descenderet,
862 2841 1023 2901 Marcellus

66 2926 200 2986 nilitibus
216 2928 389 3000 persuadet,
405 2932 438 2985 ut
452 2942 486 2984 se
501 2926 671 3001 reciperent
683 2926 713 2985 in
730 2932 837 2985 castra.
855 2926 960 2999 ltaque
971 2938 1022 2983 co·

67 3011 123 3071 tias
138 3011 287 3069 reducere
303 3010 411 3085 coepit.
442 3009 576 3085 Cassius,
593 3026 653 3085 quo
667 3010 750 3070 bono
765 3010 885 3069 valebat
897 3008 1023 3068 Marcel-

67 3110 181 3170 umque
196 3094 347 3154 infirmum
362 3110 433 3153 esse
448 3094 576 3167 sciebat,
598 3095 764 3168 adgressus
780 3093 914 3168 equitatu
929 3091 1022 3167 legio·

67 3180 160 3240 iarios
182 3194 217 3238 se
237 3179 418 3254 recipientes
441 3181 612 3252 complures
637 3178 821 3238 novissimos
846 3177 875 3235 in
891 3175 1022 3236 fluminis

67 3264 134 3341 ipis
151 3263 310 3323 interiecit.
341 3264 410 3322 Cum
427 3262 486 3321 hoc
501 3262 694 3336 detrimento,
720 3262 792 3337 quid
807 3261 952 3321 transitus
967 3258 1023 3321 llu-

67 3349 145 3409 ninis
158 3345 211 3409 vili
222 3347 464 3425 difficultatisque
476 3346 610 3420 haberet,
626 3346 778 3421 cognitum
789 3354 880 3421 esset,
895 3346 1022 3405 Marcel·

68 3451 104 3496 us
127 3441 227 3495 castra
242 3432 357 3493 Baetim
378 3432 534 3509 aanslert,
561 3432 731 3509 crebroque
744 3440 871 3508 uterque
886 3431 1021 3509 legiones
