2272 4176
302 39 1076 413 ιη

69 516 114 582 42
362 513 413 576 DE
433 512 558 575 BELLO
581 512 744 576 GALLICO

69 668 196 732 vissimo
211 667 331 745 agmine
344 667 500 745 praesidio
521 665 743 741 impedimentis
765 665 899 741 lucrant,
919 664 1040 743 proelio

70 755 204 818 nuntiato
214 769 307 816 cursu
318 754 441 817 incitato
452 752 483 811 ln
494 766 612 811 summo
620 752 699 810 colle
710 750 748 809 ab
760 749 901 811 hostibus
914 752 1038 827 conspi-

70 841 242 915 ciebantur,
268 845 298 899 et
317 840 350 899 Τ.
365 837 517 898 Labienus
538 833 647 894 castrIs
662 833 797 894 hostium
817 835 934 910 potitus
955 842 1039 899 etex

68 928 138 986 loco
151 924 319 1000 superiore,
332 936 411 997 quae
422 934 473 978 res
484 919 515 978 in
525 919 639 979 nostris
648 919 952 995 castrisgererentur,
966 936 1039 982 con-

70 1010 207 1085 spIcatus
215 1003 519 1078 decimamlegionem
526 1003 665 1064 subsidio
673 1002 786 1063 nostris
794 1003 885 1065 misit.
903 1004 1037 1079 Quicum

69 1110 109 1154 ex
120 1094 255 1169 equitum
266 1098 296 1151 et
308 1091 447 1149 calonum
454 1088 535 1162 iuge,
548 1103 609 1163 quo
621 1087 729 1148 inloco
736 1102 788 1146 res
800 1094 894 1161 esset,
908 1096 1038 1165 quanto·

69 1193 130 1255 que
141 1179 171 1236 in
183 1176 318 1252 periculo
330 1178 361 1232 et
370 1179 472 1231 castra
482 1180 513 1232 et
523 1172 660 1247 legiones
672 1177 704 1231 et
720 1172 887 1247 imperator
898 1188 1037 1233 versare

69 1269 127 1338 tur,
141 1259 365 1334 cognovissent,
377 1255 450 1314 nihil
462 1256 502 1315 ad
515 1257 699 1315 celeritatem
707 1255 882 1333 sibireliqui
890 1256 1036 1318 iecerunt

151 1342 269 1404 XXVII.
291 1341 407 1400 Horum
419 1341 551 1399 adventu
567 1346 651 1399 tanta
661 1355 762 1399 rerum
780 1342 976 1403 commutatio
992 1348 1039 1403 est

69 1431 157 1503 iacto,
172 1432 205 1486 ut
219 1424 324 1500 nostri,
346 1422 436 1484 etiarn
451 1424 503 1499 qui
516 1424 693 1483 vulneribus
709 1423 839 1484 conlecti
854 1425 1037 1499 procubuIs-

69 1517 145 1586 sent,
168 1509 264 1570 scutis
278 1508 373 1568 innixi
387 1509 538 1584 proelium
552 1508 810 1581 redintegrarent,
831 1515 895 1568 tum
911 1510 1037 1571 calones

69 1594 246 1673 perterritos
266 1593 374 1653 hostes
397 1592 567 1668 conspicati
581 1592 672 1651 etiam
692 1592 823 1650 inermes
845 1593 971 1653 armatis
987 1611 1038 1655 oc-

68 1683 233 1752 currerent,
248 1679 366 1753 equites
377 1691 462 1751 vero,
477 1682 511 1736 ut
521 1676 738 1751 turpitudinem
752 1675 844 1749 fugae
856 1675 970 1738 virtute
985 1678 1036 1739 de·
1065 1676 1069 1683 '

67 1767 172 1838 lerent,
188 1761 329 1823 omnibus
340 1761 371 1820 in
382 1761 460 1820 locis
474 1766 652 1835 pugnarent,
668 1775 729 1835 quo
742 1774 777 1818 se
789 1759 967 1834 legionariis
983 1763 1036 1823 mi-
1074 1826 1076 1831 ,

67 1848 169 1909 litibus
181 1847 380 1921 praeferrent.
401 1845 443 1904 At
452 1844 557 1904 hostes
570 1845 658 1904 etlam
670 1844 700 1903 in
712 1850 848 1903 extrema
858 1859 917 1919 spe
928 1846 1036 1907 salutis

67 1937 181 1992 tantam
194 1932 335 1990 virtutem
350 1928 574 2007 praestiterunt,
589 1934 631 2001 ut,
648 1943 716 1987 cum
730 1927 820 2002 primi
835 1943 942 1989 eorum
957 1931 1035 1990 ceci·

68 2016 201 2089 dissent,
223 2014 355 2089 proximi
376 2013 544 2073 iacentibus
564 2011 740 2071 insisterent
760 2017 853 2087 atque
868 2028 908 2072 ex
930 2028 1034 2075 eorum

68 2099 251 2173 corporibus
270 2105 456 2174 pugnarent;
484 2096 533 2157 his
551 2095 676 2156 deiectis
691 2101 720 2154 et
735 2096 925 2156 coacervatis
945 2099 1034 2158 cada-

67 2183 191 2244 veribus
203 2183 255 2259 qui
267 2188 473 2259 superessent,
485 2189 519 2242 ut
529 2197 567 2240 ex
578 2181 693 2242 tumulo
703 2180 764 2241 tela
774 2182 804 2242 in
816 2189 941 2243 nostros
952 2183 1033 2245 coni-

67 2274 171 2327 cenent
185 2273 214 2327 et
228 2268 291 2341 pila
310 2267 478 2342 intercepta
497 2267 697 2326 remitterentr
718 2271 827 2326 utnon
849 2268 1032 2344 nequiquam

66 2357 167 2413 tantae
180 2351 299 2410 virtutis
311 2350 450 2411 homines
465 2349 592 2409 indicari
604 2349 730 2409 deberet
741 2366 835 2411 ausos
850 2366 923 2411 esse
937 2358 1033 2413 bans-

66 2435 110 2494 ire
124 2435 305 2494 latissimum
319 2434 441 2508 flumen,
457 2433 625 2492 ascendere
640 2433 804 2494 altissimas
819 2434 915 2511 ripae
931 2437 1034 2497 subire

66 2519 289 2595 iniquissimum
310 2520 429 2587 locum;
459 2532 538 2591 quae
558 2517 660 2576 facilia
674 2532 713 2577 ex
735 2518 922 2580 difficillimis
944 2514 1032 2581 animi

67 2603 242 2678 magnitudo
257 2601 428 2676 redegerat.
528 2624 540 2651 ο

150 2687 283 2747 XXVIII.
311 2686 377 2745 Hoc
391 2685 509 2759 proelio
524 2685 605 2744 facto
628 2690 658 2744 et
672 2701 771 2761 prope
792 2685 832 2745 ad
851 2685 1034 2749 internecio·

68 2786 134 2830 nem
156 2777 245 2845 gente
266 2784 303 2828 ac
324 2769 445 2829 nomine
458 2768 638 2829 Nerviorum
658 2770 783 2829 redacto
804 2769 937 2830 maiores
951 2777 1034 2848 natu,

67 2871 145 2930 quos
165 2869 310 2914 unacum
331 2852 435 2928 pueris
450 2853 690 2929 mulieribusque
703 2853 734 2912 in
755 2854 909 2914 aestuaria
922 2871 960 2915 ao
980 2872 1035 2931 pa-

66 2939 153 2999 ludes
166 2938 322 2999 coniectos
335 2938 518 3010 dixeramus,
530 2937 588 2996 hac
599 2953 703 3013 pugna
713 2938 849 2997 nuntIata
860 2954 928 2999 eum
939 2939 1035 3002 victo·

64 3023 148 3084 ribus
171 3022 243 3082 nihil
263 3021 455 3096 impeditum,
482 3021 570 3080 vlotis
591 3022 664 3081 nihil
684 3028 781 3081 tutum
808 3022 1047 3099 arbitrarentur,-

66 3106 207 3181 omnium,
231 3106 283 3180 qui
298 3112 488 3181 supererant,
513 3121 669 3166 consensu
682 3106 802 3179 legatos
817 3107 857 3165 ad
873 3107 1035 3169 caesarem

65 3191 213 3249 miserunt
228 3204 325 3264 seque
341 3190 368 3248 ei
384 3190 567 3249 dediderunt
582 3196 612 3249 et
632 3189 662 3248 in
678 3191 947 3251 commemoranda
961 3192 1035 3252 civi-

65 3274 134 3333 tatis
151 3272 319 3333 calamitate
334 3289 373 3332 ex
388 3275 543 3333 sexcentis
559 3274 599 3333 ad
612 3280 675 3334 tres
691 3280 862 3351 senatores,
884 3291 924 3335 ex
937 3274 1033 3336 homi-

65 3373 136 3417 num
150 3357 271 3418 milibus
285 3373 325 3416 nx
344 3357 398 3417 vix
411 3358 451 3417 ad
467 3358 665 3433 quingentos,
689 3357 740 3434 qui
762 3375 846 3418 arma
865 3361 946 3419 terre
959 3376 1032 3434 pos·

66 3447 148 3516 sent,
170 3457 241 3501 sese
261 3441 404 3503 redactos
426 3457 498 3501 esse
513 3443 663 3501 dixerunt.
702 3441 785 3515 Quos
801 3444 928 3520 caesar,
952 3446 1033 3505 utin

64 3524 192 3586 miseros
215 3541 251 3584 ac
272 3526 428 3602 supplices
442 3542 519 3587 usus
541 3525 752 3587 misericordia
771 3528 943 3603 videretur,
967 3529 1033 3589 dili·

65 3609 243 3682 gentissime
259 3611 453 3671 conservarit
466 3611 595 3688 suisque
609 3610 721 3670 finibus
737 3618 829 3687 atque
851 3613 975 3688 oppidis
989 3613 1034 3673 uti

64 3690 155 3752 iussit
167 3698 198 3753 et
210 3693 343 3756 finitimis
358 3694 527 3771 imperavit
548 3702 582 3757 ut
597 3695 635 3756 ab
656 3694 767 3756 inlurIa
787 3703 817 3756 et
830 3697 982 3758 maleficio
998 3713 1033 3761 se

65 3789 202 3855 tuosque
216 3778 421 3854 prohiberent.
