2272 4176
57 42 214 121 mimo

123 132 126 137 ’
429 158 626 221 rrmromr
944 156 1011 227 tlt

58 310 272 386 dunaessent,
293 328 461 388 quemquam
472 316 574 389 anese,
596 317 644 390 qui
659 317 849 377 vadimonium
859 318 1007 392 concipere

58 404 172 543 megia.
183 483 224 541 od
235 482 316 541 Fam.
334 482 405 556 VII,
426 484 462 557 8,
485 460 506 544 1⁸
513 506 520 540 =
551 484 669 560 Scripsit
686 486 723 543 ad
733 503 778 543 me
790 482 894 544 Caesar
902 486 1008 560 perhu-

58 568 150 626 miter
168 568 296 625 nondum
312 574 340 625 te
358 570 410 626 sibi
428 571 495 626 satis
513 587 577 628 esse
588 572 750 629 familiarem
760 578 875 644 propter
886 588 1006 644 occupa-

58 670 122 713 anes
136 670 220 724 suas,
243 653 295 709 sed
310 660 384 710 certe
398 656 466 711 lore.

111 737 268 796 ldcmt'bt‘d
281 735 331 810 17,
353 737 387 800 2ε
417 737 486 796 Cum
505 740 633 797 viderem
654 757 698 797 me
719 757 738 797 a
757 739 877 797 Caesare
893 739 1007 797 honori-

58 823 212 880 centissime
229 823 341 878 tractari
355 830 382 879 et
395 825 476 880 unice
489 825 565 898 diligi
576 824 751 896 hominisque
763 826 954 881 liberalitatem
965 826 1006 881 in-

58 908 194 965 redibilem
211 915 238 963 et
254 908 424 980 singularem
438 908 524 964 fidem
534 926 662 981 nossem,
684 911 724 966 sic
736 910 762 965 ei
772 916 799 966 te
811 910 1007 967 commendavi

59 996 65 1047 l
82 993 198 1063 tradidi,
227 997 256 1047 ut
271 994 437 1065 gravissime
455 993 720 1066 diligentissimeque
736 994 822 1066 potui.
865 993 946 1062 Quod
960 995 1006 1050 ifle

59 1085 109 1135 tet
122 1077 234 1149 accepit
243 1083 270 1132 et
280 1077 347 1132 milri
358 1094 445 1150 saepe
456 1078 551 1134 litteris
562 1078 730 1151 significavit
741 1084 768 1135 et
777 1079 825 1135 tibi
837 1085 864 1135 et
873 1080 968 1136 verbis
979 1084 1007 1135 et

59 1163 197 1219 sostendit
207 1178 272 1217 mea
284 1163 524 1218 commendatione
536 1181 600 1219 sese
612 1163 696 1221 valde
708 1182 771 1220 esse
785 1170 960 1220 commotum.

109 1245 191 1304 Idem
204 1247 266 1302 ibid.
278 1245 310 1318 1,
331 1248 361 1315 9,
383 1245 439 1308 19:
467 1247 507 1303 De
523 1248 633 1304 Vatinio
654 1250 773 1321 primum
794 1248 899 1305 reditus
920 1250 1005 1305 inter-

59 1338 154 1390 taaerat
168 1333 200 1387 in
217 1331 335 1403 gratiam
355 1348 407 1404 per
427 1333 606 1404 Pompeium,
628 1335 718 1389 statim
735 1341 764 1388 ut
782 1335 827 1390 ille
837 1339 950 1406 praetor
965 1340 1007 1390 est

59 1424 125 1474 ctus.
163 1418 232 1473 Post
242 1422 335 1472 autem
346 1414 490 1488 Caesaris,
512 1419 627 1472 utillum
639 1418 836 1487 defenderem,
858 1420 928 1475 neira
939 1436 1005 1475 con-

59 1504 111 1560 ctio
128 1509 174 1558 est
189 1506 348 1557 consecuta

107 1587 165 1645 Cic.
178 1587 218 1642 od
231 1584 263 1654 Q.
276 1587 317 1658 fr.
332 1582 370 1641 ΙΙ
373 1629 381 1657 ,
404 1585 460 1657 16,
483 1584 517 1647 5:
546 1585 606 1644 Sed
620 1585 691 1642 heus
709 1592 752 1655 tu,
775 1587 860 1642 celari
875 1586 975 1643 videor
989 1604 1007 1643 a

104 1670 340 1740 Quomodonam,
369 1672 405 1725 mi
426 1673 524 1742 irater,
547 1672 583 1727 de
605 1672 707 1727 nostris
728 1672 857 1727 versibus
879 1668 1002 1727 Caesari

60 1774 93 1815 m
109 1757 236 1829 primum
247 1755 347 1811 librum
358 1772 389 1812 se
400 1757 504 1827 legisse
516 1757 626 1828 scripsit
638 1755 675 1811 ad
686 1772 730 1811 me
742 1760 805 1811 ante
818 1761 845 1809 et
854 1755 945 1827 prima
956 1754 1002 1826 sic,

60 1846 152 1914 neget
164 1858 197 1895 se
209 1855 245 1894 ne
257 1839 363 1895 Graeca
375 1840 488 1911 quidem
499 1843 615 1896 meliora
626 1840 739 1912 legisse,
754 1839 861 1911 reliqua
874 1839 911 1895 ad
918 1855 1002 1911 queu-

60 1944 85 1984 m
97 1928 199 1982 locum
211 1912 407 2002 ρᾳθυμότερα.
450 1926 509 1981 Hoc
521 1926 594 1981 enim
608 1926 691 1980 utitur
702 1926 799 1981 verbo.

102 2009 190 2067 Idem
204 2008 266 2063 ibid.
278 2009 343 2079 III,
367 2008 400 2078 1,
424 2008 478 2070 1οε
508 2010 548 2065 De
565 2010 704 2064 tribunatu
721 2008 796 2080 quod
810 2008 925 2078 scribis,
949 2026 1002 2081 ego

60 2114 88 2153 ὀ
109 2094 278 2150 nominatim
292 2094 379 2166 petivi
398 2092 507 2164 Curtio,
530 2095 638 2149 etmihi
654 2095 715 2166 ipse
730 2092 834 2150 Caesar
845 2093 1002 2151 nominatim

60 2183 117 2239 rtio
137 2185 270 2251 paratum
285 2196 348 2234 esse
364 2180 506 2251 rescripsit
521 2195 667 2249 meamque
683 2179 710 2233 in
726 2177 853 2251 rogando
869 2194 1002 2233 verecun-

63 2284 96 2323 m
113 2264 286 2334 obiurgavit.

103 2348 164 2406 Cic.
181 2348 221 2402 ad
234 2348 286 2403 Att.
301 2348 321 2403 I
325 2349 356 2418 V,
380 2347 434 2418 16,
458 2345 511 2407 13:
541 2348 583 2402 Ex
606 2348 696 2403 lratris
717 2346 813 2401 litteris
833 2345 1006 2401 incredibilia

61 2434 170 2493 tedam
186 2431 222 2486 de
235 2430 362 2488 Caesaris
375 2433 402 2486 in
414 2449 458 2488 me
470 2449 565 2487 amore
577 2433 714 2504 cognovi,
738 2446 827 2501 eaque
842 2435 905 2483 sunt
918 2429 1005 2499 ipsius

61 2519 158 2577 esaris
178 2517 324 2571 uberrimis
343 2518 438 2572 litteris
457 2516 626 2572 confirmata.
667 2514 817 2570 Britannici
833 2512 897 2568 belli
916 2514 1005 2569 exitus

61 2608 201 2661 tactatur.
246 2598 357 2656 Constat
370 2602 442 2656 euim
453 2602 543 2656 aditus
555 2601 662 2655 insulae
676 2617 738 2655 esse
751 2597 870 2653 munitos
882 2597 1005 2653 mirificis

61 2689 155 2745 libus.
200 2684 289 2739 Etiam
310 2686 376 2740 illud
392 2686 445 2739 iam
463 2686 603 2757 cognitum
623 2690 677 2753 cst,
699 2699 791 2754 neque
812 2682 919 2752 argenti
937 2683 1004 2737 sori-

61 2789 120 2827 .um
136 2786 203 2825 esse
218 2771 303 2824 ullum
318 2770 344 2824 in
360 2770 406 2824 illa
420 2771 509 2824 insula
524 2785 614 2840 neque
630 2770 714 2823 ullam
725 2784 805 2839 spem
815 2764 940 2837 praedae
952 2766 1005 2821 nisi

67 2853 234 2924 mancipiis.

103 2939 161 2997 Cic.
174 2938 213 2992 ad
225 2936 256 3003 Q.
268 2937 308 3009 fr.
321 2935 385 3007 ΙΙΙ,
404 2936 438 3005 1,
457 2936 510 2996 172
533 2934 601 2992 Cum
614 2936 687 2992 hanc
701 2937 757 2991 iam
772 2924 917 3006 epistolam
929 2951 1004 2990 com·

61 3039 177 3090 carem,
199 3023 334 3076 tabellarii
350 3039 366 3076 a
379 3023 460 3077 vobis
475 3028 613 3077 venerunt
627 3037 651 3076 a.
663 3021 729 3076 d.x1
741 3021 801 3074 Kal.
815 3017 915 3089 [Sept]
927 3020 1003 3075 vice-

62 3126 94 3165 ro
119 3108 176 3162 die.
217 3104 301 3161 Ome
323 3107 483 3161 sollicitum!
508 3111 640 3176 quantum
662 3122 715 3176 ego
737 3103 811 3159 dolui
832 3103 859 3156 in
875 3100 1003 3161 Caesaris

62 3192 201 3250 ovissimis
217 3190 328 3245 litteris!
351 3189 409 3246 Sed
421 3206 475 3260 quo
488 3196 566 3244 erant
577 3190 736 3258 suaviores,
761 3205 795 3242 eo
806 3186 941 3242 maiorem
952 3187 1001 3244 do·

64 3293 114 3335 em
130 3276 202 3330 illius
217 3275 262 3329 ille
279 3292 360 3330 casus
377 3275 520 3329 afferebat.

107 3358 188 3416 Idem
198 3359 259 3415 ibid.
272 3365 288 3426 s
301 3356 354 3419 25:
376 3359 418 3414 Ex
430 3359 571 3414 Britannia
583 3356 687 3415 Caesar
698 3356 735 3412 ad
747 3372 790 3412 me
798 3356 858 3412 Kal.
868 3354 944 3430 Sept
952 3357 1001 3414 de-

62 3444 197 3517 liberas,
220 3458 289 3518 quas
302 3461 355 3517 ego
368 3443 464 3519 accepi
479 3461 506 3501 a.
515 3444 541 3502 d.
553 3461 591 3501 1111
598 3444 658 3503 Kal.
668 3441 788 3516 Octobr,
801 3443 868 3501 satis
879 3460 1002 3505 commo·
