2272 4176
64 449 127 515 126
352 449 404 511 tm
426 448 551 511 BELLO
575 449 759 551 cantico·

63 606 193 680 turigum
216 603 376 679 perfidiam
395 605 510 666 veritos
531 606 711 680 revertisse,
739 604 851 681 quibus
874 606 906 666 id
921 606 1033 669 consilii

63 691 160 750 luisse
176 690 384 765 cognoverint,
400 698 441 765 ut,
458 692 483 750 si
496 690 607 751 liumen
622 690 812 765 transissent,
827 708 891 752 una
902 708 943 752 ex
955 699 1036 769 parte

63 775 132 850 ipsi,
149 777 245 835 altera
257 775 388 835 Arverni
405 791 439 835 se
455 775 722 836 circumsisterent.
738 775 773 834 ld
787 792 865 836 eane
881 777 921 837 de
937 793 1034 852 causa,

64 876 154 936 quam
171 861 278 934 legatis
294 860 539 936 pronuntiarunt,
566 877 603 920 an
621 859 750 936 perfidia
764 861 888 922 adducti
903 862 1035 937 iecerint,

64 945 149 1021 quod
164 945 235 1004 nilril
251 946 340 1006 nobis
357 952 485 1018 constat,
502 961 561 1004 non
578 946 698 1005 videtur
715 960 770 1019 pro
787 954 871 1007 certo
884 961 958 1007 esse
968 964 1037 1022 pro-

63 1031 248 1109 ponendum.
276 1029 428 1104 Bituriges
444 1045 549 1090 eorum
566 1030 710 1090 discessu
725 1031 826 1091 statim
842 1047 912 1091 cum
927 1035 1035 1092 Arver-

63 1114 111 1175 nis
126 1115 298 1188 iunguntur.
424 1106 430 1119 ’

147 1200 198 1258 Vl.
220 1199 274 1257 His
290 1198 382 1259 rebus
403 1197 433 1258 in
454 1199 569 1259 ltaliam
585 1200 708 1259 Caesari
729 1200 874 1262 nuntiatis
890 1217 960 1261 cum
981 1201 1035 1261 iam

64 1285 114 1344 ille
138 1282 271 1343 urbanas
298 1298 348 1343 res
373 1283 483 1344 virtute
506 1284 579 1343 Gnei
600 1283 727 1360 Pompei
753 1286 993 1346 commodiorem
1007 1286 1034 1346 in

65 1376 174 1429 statum
190 1369 370 1442 pervenisse
390 1368 592 1444 intellegeret,
619 1369 650 1428 in
664 1370 895 1444 Transalpinam
913 1372 1036 1431 Galliam

63 1455 220 1530 proiectus
236 1459 292 1513 est.
321 1452 366 1514 Eo
382 1470 450 1515 cum
465 1455 616 1528 venisset,
642 1470 752 1529 magna
764 1455 947 1516 difficultate
962 1455 1033 1515 adii-

65 1539 207 1611 ciebatur,
225 1554 287 1614 qua
301 1540 418 1600 ratione
433 1541 472 1600 ad
484 1540 649 1599 exercitum
663 1539 822 1614 pervenire
832 1547 953 1614 posset.
965 1539 1036 1599 Nam

66 1624 91 1684 si
107 1623 243 1697 legiones
259 1624 288 1683 in
306 1625 493 1700 provinciam
508 1632 688 1699 arcesseret,
705 1640 739 1684 se
751 1626 879 1685 absente
891 1626 921 1686 in
934 1625 1036 1685 itinere

66 1708 182 1783 proelio
206 1708 401 1787 dimicaturas
428 1711 637 1783 intellegebam
667 1710 694 1769 si
718 1709 787 1785 ipse
808 1711 849 1770 ad
871 1710 1036 1771 exercitum

66 1793 278 1869 contenderet,
301 1811 339 1854 ne
355 1796 391 1855 iis
408 1796 531 1871 quidem
546 1810 582 1854 eo
598 1804 749 1870 tempore,
776 1795 827 1871 qui
844 1794 940 1871 quieti
954 1795 1035 1855 vide

66 1886 178 1952 rentur,
194 1894 281 1939 suam
296 1883 423 1940 salutem
438 1887 521 1938 recte
536 1880 678 1940 committi
693 1879 824 1939 videbat.

148 1964 214 2023 Vll.
237 1964 358 2025 interim
372 1964 530 2025 Lucterius
547 1965 703 2024 Cadurcus
725 1964 754 2023 in
769 1965 908 2025 Rutenos
924 1965 1035 2024 missus

64 2063 133 2110 cam
148 2049 299 2109 civitatem
314 2051 461 2110 Arvernis
478 2049 626 2110 conciliat.
648 2048 837 2123 Progressus
852 2049 884 2107 in
899 2047 1034 2109 Nitiobri-

66 2150 120 2209 ges
136 2142 166 2195 et
182 2134 313 2196 Gabalos
327 2136 364 2195 ab
379 2136 516 2210 utrisque
531 2134 655 2195 obsides
672 2133 782 2208 accipit
796 2141 826 2193 et
840 2149 954 2208 magna
968 2140 1032 2194 coa-

66 2225 115 2279 eta
128 2235 220 2279 manu
235 2219 265 2277 in
281 2221 467 2295 provinciam
475 2221 647 2280 Narbonem
661 2234 772 2279 versus
788 2219 980 2293 eruptionem
994 2218 1032 2277 ia-

66 2319 136 2363 cere
151 2304 314 2364 contendit.
343 2305 408 2378 Qua
422 2321 455 2364 re
467 2306 602 2364 nuntiata
617 2305 729 2364 Caesar
744 2303 885 2366 omnibus
902 2301 1035 2363 consiliis

65 2389 315 2448 antevertendum
330 2389 527 2464 existimavit,
547 2396 580 2449 ut
594 2390 765 2449 Narbonem
780 2387 1035 2463 proficisceretur.

65 2471 109 2530 Eo
126 2488 195 2531 cum
210 2473 361 2547 venisset,
383 2474 522 2533 timentes
538 2473 713 2548 confirmat,
729 2472 884 2549 praesidia
899 2472 929 2532 in
944 2474 1034 2532 Rute-

66 2556 112 2615 nis
128 2556 382 2632 prom‘ncialibus,
408 2558 514 2617 Volcis
534 2558 739 2633 Arecomicis,
765 2556 959 2617 tolosatibus
981 2556 1035 2616 cir·

66 2641 383 2715 cumqueNarbonem,
396 2657 476 2718 quae
487 2643 555 2702 loca
566 2642 707 2702 hostibus
719 2649 806 2702 erant
816 2641 951 2716 finitima,
965 2657 1035 2701 con-

66 2724 169 2798 stituit,
185 2730 302 2800 partem
318 2727 476 2802 copiarum
491 2742 530 2786 ex
544 2726 703 2801 provincia
717 2728 1036 2802 supplementumque,

68 2809 149 2883 :ruod
164 2824 203 2868 ex
221 2810 306 2869 ltalia
321 2811 504 2885 adduxerat,
519 2810 549 2869 in
565 2811 706 2885 HelvioS,
723 2812 774 2887 qui
789 2811 867 2870 fines
882 2810 1033 2871 Arverno·

66 2911 130 2954 rum
148 2894 335 2969 contingunt,
352 2895 516 2956 convenire
530 2896 622 2955 iubet.

147 2980 225 3039 Vlll.
247 2980 302 3041 His
318 2980 411 3041 rebus
424 2980 609 3056 comparatis
620 2995 765 3055 represso
781 2980 841 3039 iam
852 2980 992 3041 Lucterio
1008 2987 1038 3039 ct

64 3070 189 3137 remoto,
207 3065 290 3140 quod
305 3066 417 3125 intrare
429 3066 506 3126 intra
517 3064 672 3140 praesidia
684 3065 889 3139 periculosum
901 3065 1035 3140 putabat¹

64 3156 94 3209 in
108 3149 233 3209 Heleos
249 3149 465 3224 proficiscitur.
493 3149 558 3210 Etsi
573 3166 661 3210 mons
678 3150 833 3223 Cevenna,
857 3149 909 3224 qui
924 3151 1037 3209 Arve-

64 3250 120 3295 nos
134 3234 172 3294 ab
179 3234 294 3293 Helviis
306 3235 459 3308 discludit,
475 3234 639 3296 durissimo
652 3240 788 3310 tempore
804 3233 874 3294 anni
889 3233 1037 3295 altissima

64 3321 134 3379 nive
149 3318 206 3379 iter
219 3319 414 3394 impediebat,
430 3328 530 3380 tamen
546 3321 690 3380 discussa
704 3321 774 3379 nive
790 3334 846 3380 sex
860 3318 890 3377 in
905 3317 1034 3378 altitudi-

64 3419 133 3464 nem
148 3405 261 3480 pedum
282 3411 375 3481 atque
395 3405 437 3464 ita
455 3406 514 3465 viis
536 3404 696 3480 patefactis
711 3420 829 3464 summo
845 3402 972 3464 militum
986 3418 1035 3465 su·

64 3488 139 3549 dore
164 3490 204 3549 ad
229 3491 307 3550 fines
331 3489 541 3550 Arvernorum
555 3487 701 3565 pervenit.
743 3489 858 3562 Quibus
875 3485 1036 3564 oppressis

64 3573 308 3649 inopinantibus,
325 3574 410 3650 quod
425 3591 460 3634 se
475 3575 617 3635 Cevenna
631 3579 665 3632 ut
678 3586 765 3632 muro
781 3573 914 3634 munitos
930 3572 1033 3633 existi-

64 3657 201 3731 mabant,
226 3674 263 3719 ac
278 3675 316 3719 ne
332 3659 477 3735 singulari
490 3658 613 3734 quidem
626 3672 770 3731 umquam
784 3655 896 3718 homini
909 3672 947 3719 eo
961 3664 1034 3717 tem·

64 3756 137 3819 pore
154 3741 224 3801 anni
239 3743 367 3804 semitae
380 3748 551 3819 patuerant,
566 3740 720 3819 equitibus
735 3741 878 3818 imperat,
893 3750 927 3803 ut
944 3759 1035 3821 quam
