2272 4176
130 484 169 545 18
244 502 287 541 ns
313 496 488 540 carimeris
510 491 750 537 cosrvnnrroars
773 490 802 533 o.
822 481 865 539 ³5.
886 480 931 537 36.
949 480 993 537 37.

130 650 230 710 alienis
251 642 419 707 nominibus
439 641 596 703 liberalitas
617 638 770 701 Orestillae
791 639 854 699 suis
873 638 1009 715 tiliaeque
1022 638 1102 715 copiis

130 730 324 809 persolveret,
344 735 388 788 set
409 726 487 803 quod
503 743 562 786 non
584 726 687 802 dignos
702 723 837 783 homines
851 721 966 782 bonore
978 720 1102 781 honesta·

130 826 175 874 tos
195 812 330 873 ridebam
352 826 458 887 meque
474 808 546 869 lalsa
563 808 724 886 suspitione
751 802 912 865 alienatum
930 820 993 865 esse
1007 806 1102 865 sentie-

102 898 208 957 oham.
228 896 291 955 Hoc
309 895 427 953 nomine
444 894 512 951 satis
528 892 664 952 honestas
673 906 727 970 pro
738 905 807 951 meo
823 904 893 948 casu
905 904 974 965 spes
987 886 1103 947 relicuas

103 980 276 1057 sdignitatis
299 975 515 1037 conservandae
535 994 600 1035 snm
620 981 746 1036 secutus.
787 969 878 1035 Plura
900 968 1120 1031 conscriberes

103 1063 250 1133 pvellem,
273 1060 436 1120 nuntiatum
457 1065 501 1119 est
520 1060 578 1118 rim
598 1058 670 1118 milri
690 1060 797 1136 parari.
842 1053 931 1118 Nunc
953 1050 1105 1113 Orestillam

132 1144 293 1205 conmendo
309 1150 433 1219 tuaeque
447 1142 514 1201 fidei
529 1141 627 1201 trado:
642 1160 707 1201 earn
722 1141 758 1201 ab
773 1142 880 1202 inituia
895 1134 1045 1213 defendat,
1060 1152 1106 1219 per

130 1228 239 1288 liberos
261 1234 326 1286 tuos
340 1230 469 1301 rogatus.
505 1224 634 1285 Havete?

80 1320 120 1379 3o
214 1311 265 1370 Set
286 1312 348 1386 ipse
367 1325 477 1385 paucos
497 1308 559 1367 dies
580 1314 768 1368 conmoratus
789 1307 867 1383 apud
889 1306 926 1367 G.
942 1306 1107 1367 Flaminium

130 1394 290 1454 Flammam
306 1395 335 1453 in
350 1408 421 1466 agro
437 1392 586 1460 Arretino,
610 1391 678 1451 dum
693 1390 867 1450 vicinitatem
883 1397 971 1451 antea
982 1390 1131 1452 sollicita-tt

131 1486 189 1536 tam
208 1477 296 1535 armis
319 1483 452 1543 exornat,
476 1492 543 1534 cum
560 1472 687 1533 fascibus
706 1479 793 1550 atque
807 1472 870 1533 aliis
885 1474 984 1552 inperi
998 1474 1104 1551 insigni·

105 1561 187 1624 abus
201 1562 231 1619 iu
253 1565 347 1618 castra
362 1557 397 1615 ad
412 1557 551 1617 Manlium
570 1556 725 1618 contendit.
757 1556 837 1616 Haeo
851 1555 905 1616 ubi
919 1555 1032 1618 Romae
1046 1574 1105 1617 con·

130 1648 213 1719 perta
232 1648 307 1711 sunt,
324 1646 440 1702 senatus
454 1639 603 1700 Catilinam
621 1646 650 1701 et
663 1638 802 1700 blanlium
819 1639 914 1699 bostis
928 1641 1050 1711 iudicat,
1065 1660 1105 1701 re·

131 1736 211 1784 terae
226 1724 402 1785 multitudini
416 1724 493 1785 diem
505 1725 613 1793 statuit,
630 1729 697 1783 ante
711 1741 800 1801 quarn
814 1725 878 1784 sine
893 1722 1002 1785 fraude
1015 1722 1106 1785 liceret

131 1808 167 1867 ab
183 1808 271 1867 armis
286 1808 445 1877 discedere,
464 1814 582 1885 praeter
598 1825 699 1867 rerum
715 1804 882 1884 capitalium
900 1808 1130 1870 condemnatiszr

104 1898 283 1967 :epraeterea
298 1892 443 1960 decernit,
460 1892 503 1951 uti
519 1889 653 1951 consules
669 1888 805 1951 dilectum
823 1889 964 1961 habeant,
977 1892 1106 1951 Antonius

132 1993 198 2034 eum
213 1976 342 2035 exercitu
358 1973 508 2034 Catilinam
524 1976 660 2051 persequi
676 1980 810 2043 maturet,
828 1973 933 2035 Cicero
948 1974 1019 2035 urbi
1032 1991 1104 2053 prae·
1124 2002 1135 2081 ἓ

132 2059 203 2117 sidio
225 2060 269 2117 stt.

105 2152 119 2197 e
216 2141 256 2201 Ea
269 2146 441 2218 tempestate
452 2140 522 2198 milri
537 2141 682 2215 inperium
692 2139 793 2217 populi
807 2138 935 2201 Romani
947 2142 1041 2203 multo
1054 2160 1106 2203 ma·

134 2243 219 2285 nume
233 2222 398 2284 miserabile
418 2224 509 2282 visum
533 2231 591 2281 ost:
615 2226 746 2282 cuicum
770 2222 806 2282 ad
826 2241 967 2286 occasum
991 2226 1028 2286 ab
1049 2233 1131 2286 onia

132 2308 199 2368 solis
215 2310 311 2367 ornnia
325 2307 433 2367 domita
456 2306 544 2365 armis
559 2313 712 2383 parerent,
735 2307 814 2366 domi
831 2308 923 2368 otium
941 2316 1031 2388 atque
1046 2310 1106 2370 diri·

133 2395 201 2459 tiae,
226 2406 301 2468 quae
322 2392 414 2466 prima
431 2388 568 2448 mortales
585 2397 696 2465 putant,
718 2389 891 2460 adfluerent,
914 2391 1001 2454 luere
1019 2401 1106 2453 tamen

132 2478 216 2543 eires,
230 2474 279 2550 qui
293 2490 382 2550 seque
394 2490 514 2549 remque
527 2472 674 2550 publicam
690 2474 839 2533 obstinatis
850 2476 957 2535 annnis
968 2478 1106 2554 perditum

104 2561 214 2618 oiront.
250 2556 381 2634 Namque
397 2556 511 2616 duobus
526 2558 617 2615 senati
633 2558 757 2617 decretis
780 2575 816 2617 ex
833 2564 916 2619 tanta
930 2559 1106 2621 multitudine

130 2660 225 2718 neque
240 2642 369 2718 praemio
384 2640 519 2700 inductus
534 2641 763 2701 coniurationem
774 2641 956 2716 patefecerat
969 2662 1064 2723 neque
1077 2656 1128 2705 era

132 2726 233 2785 castris
255 2722 391 2784 Catilinae
413 2725 566 2801 quisquam
593 2726 723 2783 omnium
751 2723 940 2786 discesserat:
967 2734 1047 2789 tanta
1071 2730 1105 2786 ris

131 2808 227 2867 morbi
249 2815 324 2876 erat,
349 2826 423 2886 quae
445 2809 488 2866 uti
508 2806 590 2865 tabes
605 2805 762 2885 plerosque
781 2809 888 2869 citium
906 2813 1022 2871 animos
1037 2814 1104 2871 inra-

80 2893 216 2954 arserat.
249 2890 350 2969 Neque
365 2890 459 2950 solum
475 2889 530 2949 illis
545 2889 637 2949 aliena
653 2897 827 2960 merserat,
851 2894 902 2970 qui
920 2898 1031 2955 conscii
1045 2912 1103 2955 eou-

131 2976 279 3034 iurationis
294 2974 417 3043 luerent,
434 2981 477 3033 set
495 2975 611 3032 omniuo
624 2981 729 3033 eiurato
741 2973 842 3050 plebes
853 2992 1000 3039 novarum
1014 2994 1104 3039 rerum

130 3059 223 3117 studio
244 3057 380 3118 Catilinae
400 3060 514 3134 incepta
537 3057 689 3136 probabat.
721 3058 752 3117 ld
770 3057 843 3117 adeo
859 3077 944 3122 more
960 3080 1016 3124 suo
1033 3063 1123 3121 rideat

105 3150 119 3197 :t
130 3143 215 3201 batur
231 3142 336 3202 lacere.
371 3141 444 3201 Nam
460 3158 575 3219 semper
597 3144 627 3201 in
645 3142 771 3209 civitate,
795 3141 904 3219 quibus
925 3163 997 3223 opes
1018 3145 1102 3206 nullae

131 3234 206 3295 sunt,
231 3225 315 3286 bonis
330 3226 457 3286 invident
470 3225 562 3285 malos
583 3224 732 3293 extollunt,
750 3232 848 3285 vetera
864 3227 956 3289 odere
971 3248 1044 3291 nora
1060 3247 1101 3289 ex·

131 3317 239 3387 optant,
265 3310 331 3369 odio
353 3328 471 3369 suarum
493 3327 593 3370 rerum
614 3311 721 3370 mutari
744 3310 842 3369 omnia
863 3313 997 3383 student,
1027 3312 1100 3373 turba

131 3401 217 3471 atque
232 3393 420 3454 seditionibus
434 3396 496 3454 sine
512 3412 582 3455 cura
597 3394 727 3461 aluntur,
745 3395 883 3471 quoniam
900 3404 1014 3473 egestas
1029 3394 1099 3455 laede

104 3494 118 3536 a
130 3478 254 3539 babetur
273 3479 335 3539 sine
356 3479 471 3539 damno.
501 3478 551 3538 Set
565 3478 677 3539 urbana
694 3477 804 3554 plebes,
829 3496 864 3538 ea
879 3498 951 3540 vero
971 3492 1118 3558 praecepss

103 3570 192 3625 serrat
203 3562 239 3623 de
254 3561 351 3622 multis
363 3563 480 3623 caussis.
506 3562 637 3624 Primum
652 3564 791 3630 omnium,
809 3565 859 3640 qui
875 3564 985 3643 ubique
1000 3562 1098 3641 probro

132 3651 218 3723 atque
231 3645 388 3723 petulantia
404 3664 539 3707 maxume
548 3646 742 3725 praestabant,
758 3648 827 3706 item
842 3645 888 3705 alii
901 3665 955 3726 per
966 3648 1095 3709 dedecora

130 3731 310 3803 patrimoniis
324 3733 445 3801 amissis,
460 3738 609 3808 postremo
624 3748 725 3791 omnes
737 3748 811 3809 quos
821 3730 965 3809 flagitium
978 3739 1025 3793 aut
1038 3727 1093 3789 iaci·
