2272 4176
67 466 129 534 142
356 462 410 525 ult
428 459 554 525 BELLO
578 459 742 524 GALLICO

65 620 214 683 Divitieco
224 618 284 684 sibi
294 618 436 681 traditum
448 632 488 677 ex
498 614 603 677 humili
613 617 683 677 loco
698 615 739 677 ad
749 628 900 677 summum
910 614 1037 694 dignita

65 702 1036 783 temperduxeratinequitumnumeroeonvenerantnominatin

66 791 105 852 ab
119 807 158 852 eo
173 791 302 855 euocati.
329 790 386 850 llis
405 795 471 849 erut
489 787 568 848 inter
581 802 618 847 se
632 787 672 848 de
685 786 860 864 principatu
874 790 1037 867 metendo,

66 877 141 937 etin
155 877 206 937 illa
224 875 454 952 magistratuum
468 872 680 934 controversia
694 875 770 934 alter
783 888 842 949 pro
858 872 1038 938 Convictoli-

65 962 143 1038 tevi,
168 963 244 1023 alter
258 977 314 1039 pro
330 960 405 1020 Ceto
421 958 548 1020 summis
563 958 675 1034 opibus
689 966 913 1036 pugnaverant
942 960 989 1021 Ex
1002 959 1038 1021 iis

66 1046 258 1123 Eporedorix
270 1042 522 1121 cognitoLitaviei
533 1044 662 1105 consilio
676 1044 778 1104 medie
792 1044 858 1104 lere
870 1052 964 1106 nocte
976 1060 1039 1107 reru

67 1133 106 1192 ud
120 1132 282 1192 Caesarem
302 1131 415 1199 delert;
441 1135 524 1203 oret,
549 1144 589 1189 ue
608 1129 740 1205 patiatur
760 1128 915 1190 civitatem
936 1131 1039 1207 pravis

66 1216 306 1277 adulescentium
328 1213 464 1275 consiliis
486 1214 525 1273 ab
547 1215 678 1275 amicitie
697 1213 805 1289 populi
818 1215 952 1275 Romani
967 1215 1038 1277 dell-

66 1314 152 1371 cere;
179 1300 263 1376 quod
278 1300 411 1360 futurum
426 1297 602 1375 provideat,
628 1299 655 1359 si
676 1313 711 1358 se
729 1305 774 1359 tot
787 1297 947 1360 hominurn
960 1300 1040 1361 milia

66 1400 133 1443 cum
149 1384 288 1445 hostibus
304 1383 532 1458 coniunxerint,
557 1401 688 1461 quorum
708 1384 838 1443 salutem
851 1394 957 1461 neque
970 1401 1037 1462 pro

66 1468 171 1545 pinqui
191 1471 356 1546 neglegere
374 1483 477 1545 neque
499 1468 606 1531 civitas
627 1468 688 1530 levi
707 1475 862 1530 momento
877 1470 1040 1533 aestimare

67 1559 181 1629 posset

146 1638 206 1699 XL.
228 1636 341 1714 Magna
355 1637 485 1699 allectus
500 1638 705 1700 sollicitudine
718 1639 779 1700 hoc
792 1639 901 1702 nuntio
918 1640 1039 1718 ὒιοιιιι,

66 1723 148 1799 quod
174 1738 300 1799 semper
321 1724 518 1785 Haeduorum
540 1724 651 1785 ciuitati
665 1723 834 1801 praecipue
859 1725 1038 1803 induemur,

67 1810 148 1869 ntdle
161 1808 343 1885 interposita
357 1807 546 1871 dubitatione
561 1809 700 1884 legiones
716 1809 880 1886 expeditas
896 1817 1038 1888 quattuor

66 1893 294 1969 equitatumque
309 1908 429 1955 omnem
445 1909 484 1954 ex
499 1894 608 1955 castris
623 1895 739 1970 educit,
760 1909 818 1954 nec
833 1895 891 1958 luit
905 1896 1036 1973 spetlum

65 1979 115 2039 tali
134 1986 273 2055 tempore
292 1979 332 2040 ad
353 1978 562 2041 contrahendo
580 1987 695 2056 cestre,
721 1979 805 2055 quod
822 1995 876 2042 res
890 1981 1036 2057 positeiu

65 2063 219 2125 celeritate
232 2064 411 2136 videbatur;
438 2063 544 2124 Gaium
559 2064 685 2125 Fabium
705 2065 838 2140 legatum
858 2082 931 2128 cum
944 2066 1036 2143 legio--

67 2148 154 2210 nibus
170 2149 292 2210 duabus
308 2151 417 2212 eastris
433 2149 589 2226 praesidio
605 2149 757 2226 relinquit.
773 2150 898 2212 Fratres
912 2151 1035 2214 Litauici

65 2250 133 2294 cum
149 2234 357 2311 conprehendi
372 2235 532 2309 iussisset,
552 2235 645 2310 paulo
660 2242 731 2296 ente
745 2236 861 2311 reperit
876 2237 917 2298 ad
932 2236 1036 2299 boues

66 2319 192 2393 fugisse.
217 2318 406 2380 Adhortatus
421 2318 540 2394 milites,
554 2334 594 2378 ne
608 2318 784 2381 necessario
800 2327 942 2396 tempore
954 2322 1037 2384 itiue·

64 2402 107 2462 ris
121 2402 228 2462 lebore
241 2409 490 2478 permoveantur,
515 2403 723 2478 cupidissimis
738 2405 881 2466 omnibus
894 2421 1037 2483 progres-

66 2502 118 2547 sus
137 2486 220 2546 milia
239 2503 388 2562 passuum
407 2504 472 2546 xxv
492 2504 600 2563 agmen
621 2489 818 2551 Haeduorum
839 2493 1037 2568 conspicatus

65 2570 192 2631 inmisso
214 2571 350 2647 equitatu
369 2573 426 2633 iter
441 2587 546 2633 eorum
561 2582 696 2634 moratur
711 2581 803 2650 atque
816 2574 936 2651 inpedit
949 2577 1038 2637 inter·

65 2655 200 2731 dicitque
214 2655 364 2732 omnibus,
380 2673 420 2718 ne
435 2673 619 2734 quemquem
633 2659 823 2719 interficient.
851 2659 1038 2736 Eporedori-

64 2755 133 2816 gem
147 2748 178 2801 et
189 2740 430 2818 Viridomarum,
456 2758 535 2818 quos
555 2743 596 2803 illi
611 2745 788 2805 interlectos
803 2744 1039 2821 existumabant,

64 2826 142 2886 inter
155 2826 274 2901 equites
288 2828 405 2888 versari
421 2843 559 2904 suosque
574 2830 731 2905 appellare
745 2828 837 2890 iubet.
863 2830 919 2892 llis
937 2829 1038 2907 cogui-

64 2912 102 2972 tis
124 2917 156 2972 et
173 2910 299 2972 Litaviei
319 2913 427 2973 fraude
447 2921 613 2991 perspecta
632 2913 751 2975 lleedui
771 2930 881 2976 manus
902 2917 1039 2993 tendere,

65 2994 251 3058 deditionem
271 2997 445 3073 significare
466 3007 497 3060 et
515 2999 661 3076 proiectis
677 2999 769 3059 armis
783 3006 913 3062 mortem
929 3002 1040 3079 depre-

65 3080 127 3142 cari
143 3080 299 3157 incipiunt.
313 3082 470 3146 Lituvieus
482 3101 552 3146 cum
564 3084 629 3146 suis
641 3084 812 3161 clientibus,
827 3085 942 3162 quibus
956 3101 1040 3149 more

65 3165 220 3228 Gallorum
234 3169 322 3228 netas
338 3175 386 3230 est
401 3169 513 3231 etiem
505 3187 536 3230 ru
548 3178 685 3234 extrema
696 3171 819 3234 tonum
829 3170 977 3234 deserere
986 3188 1040 3251 pa·

64 3258 181 3328 bonos,
198 3252 381 3328 Gergoviam
395 3256 540 3331 profugit

144 3299 219 3402 x'tl.
242 3336 355 3400 Caesar
369 3341 482 3403 nuntiis
497 3342 536 3402 ad
552 3341 703 3405 civitatem
713 3314 913 3407 Haeduorum
926 3343 1040 3419 missis,

66 3422 190 3499 quisue
209 3422 361 3486 beneflcio
377 3435 579 3489 conservatos
602 3428 766 3505 docerent,
794 3443 874 3505 quos
889 3428 956 3488 iure
969 3425 1040 3489 belll

64 3505 238 3571 interlicere
252 3509 418 3589 potuisset,
442 3512 603 3591 tribusque
622 3513 706 3574 horis
722 3513 822 3575 noctis
838 3512 988 3575 exercitui
1002 3509 1040 3572 ad

65 3590 198 3668 quietem
218 3595 298 3656 datis
318 3604 419 3658 cestm
443 3598 483 3660 ad
504 3597 686 3675 Gergoviam
710 3598 814 3659 movit.
848 3597 952 3659 Medio
978 3599 1040 3658 lere

63 3674 171 3739 itinere
185 3680 304 3756 equites
319 3682 445 3747 aFeblo
460 3682 547 3745 missi
553 3689 692 3761 ,quanto
709 3697 761 3743 res
776 3682 807 3742 in
822 3682 962 3758 periculo
977 3683 1039 3743 lue

63 3760 118 3845 rit,
142 3771 311 3844 exponunt.
340 3766 474 3832 Summis
488 3730 587 3847 copi'is
602 3773 704 3831 castra
718 3773 901 3847 oppugnata
916 3768 1036 3829 demon-
