2272 4176
478 198 591 259 LlBER
611 200 645 259 ll.

28 348 31 353 ’
65 352 123 413 bus
138 350 238 411 rebus
253 349 389 427 permoti
410 355 529 425 equites
543 351 682 424 treveri,
705 368 835 426 quorum
848 354 926 414 inter
941 356 1045 418 Gallos

25 481 33 489 .
65 436 188 496 virtutis
204 436 311 509 opinio
327 442 377 494 est
391 433 564 509 singularis,
581 436 633 511 qui
648 436 752 494 auxilii
765 453 859 496 causa
873 438 910 497 ab
926 440 1045 501 civitate

23 588 27 593 ,
63 521 104 579 ad
119 521 288 580 caesarem
313 519 402 578 missi
421 528 584 593 venerant,
614 536 682 580 cum
700 521 891 580 multitudine
912 523 1043 584 hostium
1115 558 1122 569 ι

10 618 18 693 p
63 612 171 665 castra
194 603 359 678 compleri,
390 603 526 677 legiones
553 606 650 678 premi
677 610 707 662 et
730 620 829 677 paene
857 605 1043 668 circumven-

10 702 22 777 Ῑ
63 696 111 749 las
131 688 250 761 teneri,
280 689 423 759 calones,
452 689 588 763 equites,
618 689 802 762 funditores
831 688 976 750 Numidas
998 693 1041 751 di·

52 788 179 855 ‘versos
201 771 437 846 dissipatosque
457 770 487 830 in
509 788 616 832 omnes
638 779 741 847 parles
756 773 863 847 lugere
883 774 1043 850 vidissent,

63 856 243 932 desperatis
258 856 375 915 nostris
390 855 484 914 rebus
496 857 617 915 domum
634 857 871 927 contende1·1nt;
886 858 1042 919 Romanos

11 998 14 1005 .
65 943 178 1016 pulsos
188 948 427 1015 superatosque,
449 941 558 999 castris
572 940 857 1016 impedimentisque
872 957 977 1002 eorum
988 943 1040 1004 ho-

10 1018 16 1101 !
64 1031 129 1085 stes
145 1025 263 1100 potitos
279 1023 395 1082 civitati
409 1025 667 1085 renuntiaverunt.

10 1111 19 1195 l
150 1109 246 1169 XXV.
277 1108 392 1167 Caesar
411 1108 449 1166 ab
471 1109 606 1166 decimae
627 1108 755 1182 legionis
779 1109 987 1169 cohortatione
1003 1111 1040 1170 ad

11 1200 14 1205 '
65 1195 211 1253 dexuum
232 1208 331 1251 cornu
353 1191 528 1266 proiectus,
549 1192 602 1250 ubi
617 1208 692 1252 suos
713 1194 814 1266 urgeri
831 1194 989 1268 signisque
1011 1196 1040 1253 in

66 1294 160 1337 unum
175 1279 277 1338 locum
293 1276 423 1337 conlatis
436 1276 636 1335 duodecimae
651 1277 779 1351 legionis
795 1279 950 1337 consertos
965 1279 1038 1336 mili-

66 1371 112 1421 tes
124 1361 186 1421 sibi
201 1361 290 1435 ipsos
303 1360 344 1419 ad
354 1375 489 1434 pugnam
500 1376 573 1419 csse
587 1360 802 1434 impedimento
814 1362 898 1435 vidit,
914 1369 1039 1436 quartae

66 1444 204 1506 cohortis
225 1444 369 1514 omnibus
386 1445 615 1504 centurionibus
637 1445 748 1505 occisis
764 1446 973 1520 signiferoque
994 1447 1038 1504 in·

68 1531 210 1603 terlecto‚
232 1529 323 1601 signo
347 1528 477 1603 amisso,
498 1529 685 1604 reliquarum
706 1529 875 1589 cohortium
898 1530 1038 1589 omnibus

23 1606 27 1613 “
69 1615 130 1672 lere
146 1612 378 1672 centurionibus
394 1619 446 1671 aut
455 1613 621 1672 vulneratis
637 1618 689 1672 aut
699 1614 820 1687 occisis,
836 1615 864 1672 in
876 1612 924 1673 his
936 1613 1034 1688 primi·

71 1699 129 1774 pilo
143 1698 177 1757 P.
186 1696 293 1758 Sextio
301 1697 427 1770 Baculo,
443 1697 609 1757 fortissimo
625 1697 700 1771 viro,
716 1699 816 1757 mrdtis
831 1698 1038 1772 gravibusque

71 1782 245 1842 nilneribus
261 1781 412 1855 confecto,
427 1781 532 1840 utiam
547 1796 582 1840 se
596 1781 748 1841 sustinere
762 1798 823 1840 non
837 1788 953 1855 posset
969 1782 1036 1840 reli-

71 1884 147 1942 quos
169 1882 242 1927 esse
257 1865 410 1925 tardiores
432 1873 462 1924 et
475 1865 638 1925 nonnullos
663 1865 701 1924 ab
724 1865 899 1924 novissimis
915 1865 1037 1925 deserto

73 1952 185 2025 proelio
200 1950 356 2010 excedere
370 1964 406 2007 ac
420 1950 480 2008 tela
493 1949 598 2022 vitare,
621 1950 719 2009 hostis
735 1965 835 2024 nequo
851 1964 869 2006 a
884 1949 984 2008 lronte
998 1964 1035 2007 ex

70 2037 208 2095 interiore
222 2036 294 2094 loco
311 2033 477 2107 subeuntes
492 2034 688 2093 intermittere
703 2041 732 2093 et
746 2033 783 2092 ab
799 2041 929 2107 utroque
944 2035 1037 2092 latere

70 2121 180 2179 instare
200 2127 231 2178 el
251 2134 318 2176 rem
340 2133 411 2176 esse
431 2117 461 2176 in
483 2124 612 2192 angusto
633 2118 710 2176 vidit
730 2134 830 2192 neque
850 2118 943 2177 ullum
965 2133 1036 2176 esse

69 2204 236 2264 subsidium
250 2202 335 2277 quod
351 2202 493 2261 summitti
504 2209 621 2277 posset,
638 2209 725 2261 scuto
741 2203 779 2260 ab
795 2202 970 2262 novissimis
984 2203 1034 2261 uni

68 2289 149 2347 militi
166 2287 322 2359 detracto,
345 2287 429 2360 quod
443 2287 512 2360 ipse
527 2303 564 2347 eo
580 2287 646 2345 sine
662 2293 749 2346 scuto
766 2292 906 2361 venerat,
928 2287 959 2344 in
974 2287 1034 2360 pri-

67 2387 143 2431 mam
160 2372 257 2430 aciem
273 2371 426 2444 processit
440 2371 731 2444 centurionibusque
743 2371 917 2430 nominatim
930 2371 1032 2444 appel-

66 2456 132 2516 latis
148 2455 288 2530 reliquos
306 2454 482 2514 cohortatus
502 2455 610 2514 milites
626 2456 715 2529 signa
728 2455 839 2513 inferre
854 2462 884 2513 ct
898 2455 1034 2527 manipu-

66 2541 110 2599 los
126 2543 234 2599 laxare
255 2539 359 2611 iussit,
383 2554 443 2613 quo
458 2539 576 2598 lacilius
592 2539 702 2612 gladiis
717 2540 760 2598 uli
775 2545 913 2612 possent.
943 2538 1034 2597 Cuius

66 2625 199 2684 adventu
215 2639 275 2697 spe
290 2623 382 2682 inlata
395 2623 538 2682 militibus
555 2640 591 2682 ac
605 2623 811 2697 redintegrato
828 2623 927 2681 animo
967 2637 1033 2681 cum

68 2724 121 2783 pro
136 2722 173 2767 se
189 2708 323 2782 quisque
338 2706 367 2766 in
384 2715 554 2781 conspectu
576 2707 767 2781 imperatoris
784 2706 873 2765 etiam
888 2707 918 2764 in
935 2712 1033 2764 extre-

67 2792 121 2853 mis
136 2792 202 2852 suis
217 2792 312 2851 rebus
329 2807 455 2866 operam
469 2807 584 2851 navare
599 2799 739 2866 cuperet,
763 2791 886 2865 paulum
901 2790 1032 2850 hostium

68 2876 195 2952 impetus
210 2877 348 2935 tardatus
364 2881 419 2935 est.

147 2960 255 3020 XXVI.
287 2960 400 3019 Caesar
415 2976 482 3019 cum
501 2966 660 3032 septimam
675 2958 834 3032 legionem,
857 2972 936 3031 quae
951 2963 1035 3015 iuxta

72 3045 259 3117 constiterat,
277 3043 348 3102 item
364 3044 464 3117 urgeri
481 3044 519 3102 ab
535 3043 624 3102 hoste
639 3042 782 3116 uidisset,
804 3041 942 3100 tribunos
958 3040 1033 3098 mili-

72 3134 125 3187 tum
145 3129 280 3199 monuit,
301 3135 335 3186 ut
355 3128 500 3200 paulatim
521 3143 592 3186 sese
612 3126 748 3199 legiones
771 3124 991 3196 coniungerent
1005 3133 1034 3184 ct

73 3226 216 3271 conversa
231 3212 321 3284 signa
336 3212 365 3270 in
381 3211 486 3270 hostes
502 3212 657 3270 inferrent.
694 3211 759 3283 Quo
775 3211 855 3268 lacto
872 3210 1032 3268 cumatius

74 3296 115 3355 alii
128 3296 301 3356 subsidium
318 3295 424 3369 ferret,
440 3310 542 3370 neque
555 3296 702 3369 timerent,
721 3309 760 3351 ne
775 3291 875 3351 auersi
891 3293 928 3350 ab
945 3293 1033 3353 hoste

74 3379 369 3453 circumvenirentur,
393 3379 540 3439 audacius
555 3379 700 3438 resistere
715 3393 751 3435 ac
773 3377 879 3436 lortius
896 3393 1032 3450 pugnare

36 3468 39 3473 '
75 3471 241 3541 coeperunt.
264 3463 386 3522 Interim
400 3462 510 3522 milites
522 3463 673 3539 legionum
688 3462 827 3541 dumam,
844 3462 971 3542 quae-in
982 3477 1037 3524 no-
