2272 4176
140 39 250 54 wr-

69 128 131 189 202
375 124 425 185 DE
446 125 572 187 BELLO
595 127 711 187 CIVILI

64 282 145 343 stitui
168 281 266 351 iubet,
290 281 357 356 ipse
380 297 472 340 unum
487 281 567 339 dicm
587 280 628 339 ibi
642 283 687 340 rei
710 283 926 342 frumentariae
947 297 1034 343 causa

63 374 197 429 moratus
214 366 379 427 Corfinium
394 367 558 427 contendit.
589 366 633 426 Eo
650 383 719 426 curn
734 368 880 442 venisset,
897 368 1034 430 cohortes

63 454 199 530 quinque
214 453 404 527 praemissae
419 468 438 510 a
451 451 581 511 Domitio
597 466 636 510 cx
654 451 772 526 opp'ido
793 461 921 528 pontem
942 453 1033 514 llumi-

63 541 110 600 nis
132 538 408 613 interrumpebant,
431 538 484 612 qui
506 543 571 596 erat
591 537 629 595 ab
650 538 767 611 oppido
788 539 872 599 milia
891 554 1034 613 passuum

63 625 182 685 circiter
205 623 272 682 tria.
314 622 358 681 Ibi
383 637 452 680 cum
478 623 727 681 antecursoribus
754 623 896 683 Caesaris
922 625 1033 698 proelio
1075 662 1077 687 ÷

64 709 229 770 commisso
245 707 383 766 celeriter
397 707 560 765 Domitiani
574 722 593 764 a
609 714 702 781 ponte
716 708 836 782 repulsi
857 722 892 767 se
907 707 938 766 in
954 710 1033 785 cppi·
1072 694 1077 741 '-

63 795 135 856 dum
149 800 341 868 receperunt.
361 792 473 851 Caesar
484 791 657 864 legionibus
671 792 820 854 traductis
837 793 878 852 ad
893 795 1034 868 oppidum
1074 810 1077 839 ³

64 878 198 940 constitit
213 877 358 952 iuxtaque
372 891 491 934 murum
507 882 607 935 castra
621 877 735 951 posuit.

145 962 238 1022 XVII.
259 962 305 1020 Rc
317 961 439 1035 cognita
449 959 598 1020 Domitius
610 962 650 1021 ad
660 961 841 1036 Pompeium
855 961 886 1021 in
897 962 1035 1039 Apuliam

62 1048 178 1126 peritos
199 1046 359 1120 regionum
381 1061 491 1119 magno
511 1046 674 1121 proposito
695 1047 832 1121 praemio
849 1063 919 1107 cum
933 1048 1034 1109 litteris

62 1133 164 1206 mittit,
187 1131 239 1205 qui
253 1135 358 1205 petant
372 1137 464 1205 atque
480 1137 580 1207 orent,
602 1138 636 1190 ut
650 1131 708 1190 sibi
724 1132 903 1192 subveniat:
931 1133 1034 1194 Caesa-

62 1233 126 1277 rem
142 1215 262 1275 duobus
279 1215 464 1274 exercitibus
480 1222 510 1276 ct
524 1210 662 1275 locoru'm
676 1217 826 1290 angustiis
842 1217 934 1277 facile
948 1219 1034 1278 inter·

64 1301 143 1363 cludi
158 1316 255 1375 posse
270 1301 485 1375 frumentoque
500 1300 666 1374 prohiberi.
693 1300 782 1374 Quod
796 1301 856 1361 nisi
871 1302 988 1378 lecerit,
1003 1319 1034 1363 se

63 1385 269 1461 cohortesque
290 1385 420 1459 amplius
440 1401 507 1442 xxx
521 1400 726 1460 magnumque
742 1401 902 1445 numerum
919 1396 1034 1449 senato

62 1488 130 1534 rum
150 1477 243 1546 atque
264 1469 400 1546 equitum
412 1471 621 1531 Romanorum
641 1470 672 1528 in
693 1470 864 1543 periculum
879 1487 953 1532 esse
966 1489 1035 1533 ven·

63 1565 173 1620 turum.
189 1556 311 1615 Interim
327 1571 403 1616 suus
419 1555 595 1616 cohortatus
610 1560 761 1615 tormenta
775 1555 806 1613 in
819 1557 916 1616 muris
933 1557 1034 1633 dispo·

64 1644 107 1703 nit
122 1648 286 1717 certasque
301 1641 413 1716 cuique
426 1646 530 1716 partes
545 1641 585 1700 ad
600 1640 771 1699 custodiam
785 1640 872 1700 urbis
887 1642 1034 1714 attribuite

62 1726 207 1788 militibus
230 1727 261 1785 in
277 1727 418 1787 contione
432 1741 525 1800 agros
542 1724 661 1785 exsule
676 1725 935 1799 possessionibus
950 1727 1034 1802 polli-

64 1819 163 1886 cetur,
180 1817 330 1887 quaterna
343 1811 375 1870 in
391 1811 530 1885 singulos
545 1811 651 1885 iugera
664 1815 695 1869 et
709 1816 849 1885 prorata
863 1818 953 1886 parte
967 1827 1032 1872 cen·

62 1897 233 1958 turianibus
249 1896 457 1970 evocatisque.

146 1981 252 2040 XVIII.
267 1980 389 2039 Interim
401 1980 521 2040 Caesari
536 1979 690 2041 nuntiatur
705 1977 938 2057 Sulmonenses,
955 1979 1036 2056 quod

64 2065 211 2142 oppidum
228 2079 246 2122 a
267 2064 398 2125 Corfinio
414 2079 458 2123 v11
478 2065 592 2125 milium
613 2065 772 2124 intervallo
794 2063 897 2139 abest,
924 2081 1035 2141 cupere

63 2167 101 2210 ea
114 2151 232 2222 lacere,
249 2164 328 2224 quae
341 2150 447 2222 vellet,
470 2149 525 2208 sed
541 2165 559 2208 a
573 2149 606 2222 Q.
622 2148 763 2208 Lucretio
779 2157 923 2210 senatore
938 2159 969 2211 et
983 2153 1032 2212 At·

62 2235 104 2296 lio
119 2232 244 2306 Peligna
259 2232 425 2307 prohiberi,
441 2233 538 2307 quiid
553 2233 700 2307 oppidum
710 2249 754 2292 vu
767 2233 937 2294 cohortium
948 2251 1033 2310 praa·

63 2319 142 2379 sidIo
163 2317 316 2377 tenebant.
345 2315 432 2377 Mittit
454 2333 490 2377 eo
510 2315 550 2375 llll.
566 2318 732 2376 Antonium
748 2333 817 2377 curn
832 2319 965 2392 legionis
979 2335 1034 2379 x111

64 2402 241 2465 cohortibus
257 2402 403 2476 quinque.
420 2400 650 2476 Sulmonenses,
667 2403 755 2461 simul
771 2408 863 2476 atque
879 2403 969 2478 signa
983 2420 1032 2465 no-

64 2498 127 2550 stra
140 2487 291 2560 viderunt,
307 2493 413 2561 portas
429 2493 613 2560 aperuerunt
625 2486 832 2561 universique,
845 2494 875 2546 et
890 2489 1033 2563 oppidani

64 2581 95 2633 et
107 2572 234 2646 milites,
261 2571 382 2631 obviam
396 2573 582 2645 gratulantes
596 2571 730 2631 Antonio
746 2572 895 2632 exierunt.
924 2572 1032 2633 Lucre

62 2659 123 2719 tius
139 2663 169 2716 et
181 2656 282 2716 Attius
298 2657 337 2716 de
351 2671 437 2716 muro
454 2671 488 2716 se
503 2656 686 2716 deiecerunt.
702 2656 801 2715 Albus
817 2657 856 2716 ad
869 2658 1033 2719 Antoniun

64 2743 214 2803 deductus
240 2742 330 2816 petit,
360 2748 393 2801 ut
418 2741 458 2800 ad
482 2741 643 2801 Caesarem
666 2741 842 2800 mitteretur.
884 2743 1033 2803 Antonius

65 2844 134 2888 curn
149 2825 325 2887 cohortibus
341 2831 371 2884 et
383 2827 466 2886 Attio
482 2827 592 2887 eodem
607 2826 671 2900 die,
698 2842 759 2900 quo
782 2826 941 2900 protectus
963 2834 1033 2902 erat,

63 2911 232 2972 revertitur.
262 2909 449 2970 Caesareas
472 2911 613 2972 cohortes
636 2926 704 2970 cum
726 2910 862 2969 exercitu
883 2927 941 2972 suo
964 2928 1032 2972 con-

64 2997 161 3057 iunxit
173 2996 349 3070 Atliunque
369 2995 551 3055 incolumem
573 2995 694 3056 dImisit.
724 2996 837 3055 Cacsar
852 2995 957 3069 primis
973 2997 1033 3056 dic-

63 3082 122 3141 bus
138 3087 239 3140 castra
252 3080 369 3154 magnis
386 3080 530 3154 operibus
545 3081 664 3140 munire
684 3088 767 3140 etex
782 3079 926 3140 finitumis
938 3081 1033 3140 muni-

65 3166 153 3241 cipiis
173 3166 355 3225 frumentum
376 3172 569 3240 comportare
588 3166 786 3240 reliquasque
807 3163 914 3237 copias
940 3181 1033 3241 expe-

65 3257 147 3310 ctare
161 3250 297 3310 Instituit.
325 3249 371 3310 Eo
392 3250 493 3311 triduo
515 3249 596 3324 legio
617 3265 674 3308 v111
689 3248 729 3307 ad
744 3262 813 3305 eum
826 3249 910 3308 venit
925 3250 1033 3310 cohor-

65 3343 175 3408 tesque
196 3349 235 3392 ex
256 3336 344 3395 novis
367 3335 482 3395 Galliae
502 3334 671 3394 delectibus
695 3347 764 3390 xxu
789 3332 972 3408 equitesque
996 3335 1033 3394 ab

65 3435 139 3496 rege
157 3417 268 3477 Norico
290 3419 410 3478 clrciter
431 3435 491 3477 ccc.
522 3418 657 3492 Quorum
676 3416 809 3476 adventu
824 3419 919 3478 altera
932 3426 1034 3480 castra
