2302 4192
369 161 412 203 nx
432 158 598 203 menorans
618 159 816 201 nxunnrrsn.
1037 145 1097 205 109

91 312 354 391 -pravissumeque
377 325 430 386 per
453 306 574 369 sceleris
598 310 797 369 inmanitatem
820 307 917 370 adhue
936 315 1028 371 tutus
1033 310 1097 380 luit,

113 396 185 456 dnm
206 412 258 454 rus
278 400 358 455 metu
377 392 518 469 gravioris
539 392 638 452 serviti
658 410 674 451 a
698 392 860 470 repetunda
881 390 1015 454 libertate
1036 399 1098 454 ter-

112 479 230 540 remini.

197 561 354 638 Agundum
368 566 456 637 atque
470 558 585 620 obviam
597 560 725 621 eundum
739 566 792 629 est,
805 559 941 632 Quirites
956 576 995 620 ne
1005 559 1147 638 spoliat

84 654 211 709 svestra
230 662 322 723 penes
343 642 409 702 illos
429 643 501 703 sint:
528 662 589 703 nun
610 643 822 742 prolatandum
837 661 934 723 neque
953 644 1026 704 rutis
1045 662 1098 723 pa·

112 730 206 791 randa
218 727 338 789 arixilia:
360 728 416 787 nisi
431 726 490 787 lort
478 733 507 787 te
521 730 646 804 speratis
665 729 822 789 taedium
814 744 872 788 ram
891 733 941 789 aut
953 727 1098 805 pudorem

111 813 274 893 tyrannidis
288 809 386 872 Sudlae
407 828 471 871 esse
493 816 522 871 et
543 830 610 872 eum
632 829 687 890 per
706 811 801 873 scelus
823 818 966 888 occupata
981 813 1097 889 perieu-

111 896 204 958 losius
224 897 422 956 dimissurum.
440 895 477 955 llt
498 894 546 955 ille
571 915 606 956 11
627 897 785 974 processit,
806 902 840 956 ut
851 894 924 955 mlnl
936 894 1097 973 gloriosum
1132 906 1149 957 8

111 981 170 1041 nisi
191 986 287 1040 tutum
310 985 340 1040 et
360 980 457 1038 omnia
479 980 649 1040 retinendae
677 980 881 1040 dominationis
901 979 1023 1040 honesta
1046 998 1096 1040 ex·

76 1080 103 1122 11
112 1066 240 1124 istumet.
280 1064 382 1142 ltaque
410 1061 457 1122 illa
485 1064 568 1140 quies
590 1069 619 1123 et
642 1064 733 1124 otium
753 1082 820 1125 eum
843 1062 993 1132 libertate,
1022 1080 1098 1142 quae
1131 1076 1149 1127 9

111 1147 197 1208 multi
221 1147 307 1225 probi
328 1149 426 1225 potius
447 1164 535 1224 quam
557 1145 690 1209 lahorem
716 1166 783 1208 eum
808 1146 973 1208 honoribus
996 1146 1097 1224 capes-

112 1232 235 1299 sebant,
263 1230 343 1291 nulla
365 1237 447 1291 sunt:
477 1229 533 1290 hac
559 1238 731 1308 tempestate
759 1231 950 1292 serviundum
979 1239 1030 1292 aut
1053 1232 1096 1291 in·
1116 1244 1149 1295 10

110 1315 315 1392 peritandum,
338 1314 491 1375 habendus
511 1320 606 1374 metus
629 1321 672 1375 est
693 1321 744 1375 ant
764 1315 933 1385 faciundus,
958 1313 1095 1386 Quirites.

111 1398 187 1459 Nam
209 1398 278 1477 qnid
301 1399 399 1459 ultra‘l
429 1416 539 1477 quaeve
561 1398 688 1458 hnmana
711 1406 851 1476 superant
872 1400 1147 1463 autdivinaiu·11

76 1500 102 1543 rs
111 1482 222 1562 polluta
245 1483 331 1544 sunt?
364 1480 494 1559 Populus
515 1481 674 1551 Romanus,
696 1483 783 1559 paulu
799 1488 866 1543 ante
881 1485 1013 1557 gentium
1034 1500 1097 1541 mu·

111 1566 240 1636 deratnr,
263 1573 367 1629 exutus
388 1567 502 1643 inperio
521 1565 613 1642 gloria
636 1568 714 1635 iure,
738 1566 865 1642 agitandi
886 1566 971 1644 inops
992 1566 1097 1644 despe-

111 1657 235 1729 ctusque
256 1668 294 1710 ne
314 1649 426 1710 servilia
450 1650 568 1728 quidem
591 1648 727 1710 alimenta
745 1648 856 1710 relicua
873 1648 971 1709 hahet.
996 1650 1148 1710 Secia-12

109 1751 179 1794 rum
208 1740 237 1794 et
257 1734 322 1795 Lati
350 1750 456 1810 magna
484 1736 526 1794 vis
557 1735 670 1793 civitate
703 1751 758 1813 pru
789 1733 887 1793 multis
914 1739 944 1793 et
970 1733 1097 1811 egregiis

110 1817 196 1878 laetis
214 1836 230 1877 a
254 1817 337 1877 rubis
359 1817 424 1877 data
445 1834 500 1894 per
522 1834 615 1877 unum
636 1817 848 1895 prohibentur,
880 1824 908 1877 et
929 1817 1026 1895 plebei
1051 1818 1096 1876 in·

72 1903 215 1963 mnoxiae
233 1903 344 1979 patrias
372 1902 456 1961 sedes
478 1918 660 1980 occupavere
681 1904 769 1979 pauci
789 1900 943 1971 satellites,
982 1916 1097 1961 merce·

110 1986 180 2047 dem
201 1983 355 2045 scelerum.
385 1983 478 2060 Leges
499 1985 619 2053 iudicia,
644 1987 800 2054 aerarium,
820 1985 988 2064 provinciae
1009 1999 1097 2062 reges
1115 1993 1148 2045 13

110 2086 202 2148 penes
220 2086 322 2137 unum,
347 2068 472 2146 denique
490 2070 572 2129 neeis
588 2070 693 2128 civium
716 2076 745 2130 et
763 2070 839 2130 vitae
858 2067 983 2129 licentia.
1004 2065 1097 2129 Simul
1115 2079 1149 2129 14

109 2154 255 2213 humanas
270 2153 379 2211 hostias
394 2151 505 2211 vidistis
524 2159 554 2212 et
572 2151 708 2229 sepulcra
729 2153 837 2213 infecta
854 2154 996 2228 sanguine
1012 2150 1096 2212 civili.

111 2236 202 2297 Estne
223 2237 292 2295 viris
311 2234 414 2297 relicui
436 2234 513 2296 aliud
533 2253 622 2312 quam
643 2235 757 2297 solvere
778 2238 929 2306 iniuriam,
951 2242 1002 2297 aut
1020 2234 1096 2295 mori
1116 2244 1148 2296 11

74 2338 167 2399 saper
186 2319 340 2380 virtutem?
374 2321 511 2399 quoniam
531 2320 649 2397 quidem
669 2338 762 2380 unum
783 2320 919 2382 omnibus
941 2320 1095 2381 1111111111-

111 2402 179 2465 tur'a
198 2402 243 2464 111
264 2403 345 2463 11111
366 2405 473 2481 saeptis
492 2405 604 2471 statuit,
635 2421 732 2483 neque
760 2405 914 2483 qnisquam
935 2410 1095 2464 extremam

110 2489 318 2549 necessitatem
350 2486 423 2546 nihil
450 2504 538 2547 ausus
563 2488 619 2545 nisi
645 2486 782 2548 midiebri
811 2488 929 2564 ingenio
952 2492 1095 2564 expectat.

111 2570 223 2631 Verum
243 2586 297 2647 ego
318 2570 481 2639 seditiosus,
504 2572 547 2631 uti
562 2569 641 2631 Sulla
659 2572 706 2640 ait,
728 2572 777 2650 qui
794 2572 925 2649 praemia
939 2571 1095 2633 turbarum
1116 2570 1149 2623 16

112 2656 233 2733 queror,
250 2661 279 2714 et
300 2653 410 2715 bellum
432 2656 562 2732 cupiens,
587 2655 637 2732 qui
655 2655 821 2732 iura'paeis
841 2662 954 2733 repeto.
981 2654 1097 2716 Scilicet
1117 2656 1148 2705 17

77 2739 181 2817 auquia
196 2754 256 2797 nun
275 2737 359 2799 aliter
378 2735 449 2798 salvi
463 2739 590 2815 satisque
605 2738 660 2798 tuti
673 2739 704 2797 in
718 2739 833 2816 inperio
852 2741 941 2808 eritis,
962 2740 1018 2798 nisi
1028 2738 1096 2799 Vet-

111 2825 170 2883 tius
187 2821 292 2882 Picens
307 2828 336 2882 et
352 2821 449 2882 scriba
464 2819 616 2882 Cornelius
637 2819 731 2882 aliena
748 2821 825 2883 hene
847 2829 930 2900 parta
950 2822 1096 2901 prodege-

78 2916 85 2927 '
110 2907 187 2967 rint:
217 2907 274 2966 nisi
295 2904 492 2983 adprobaritis
509 2922 612 2965 omnes
641 2906 887 2984 proscriptionem
908 2907 1096 2967 innoxiorum

111 2989 150 3050 ob
173 2989 301 3057 divitias,
334 2991 480 3050 eruciatus
501 2990 632 3049 virorum
654 2986 829 3058 inlustrium,
852 2997 963 3049 vastam
990 2987 1096 3050 urbem

111 3072 182 3149 luga
203 3079 233 3133 et
254 3071 408 3142 caedibus,
441 3072 519 3133 buna
543 3073 649 3133 civium
670 3072 846 3134 miserorum
869 3075 951 3152 quasi
972 3071 1096 3133 Cimbri·

71 3172 179 3221 tecam
206 3157 348 3235 praedam
368 3174 492 3218 vaenum
518 3161 568 3217 aut
595 3154 672 3216 dono
696 3154 801 3217 datam.
825 3158 865 3216 at
882 3157 1007 3217 obiectat
1024 3156 1097 3217 milri
1118 3158 1148 3211 18

107 3242 311 3321 possessiones
333 3240 470 3301 arbonis
488 3240 739 3320 proscriptorum:
762 3241 842 3320 quod
864 3241 982 3321 quidem
1002 3239 1095 3302 seele-

107 3340 178 3385 rum
198 3323 275 3385 illius
299 3324 345 3385 111
368 3341 539 3385 maxumum
560 3330 618 3392 est,
650 3340 710 3383 non
732 3342 779 3385 me
800 3326 898 3404 neque
918 3342 1096 3403 quemquam

107 3408 241 3469 omnium
261 3410 331 3470 satis
352 3414 447 3471 tutum
468 3406 569 3479 luisse,
587 3408 614 3467 si
631 3412 717 3470 reete
734 3406 921 3470 luderemus.
939 3406 1121 3480 lumem.
