2272 4176
68 394 110 459 24
359 396 409 458 DE
430 394 554 459 BELLO
579 396 741 459 GALLICO

68 557 151 613 esset
167 550 328 612 Caesarem
345 553 462 613 lacere:
491 550 657 628 pollicitum
672 567 706 610 se
721 551 750 610 in
767 550 901 612 cohortis

67 636 131 696 rite
151 637 221 697 loco
244 637 394 698 decimam
420 637 571 712 legionem
597 636 771 696 habiturum
791 637 830 696 ad
858 652 901 710 eqr

67 719 211 781 seribere.

149 805 250 864 XLIII.
283 804 431 864 planicies
447 809 512 863 erat
524 818 636 878 magna
650 811 681 863 ot
697 805 727 863 in
743 819 780 863 ea
795 805 902 864 tumult

66 904 124 948 nus
140 890 214 950 satis
230 888 363 963 grandis.
386 888 442 947 ilic
457 888 544 946 locus
561 904 661 963 aequo
676 889 740 949 lere
756 889 856 962 spatio
872 887 901 946 al

66 973 212 1034 Ariovisti
227 979 257 1033 et
272 971 410 1032 Caesaris
426 972 539 1031 aberat.
566 970 621 1046 Eo,
643 979 755 1033 uteret
771 973 893 1046 dictum,

66 1052 202 1133 loquium
215 1061 372 1115 venerunt.
401 1055 566 1130 Legionem
583 1057 702 1131 Caesar,
727 1072 818 1131 quam
840 1072 901 1130 equ

65 1147 166 1214 xerat,
191 1138 337 1214 passibus
359 1139 497 1199 ducentis
520 1140 558 1199 ab
581 1156 617 1201 eo
633 1143 747 1200 tumulo
763 1143 901 1200 constitu}

66 1224 185 1299 equites
201 1221 345 1283 Ariovisti
361 1222 427 1297 pari
442 1223 601 1284 intervallo
618 1226 825 1285 constiterunt.
849 1225 901 1283 Ari

65 1322 105 1366 ex
132 1306 219 1381 equis
241 1313 275 1367 ut
296 1308 554 1382 conloquerentur
575 1316 604 1368 et
624 1316 745 1383 praeter
766 1325 801 1368 se
823 1309 901 1368 deno

66 1391 262 1466 conloquium
282 1391 484 1467 adducerent,
505 1394 680 1467 postulavit.
712 1393 769 1451 ilhi
787 1407 823 1452 eo
839 1408 897 1451 ven

65 1475 178 1534 Cacsar
198 1474 281 1535 initio
304 1476 449 1536 orationis
465 1492 523 1536 sua
537 1484 727 1551 senatusque
742 1477 770 1534 in
793 1491 862 1534 eum
885 1477 901 1534 h

65 1558 320 1632 corrrmcmoravit,
337 1560 421 1634 quod
432 1575 487 1619 rex
501 1562 672 1636 appellatus
692 1567 775 1619 esset
787 1575 805 1617 a
816 1567 901 1619 senat

65 1642 194 1717 amicus,
218 1643 301 1718 quod
321 1658 448 1703 munera
468 1646 655 1719 ampIIssime
674 1646 785 1712 missa;
814 1661 901 1718 quarn

67 1726 172 1802 paucis
195 1726 361 1800 conhgisse
382 1733 412 1788 et
434 1743 488 1802 pro
509 1729 627 1803 magniS
649 1728 803 1789 hommum
829 1728 901 1788 olfac

66 1825 175 1872 suesse
195 1811 285 1872 tribui
306 1811 451 1881 docebat;
473 1813 570 1887 illum,
594 1828 661 1871 cum
678 1828 779 1887 neque
801 1812 901 1870 aditun

66 1910 190 1956 causam
198 1896 374 1971 postulandi
386 1896 638 1970 iustamhaberet,
651 1897 801 1955 beneficio
811 1911 847 1952 ac
855 1896 901 1952 lili«

66 1996 173 2041 suaac
188 1987 313 2042 senatus
335 1996 373 2040 ea
394 1981 530 2056 praemia
545 1988 753 2041 consecutum.
783 1980 901 2037 Ilecehr

67 2081 156 2142 quarn
169 2073 290 2126 veteres
304 2080 457 2141 quamque
471 2066 570 2125 iustae
582 2081 694 2124 causae
707 2064 901 2122 necessitudh

67 2166 134 2210 eum
153 2150 289 2210 Haeduis
311 2150 546 2224 intercederent,
569 2165 648 2224 quae
669 2150 901 2207 senatusconsul

66 2234 141 2295 tiens
165 2248 317 2308 quamque
336 2231 506 2292 honorifica
526 2234 555 2291 in
578 2249 632 2292 eos
654 2233 734 2291 lacta
754 2237 873 2305 essent,

65 2326 202 2392 tempore
228 2317 320 2377 totius
344 2316 457 2374 Galliae
479 2316 682 2390 principatum
706 2316 824 2375 Haedui
852 2321 902 2373 ten

63 2401 149 2477 prius
165 2399 254 2460 etiam
268 2414 359 2475 quarn
374 2405 508 2458 nostram
527 2400 685 2458 amicitiam
701 2401 901 2475 appetissent.

63 2483 191 2545 Romani
206 2483 284 2543 hanc
299 2497 372 2542 esse
387 2483 656 2558 consuetudinem,
678 2491 711 2543 ut
726 2484 829 2543 socios
846 2490 901 2558 atq·

64 2583 118 2629 cos
132 2582 195 2629 non
209 2566 301 2627 modo
317 2566 365 2627 sui
381 2566 453 2625 nihil
467 2567 649 2642 deperdere,
672 2569 728 2628 sed
743 2569 854 2642 gratia,
878 2569 901 2625 d

62 2651 181 2714 honore
195 2653 347 2713 auctiores
363 2652 435 2710 velit
450 2666 536 2710 esse:
560 2652 644 2726 quod
657 2668 731 2711 vero
748 2653 787 2710 ad
803 2651 901 2710 amicit

64 2738 126 2814 puli
146 2736 275 2798 Romani
296 2735 493 2809 adtulissent,
519 2736 550 2795 id
571 2737 608 2797 iis
631 2738 707 2811 eripi
730 2737 798 2810 quis
822 2737 883 2808 [rati

63 2821 231 2883 Postulavit
245 2821 356 2880 deinde
371 2819 487 2894 eadem,
510 2836 589 2896 quae
604 2823 710 2896 legatis
727 2821 756 2878 in
772 2821 901 2878 mandati

62 2913 122 2966 rat:
152 2923 194 2970 ne
214 2912 267 2969 aut
283 2903 419 2964 Haeduis
442 2911 494 2964 aut
514 2921 620 2965 eorum
641 2905 734 2965 sociis
756 2905 868 2963 bellum
892 2904 899 2961 i

62 2989 188 3051 obsides
202 2987 361 3057 redderet;
383 2987 409 3047 si
424 2990 537 3049 nullam
552 2997 668 3064 partem
677 2988 895 3047 Germanorum

62 3072 214 3134 remittere
233 3079 357 3148 posset,
380 3078 469 3132 atne
490 3090 569 3149 quos
591 3071 721 3146 amplius
742 3071 880 3131 Rhenum

64 3165 226 3235 pateretur.
359 3198 368 3207 ,

145 3242 249 3304 XLIV.
276 3239 451 3302 Ariovistus
473 3241 513 3301 ad
534 3240 687 3315 postulata
703 3239 841 3299 Caesaris
864 3256 901 3313 pa

65 3327 203 3402 spondit,
226 3326 266 3385 de
280 3325 345 3386 suis
359 3325 521 3385 virtutibus
537 3325 630 3384 multa
647 3324 848 3399 praedicarit:
871 3325 901 3382 Tr

62 3410 201 3472 Rhenum
215 3425 287 3471 sese
301 3426 364 3472 non
378 3426 435 3469 sua
447 3417 566 3483 sponte,
583 3408 637 3467 sed
653 3415 793 3482 rogatum
809 3415 838 3466 et
852 3424 901 3466 aru

62 3494 199 3564 aGallis;
216 3510 277 3556 non
290 3496 357 3555 sine
369 3510 479 3568 magna
493 3508 550 3567 spe
562 3492 742 3566 magnisque
753 3493 896 3566 praemiis

64 3578 321 3656 propinquosque
332 3578 513 3654 reliquisse;
528 3577 620 3637 sedes
633 3575 747 3635 hahere
759 3576 787 3634 in
798 3575 893 3635 Gallia

65 3676 243 3737 concessas,
258 3661 383 3721 obsides
399 3663 537 3735 Ipsorum
550 3662 706 3723 voluntate
721 3660 827 3731 dolosa
849 3660 901 3735 stip
