2272 4176
129 450 191 519 tlt
419 452 471 514 Dlt
491 451 615 515 ertio
637 451 802 515 camec

128 607 250 669 amissis
266 606 477 683 superloribus
488 607 575 681 locis,
592 621 683 681 quam
697 621 732 665 se
745 606 844 667 autin
857 613 962 669 castra
975 623 1097 671 suorum

128 693 300 769 reciperent
320 698 372 752 aut
391 692 528 752 nonnulli
547 691 666 767 pudere
688 691 786 751 coacti
811 692 937 767 longius
957 693 1097 769 profuge

127 785 203 838 rent.
233 777 366 851 Quorum
388 776 523 853 periculo
545 776 591 835 sic
606 790 711 835 omncs
733 775 843 851 copiae
856 784 931 837 sunt
943 777 1097 853 perturba·

127 871 191 938 tae,
218 869 252 922 ut
263 862 317 921 vix
332 861 459 921 iudicari
473 866 596 936 posset,
619 867 720 920 utrum
741 860 887 921 secundis
907 861 1099 939 minimisque

127 946 219 1008 rebus
234 945 450 1007 insolentiores
472 961 512 1005 an
532 945 664 1005 adverso
679 944 827 1006 mediocri
842 960 920 1005 casu
933 945 1098 1007 lirnidiores

128 1038 243 1092 essent.

209 1116 289 1176 XIV.
314 1114 517 1189 conpluribus
537 1113 647 1174 diebus
669 1113 768 1174 isdem
787 1113 819 1172 in
833 1114 945 1175 castris
960 1129 1098 1176 consum·

127 1201 188 1279 ptis
210 1215 279 1260 cum
300 1198 428 1274 propius
450 1198 624 1259 accessisse
644 1199 783 1273 legiones
811 1205 843 1258 et
862 1198 971 1259 Gaium
989 1200 1098 1261 Trebo-

126 1286 210 1347 nium
224 1285 355 1358 legatum
372 1290 573 1359 cognossent,
594 1283 689 1343 duces
704 1283 940 1345 Bellovacorum
960 1283 1050 1345 veriti
1062 1284 1097 1345 si·

126 1370 227 1430 milem
242 1368 456 1429 obsessionem
466 1368 591 1428 Alesiae
605 1376 698 1429 noctu
713 1368 865 1428 dimittunt
877 1384 945 1444 eos,
960 1384 1040 1445 quos
1051 1374 1100 1431 aul

128 1461 226 1515 aetate
247 1460 298 1513 aut
310 1453 427 1513 viribus
442 1452 603 1515 inferiores
619 1461 670 1513 aut
683 1453 816 1519 inermes
832 1452 1001 1531 habebant,
1026 1468 1098 1515 una·

128 1554 189 1615 que
208 1538 327 1612 reliqua
347 1537 572 1613 impedimenta.
603 1538 736 1611 Quorum
756 1537 968 1613 perturbatum
982 1545 1014 1599 et
1030 1553 1095 1600 eon·

128 1624 230 1684 lusum
244 1623 316 1682 dum
332 1623 487 1697 explicant
501 1638 611 1698 agmen
624 1631 750 1697 (magna
764 1620 845 1682 enim
859 1622 1022 1683 multitude
1037 1638 1097 1683 car

128 1724 229 1770 rorum
244 1706 334 1767 ctiam
349 1708 511 1782 expeditos
527 1707 615 1783 sequi
632 1707 735 1767 Gallos
751 1706 943 1783 consuevit),
960 1705 1100 1784 oppressi

129 1791 196 1854 luce
221 1792 328 1867 copias
353 1800 538 1852 armatorum
559 1808 616 1868 pro
638 1791 703 1852 suis
731 1792 886 1853 instruunt
910 1792 1037 1867 castris,
1062 1806 1100 1851 ne

128 1877 503 1953 priusRomanipersequi
512 1892 547 1936 se
560 1878 740 1952 inciperent,
750 1892 842 1951 quam
854 1875 981 1950 longius
995 1890 1097 1952 agmcr

127 1961 410 2037 impedimentorum
427 1978 554 2023 suorum
569 1961 788 2037 processisset.
816 1961 859 2021 At
873 1960 989 2021 Cacsar
1004 1975 1098 2037 neque

124 2047 305 2108 resistentes
328 2046 555 2122 adgrediendos
577 2053 659 2107 tanto
687 2044 774 2106 collis
796 2060 934 2105 ascensu
948 2044 1097 2107 iudicabo:

127 2147 227 2208 neque
241 2147 303 2191 non
319 2147 419 2208 usque
434 2147 472 2192 co
487 2132 625 2206 legiones
641 2129 869 2205 admovendas,
890 2136 925 2191 ut
942 2129 1098 2192 discedere

127 2232 166 2277 ex
181 2233 218 2277 eo
234 2218 303 2278 loco
320 2217 387 2276 sine
398 2216 536 2291 periculo
548 2215 669 2276 barbari
680 2214 825 2275 militibus
840 2215 1028 2277 instantibus
1041 2230 1098 2278 non

128 2309 267 2377 possent.
296 2301 349 2374 lta,
367 2316 435 2361 cum
448 2301 562 2376 palude
577 2299 755 2375 impeditae
770 2298 877 2360 castris
894 2307 998 2361 castra
1011 2298 1099 2361 dividi

125 2385 252 2459 videret,
266 2400 346 2458 quae
356 2386 534 2445 transeundi
547 2384 710 2445 difficultas
719 2384 904 2444 celeritatem
917 2383 1098 2462 insequendi

124 2470 247 2531 tardare
259 2476 376 2544 posset,
392 2476 484 2545 atque
497 2470 528 2530 id
535 2469 647 2545 iugum,
664 2469 840 2545 quodtrans
847 2469 996 2544 paludem
1003 2483 1099 2545 paene

128 2554 167 2615 ad
191 2554 324 2614 hostium
350 2562 451 2616 castra
475 2555 657 2631 pertineret,
683 2553 833 2613 mediocri
856 2555 939 2613 valle
961 2552 1098 2615 acastris

126 2654 232 2700 corum
252 2639 427 2700 intercisum
448 2640 581 2700 animum
602 2639 791 2712 adverteret,
820 2638 968 2714 pontibus
988 2638 1099 2714 palude

128 2731 284 2786 constrata
304 2724 441 2799 legiones
465 2725 596 2786 traducit
611 2723 812 2798 celeriterque
826 2722 857 2782 in
873 2739 1024 2783 summam
1038 2723 1101 2799 pla·

126 2808 236 2869 niciem
250 2808 312 2884 iugi
327 2809 482 2884 pervenit,
505 2825 585 2885 quae
600 2808 711 2869 dcclivi
726 2807 849 2882 fastigio
864 2807 989 2869 duobus
1006 2806 1044 2868 ab
1058 2805 1099 2866 la·

124 2891 240 2953 teribus
256 2894 456 2954 muniebatur.
485 2895 530 2953 lbi
544 2893 716 2970 legionibus
736 2892 893 2953 instructis
912 2892 954 2953 ad
966 2892 1100 2955 ultimum

123 2977 228 3054 iugtun
251 2979 392 3052 pervenit
412 2979 570 3054 aciemque
591 2995 628 3041 eo
651 2980 720 3038 loco
742 2977 912 3053 constituit,
937 2977 1024 3043 unde
1037 2984 1098 3037 tor·

124 3070 226 3125 mento
241 3063 337 3122 missa
350 3065 411 3122 tcla
424 3063 454 3123 in
468 3062 602 3125 hostium
618 3078 734 3124 cuncos
750 3062 850 3123 conici
864 3070 1005 3139 possent

208 3147 274 3208 XV.
296 3147 423 3207 Barbari
445 3148 555 3209 conlisi
575 3149 635 3209 loci
647 3155 765 3211 natura
787 3163 857 3207 cum
878 3146 1025 3207 dimicare
1039 3159 1099 3207 non

124 3237 320 3305 recusarent,
347 3231 374 3290 si
399 3233 478 3292 forte
502 3233 631 3293 Romani
652 3233 758 3293 subire
779 3233 888 3293 collem
909 3236 1100 3307 conarentur,

125 3319 269 3394 paulatim
290 3316 396 3391 copias
418 3316 597 3379 distributas
626 3317 776 3377 dimittere
801 3331 864 3376 non
888 3322 1036 3392 possent,
1062 3330 1101 3375 ne

124 3403 257 3478 dispersi
283 3401 549 3477 perturbarentur,
580 3404 610 3462 in
642 3401 709 3462 acie
737 3407 981 3475 permanserunt
1023 3398 1100 3475 Qua

123 3503 191 3547 rum
210 3486 379 3564 pertinacia
401 3487 523 3561 cognita
538 3487 652 3547 Caesar
671 3485 779 3560 viginti
795 3485 974 3547 cohortibus
988 3485 1100 3547 instru-

125 3571 181 3631 ctis
203 3572 377 3647 castrisque
398 3586 435 3632 eo
457 3571 525 3633 loco
540 3571 660 3631 metatis
676 3569 787 3630 munbi
801 3570 885 3631 iubet
898 3578 1010 3632 casua.
1038 3569 1099 3631 Ab

125 3655 232 3716 solutis
259 3657 405 3732 operibus
426 3673 483 3733 pro
505 3657 587 3717 vallo
609 3655 747 3730 legiones
767 3655 934 3717 instructas
949 3656 1099 3731 conlocet,

124 3739 243 3819 equites
257 3741 383 3803 frenatis
395 3741 484 3816 equis
495 3741 526 3801 in
538 3739 669 3801 statione
680 3739 826 3815 disponit
848 3740 1016 3815 Bellovaci,
1031 3754 1097 3807 curn
