2272 4176
465 168 580 230 LIBER
600 170 651 231 lll.
980 168 1045 233 269

66 342 131 390 non
142 331 284 404 possent,
299 322 441 400 aquibus
453 323 570 383 initium
581 325 755 402 appellandi
767 332 953 388 nasceretur.
971 327 1046 387 llam

66 413 205 474 tortasse
225 410 361 486 inopiam
383 424 533 469 excusare
554 416 585 471 et
606 412 806 471 calamitatem
826 416 877 472 aut
891 413 1046 488 propriam

68 513 157 559 suam
171 504 227 557 aut
239 502 412 570 temporum
425 493 511 569 queri
523 500 552 553 et
563 495 757 556 difficultates
769 495 964 557 auctionandi
976 514 1046 573 pro-

69 598 189 659 ponere
208 582 301 642 etiam
319 579 484 639 mediocris
506 585 555 638 est
569 581 676 651 arrin1i3
705 581 839 654 integras
854 596 928 641 vero
943 590 1048 642 tenere

69 665 308 745 possessiones,
331 663 384 739 qui
404 678 440 722 se
460 663 574 722 debere
595 660 761 740 fateantur,
783 665 870 724 cuius
892 666 983 726 animi
997 672 1049 726 aut

69 754 158 814 cuius
174 749 374 826 inpudentiae
389 753 457 808 esta
483 749 598 823 Itaque,
618 750 678 809 hoo
694 751 746 825 qui
760 751 938 825 postularet,
960 767 1047 826 repe-

68 837 208 898 riebatur
223 851 323 896 nemo.
352 834 456 907 Atque
471 832 557 908 ipsis,
573 834 613 892 ad
629 850 759 909 quorum
774 836 966 897 commodum
979 852 1048 912 per-

68 922 201 997 tinebat,
225 919 330 981 durior
351 917 492 977 inuentus
515 924 562 978 est
577 918 697 979 Coelius
719 927 750 980 et
764 919 802 979 ab
816 919 876 980 hoc
890 923 1049 995 proiectus

70 1007 174 1080 initio,
205 1021 245 1064 ne
265 1006 379 1064 frustra
404 1003 564 1077 ingressus
589 1010 710 1078 turpem
735 1020 861 1063 causam
884 1006 1048 1078 videretur,

71 1093 172 1166 legem
193 1086 413 1165 promulgavit,
434 1094 468 1147 ut
488 1087 617 1147 sexenni
639 1088 689 1148 die
710 1089 778 1148 sine
797 1089 901 1149 usuris
916 1090 1049 1149 creditae

71 1175 226 1251 pecuniae
240 1175 406 1233 solvantur.

157 1259 236 1320 XXI.
265 1257 344 1317 -Cum
354 1255 513 1316 resisteret
524 1254 672 1316 Servilius
685 1259 794 1318 consul
804 1258 975 1334 reliquique
986 1274 1047 1317 ma-

71 1345 220 1422 gistratus
261 1349 292 1401 et
312 1341 413 1400 minus
434 1340 578 1415 opinione
593 1357 650 1401 sua
664 1342 816 1419 efficeret,
842 1344 881 1402 ad
895 1343 1050 1403 homiuum

71 1428 240 1489 excitanda
259 1425 360 1486 studia
381 1425 502 1485 sublata
523 1425 626 1499 priore
648 1427 716 1500 lege
737 1427 815 1487 duas
831 1429 1049 1502 promulgavit:

73 1530 174 1585 unam,
192 1529 254 1589 qua
267 1509 426 1570 mercedes
442 1509 663 1569 habitationum
679 1526 795 1571 annuas
812 1513 1050 1572 conductoribus

72 1597 210 1671 donavit,
226 1597 316 1656 aliam
329 1594 501 1654 tabularum
515 1610 674 1669 novarum,
696 1595 873 1672 impetuque
887 1595 1050 1657 multitudi-

70 1684 120 1743 nis
140 1683 174 1740 in
198 1681 228 1741 C.
249 1679 433 1740 Trebonium
461 1679 541 1739 iacto
569 1685 600 1738 et
620 1681 773 1740 nonnullis
794 1681 960 1740 vulneratis
982 1694 1050 1739 eum

73 1769 112 1828 de
126 1765 273 1827 tribunali
288 1763 468 1823 deturbavit.
493 1763 539 1823 De
555 1764 666 1838 quibus
678 1765 771 1825 rebus
784 1763 931 1824 Servilius
944 1764 1052 1823 consul

73 1853 113 1911 ad
129 1857 270 1911 senatum
285 1848 400 1918 retulit,
423 1855 611 1922 senatusque
628 1848 763 1909 Coelium
778 1849 816 1908 ab
832 1850 990 1924 republica
1003 1863 1051 1908 re-

74 1936 262 1997 movendum
279 1933 407 1992 censuit.
436 1933 503 1992 Hoc
519 1932 643 1994 decreto
659 1949 727 1992 eum
743 1936 850 1993 consul
862 1941 970 1993 senatu
981 1947 1051 2009 pro-

72 2020 175 2081 bibuit
196 2027 226 2079 et
248 2017 416 2077 contionari
445 2025 606 2077 conantem
632 2018 670 2077 de
694 2019 802 2079 rostris
828 2019 962 2078 deduxit.
998 2019 1051 2077 llle

72 2104 242 2181 ignominia
254 2106 284 2160 et
299 2102 406 2160 dolore
421 2109 577 2176 permotus
593 2103 692 2176 palam
709 2119 743 2161 se
761 2103 916 2176 proficisci
928 2104 967 2163 ad
980 2104 1052 2162 Cae-

73 2205 177 2249 sarem
199 2186 367 2255 simulavit;
395 2187 473 2244 clam
494 2187 607 2246 nuntiis
630 2187 670 2245 ad
689 2187 833 2246 llllilonem
853 2187 973 2263 missiS,
1001 2184 1053 2263 qui

74 2274 182 2334 Clodio
205 2271 364 2332 interiecto
386 2286 423 2330 eo
443 2272 566 2330 nomine
581 2282 646 2330 erat
661 2272 838 2346 damnatus,
862 2279 954 2347 atque
969 2288 1006 2332 eo
1021 2272 1052 2330 in

71 2359 192 2419 ltaliam
214 2341 358 2430 evocato,
380 2356 466 2429 quod
486 2355 605 2429 magnis
620 2357 797 2416 muneribus
814 2357 891 2416 datis
906 2356 1052 2431 gladiato

71 2444 138 2503 riae
154 2441 287 2501 familiae
302 2439 449 2515 reliquias
464 2439 612 2513 habebat,
635 2440 694 2499 sibi
709 2442 867 2500 coniunxit
878 2448 969 2514 atque
984 2457 1054 2501 eum

73 2528 104 2587 in
125 2526 294 2586 Thurinum
316 2524 355 2584 ad
377 2524 586 2585 sollicitandos
613 2531 756 2598 pastores
777 2525 945 2600 praemisit.
981 2525 1053 2600 Ipse

74 2628 145 2672 cum
156 2610 322 2671 Casilinum
338 2611 476 2669 venisset
501 2625 627 2683 unoque
640 2615 779 2684 tempore
795 2610 883 2682 signa
896 2609 962 2668 eius
977 2609 1053 2668 mili-

74 2696 152 2757 taria
169 2703 261 2769 atque
273 2710 358 2753 arma
368 2694 490 2768 Capuae
503 2700 608 2752 essent
620 2709 802 2768 comprensa
814 2699 843 2752 et
853 2693 967 2752 lamilia
976 2694 1053 2753 Nea-

73 2781 149 2856 poli,
171 2779 221 2838 vis
237 2784 328 2851 atque
343 2778 476 2851 proditio
493 2777 599 2851 oppidi
615 2786 788 2852 appareret,
804 2778 965 2852 patefactis
981 2793 1053 2838 con-

74 2865 152 2925 siliis
169 2863 317 2922 exclusus
333 2862 438 2937 Capua
453 2869 482 2921 et
496 2862 664 2936 periculum
678 2863 804 2935 veritum
822 2862 906 2936 quod
922 2877 1052 2923 conven-

74 2956 123 3011 tus
147 2964 234 3008 arma
255 2954 379 3021 ceperat
400 2953 492 3020 atque
514 2962 583 3006 eum
603 2946 702 3008 hostis
726 2950 795 3008 loco
810 2945 985 3006 habendum
1000 2962 1052 3005 ex-

75 3033 238 3107 istimabat,
255 3031 383 3092 consilio
400 3031 514 3090 destitit
528 3037 620 3106 atque
634 3047 671 3092 eo
687 3033 794 3092 itinere
809 3046 880 3091 sese
895 3030 1011 3090 avertit.

160 3117 252 3178 XXII.
297 3116 419 3175 Interim
438 3116 510 3174 Milo
532 3116 668 3175 dimissis
689 3117 802 3176 circum
822 3114 988 3190 municipia
1008 3115 1052 3174 lit-

76 3202 162 3278 ione,
184 3216 230 3274 ea,
255 3215 335 3276 quae
350 3202 474 3271 faceret,
497 3199 585 3260 iussu
599 3207 692 3275 atque
706 3199 833 3274 imperio
849 3201 951 3259 lacere
965 3198 1053 3260 Pom-

75 3288 137 3367 pei,
151 3301 232 3364 quae
244 3286 389 3346 mandata
401 3286 440 3344 ad
452 3300 486 3344 se
497 3300 554 3359 per
560 3285 727 3344 Vibullium
739 3285 839 3344 delata
845 3291 958 3358 essent,
972 3300 1052 3359 quos

76 3388 118 3435 ex
139 3386 213 3433 aere
233 3370 335 3431 alieno
349 3371 489 3432 laborare
504 3369 719 3440 arbitrabatur,
741 3368 931 3428 sollicitabat.
960 3370 1054 3444 Apud

79 3474 161 3536 quos
176 3472 248 3519 cum
261 3455 414 3531 proficere
428 3453 500 3514 nihil
515 3460 633 3530 posset,
652 3453 838 3530 quibusdam
847 3455 960 3517 solutis
969 3470 1059 3528 erea-
