2272 4176
62 465 124 531 362
369 466 528 531 BELLUM
547 466 726 531 Armene,

61 632 163 687 tamen
177 620 268 684 animi
283 622 473 685 interrorem
488 622 618 684 coniecti
632 629 663 685 et
672 622 808 687 maxime
817 624 963 689 tirenum=
980 627 1040 689 cin·

63 710 254 784 cumspicere
275 709 355 768 enim
376 709 538 770 Caesarem
558 724 659 784 neque
680 710 815 786 amplius
836 712 936 773 iacere
978 712 1031 775 nisi

62 794 195 856 hostium
210 794 308 853 iacula
321 795 426 853 vitare.

147 879 240 940 XVII.
264 874 376 943 Caesar
390 878 508 938 interim
523 876 652 939 consilio
667 876 803 940 hostium
819 882 941 957 cognito
956 883 1032 946 iubet

62 965 158 1026 aciem
173 964 203 1022 in
218 962 437 1038 longitudinem
453 979 544 1039 quam
559 963 722 1023 maximam
737 965 855 1042 porrigi
869 974 899 1027 et
912 969 1030 1029 alternis

63 1048 221 1110 conversis
244 1047 437 1123 cohortibus,
462 1054 496 1108 ut
521 1063 584 1107 une
609 1055 695 1122 post,
728 1051 826 1110 altera
854 1058 925 1112 ante
950 1054 1029 1129 signe

62 1136 214 1207 tenderet,
241 1132 282 1191 ita
304 1148 448 1193 coronam
467 1132 601 1193 hostium
615 1132 723 1193 dextro
738 1134 928 1211 sinistroque
942 1154 1029 1199 cornu

63 1219 194 1279 mediam
209 1217 315 1277 dividit
330 1224 360 1277 et
373 1233 464 1277 unam
479 1223 597 1292 partem
612 1217 650 1277 ab
666 1218 762 1278 altera
776 1221 938 1281 exclusam
952 1224 1027 1298 equi·

63 1304 143 1363 tibus
164 1302 348 1367 intrinsecus
370 1303 496 1362 adortus
518 1317 587 1361 cum
608 1301 745 1376 peditatu
758 1304 829 1364 telis
846 1307 989 1367 coniectis
1001 1308 1027 1367 in

63 1389 166 1462 lugam
186 1387 277 1446 vertit
296 1402 398 1462 neque
418 1387 540 1461 longius
561 1402 748 1462 progressus
769 1390 888 1453 veritus
910 1391 1027 1453 insidias

64 1488 98 1532 se
113 1472 153 1531 ad
168 1486 242 1531 suos
258 1472 374 1546 recipit.
390 1471 474 1530 Idem
489 1472 583 1531 altera
597 1487 670 1547 pars
687 1472 823 1547 equitum
839 1474 1028 1552 peditumque

64 1555 202 1615 Caesaris
218 1555 297 1614 lecit.
313 1555 367 1615 His
383 1555 475 1615 rebus
490 1555 586 1631 gestis
602 1571 638 1616 ac
654 1557 762 1632 procul
777 1557 922 1621 hostibus
936 1562 1026 1637 repul-

63 1641 106 1700 sis
123 1640 412 1715 convulneratisque
427 1641 538 1701 adsue
552 1641 706 1715 praesidia
721 1657 802 1718 sese,
819 1644 900 1704 sicut
915 1653 979 1705 erat
989 1646 1026 1705 in-

63 1733 205 1797 structus,
221 1723 359 1799 recipere
374 1726 484 1798 coepit.

146 1809 252 1869 XVlll.
275 1810 397 1868 Interim
411 1809 450 1867 Μ.
466 1808 603 1870 Petreius
626 1816 655 1869 et
677 1809 729 1870 Cn.
750 1809 822 1870 Piso
846 1827 916 1871 cum
931 1812 1026 1889 equiti·
1067 1870 1069 1875 .

65 1887 121 1954 bus
135 1894 272 1954 Numidis
287 1909 346 1952 nnc
362 1893 466 1953 electis
482 1893 679 1968 peditatuque
694 1895 834 1955 eiusdem
849 1898 972 1970 generis
985 1913 1025 1957 sa·

64 1979 102 2039 tis
118 1979 225 2054 grandi
241 1994 280 2037 ex
295 1978 400 2037 itinere
414 1985 498 2037 recta
513 1978 651 2038 subsidio
667 1979 733 2040 suis
745 1990 921 2042 occurrunt.
937 1984 1026 2057 Atque

63 2064 169 2123 hostes
191 2064 255 2122 suis
278 2079 316 2121 ex
337 2071 452 2123 terrore
474 2063 598 2121 firmatIs
616 2078 787 2140 rursusque
802 2067 960 2127 renovatis
974 2065 1025 2125 ani·

65 2149 121 2207 mis
147 2148 332 2223 legionarios
365 2148 521 2206 conversis
548 2147 699 2220 equitibus
725 2149 911 2225 reeipIentes
937 2151 1025 2212 noris·

65 2233 159 2292 simos
175 2232 287 2291 adoriri
304 2240 332 2291 et
347 2231 495 2305 impedire
511 2238 686 2305 coeperunt,
703 2249 763 2307 quo
780 2234 882 2294 minus
894 2237 925 2294 in
939 2243 1026 2295 castra
1066 2268 1069 2273 -

64 2332 99 2376 se
122 2317 303 2390 reciperent.
333 2316 397 2375 Hac
417 2330 451 2374 re
475 2316 689 2375 animadversa
711 2318 824 2377 Caesar
846 2320 931 2380 iubet
951 2320 1023 2394 signa

65 2401 198 2461 converti
214 2407 243 2459 et
265 2401 365 2459 medio
382 2415 489 2474 campo
505 2400 703 2474 redintegrari
720 2403 879 2476 proelium.
912 2404 981 2465 Cum
994 2402 1023 2461 ab

62 2485 202 2545 hostibus
224 2486 331 2544 eodem
353 2485 444 2544 modo
462 2493 645 2559 pugnaretur
662 2501 717 2545 nec
734 2488 904 2548 comminus
921 2490 959 2548 ud
973 2503 1023 2546 rna-

64 2586 121 2629 nus
143 2569 308 2638 rediretur,
339 2569 540 2644 Caesarisque
562 2571 681 2643 equites
703 2571 838 2630 lumenta
859 2589 898 2631 ex
922 2586 1024 2632 nausea

62 2654 185 2724 recenti,
202 2653 260 2725 siti,
278 2656 431 2727 languore,
450 2655 608 2728 paucitate,
625 2656 802 2714 vulneribus
819 2656 981 2731 defatigata
993 2654 1023 2714 ad

63 2737 286 2812 insequendum
302 2737 420 2796 hostem
434 2739 753 2814 perseverandumque
766 2755 891 2799 cursum
904 2742 1024 2801 tardiora

63 2823 219 2892 haberent,
236 2823 358 2896 dieique
376 2839 446 2896 pars
463 2824 574 2896 exiguo
589 2823 645 2881 iam
662 2825 778 2897 reliqua
793 2833 888 2896 esset,
905 2824 1023 2885 cohorti-

63 2908 121 2968 bus
138 2907 290 2981 equitibus
307 2907 499 2966 circumdatis
516 2906 702 2978 cohortatur,
731 2915 763 2967 ut
787 2925 849 2968 uno
877 2909 939 2969 ictu
963 2925 1024 2968 con·

63 2992 223 3057 tenderent
243 3007 342 3066 neque
364 2992 561 3061 remitterent,
588 2992 686 3050 donee
707 2993 784 3050 ultra
801 2993 923 3052 ultimos
940 2993 1024 3053 colles

64 3078 168 3137 hostes
181 3076 365 3149 repulissent
375 3083 467 3149 atque
479 3091 584 3134 eorum
596 3084 700 3134 essent
713 3076 807 3150 potiti.
826 3077 932 3151 ltaque
947 3078 1024 3152 signo

64 3163 133 3220 dato
149 3161 178 3219 in
195 3159 300 3218 hostes
319 3161 459 3232 larnguide
475 3162 534 3219 tela
549 3163 806 3234 neglegenterque
819 3162 970 3222 mittentes
982 3178 1024 3221 su-

64 3246 124 3305 bito
147 3244 274 3303 immittit
295 3244 436 3303 cohortes
453 3254 627 3318 turmasque
643 3261 785 3312 suorum;
812 3254 905 3321 atque
921 3252 1025 3320 puncto

64 3329 210 3404 temporis
227 3328 366 3387 hostibus
383 3331 463 3387 nullo
480 3329 602 3403 negotio
619 3345 726 3402 eampo
743 3330 857 3403 pulsis,
887 3339 958 3404 post
972 3331 1025 3390 col·

63 3416 122 3472 lem
145 3413 270 3473 deiectis
293 3414 371 3472 nacti
395 3416 493 3472 locum
510 3423 602 3488 atque
618 3414 656 3472 ibi
674 3414 831 3488 paulisper
847 3412 1026 3487 commorati,

63 3498 104 3556 ita
119 3499 158 3558 uti
175 3504 260 3556 erant
275 3498 425 3565 instructi,
450 3499 555 3558 leniter
576 3499 663 3557 seed
682 3515 754 3558 suas
772 3498 924 3572 recipiunt
940 3497 1026 3560 muni·

64 3582 170 3641 tiones.
201 3582 336 3656 Itemque
357 3584 523 3643 adversarii
545 3585 623 3643 male
645 3583 762 3658 accepti
784 3590 847 3642 tum
864 3584 984 3644 demum
997 3595 1027 3642 se

64 3664 103 3726 ed
118 3682 175 3725 sua
189 3667 343 3739 praesidia
359 3671 558 3729 contulerunt.

146 3749 222 3810 XIX.
245 3750 365 3811 Interim
381 3768 418 3810 ea
430 3768 465 3811 re
478 3760 566 3826 gesta
580 3758 610 3810 et
623 3750 741 3825 proelio
757 3751 911 3830 dirempto
927 3769 965 3814 ex
979 3749 1025 3815 ad·

591 4048 697 4086 Q
