2272 4176
440 160 555 223 LIBER
574 163 624 221 III.
988 159 1025 225 57

41 330 44 337 ·
65 317 130 379 tant
157 315 224 378 Hoc
247 316 382 378 consilio
397 315 526 390 probato
541 314 580 373 ab
596 314 725 374 ducibus
742 315 899 389 productis
913 316 1021 376 Roma-

47 408 155 463 'uorum
175 400 278 477 copiis
300 416 374 462 sese
394 399 502 460 castris
524 398 677 460 tenebant.
713 400 778 458 Hac
802 416 837 459 re
861 409 1024 475 perspecta

63 484 188 560 crassus,
204 501 278 546 curn
294 500 353 547 sua
366 483 559 544 cunctatione
573 489 666 563 atque
681 482 826 557 opinione
837 485 954 545 timoris
970 486 1023 546 ho·

39 626 42 631 .
62 576 113 629 ates
126 577 254 631 nostros
268 569 380 631 milites
396 567 560 628 alacriores
575 568 613 628 ad
627 569 826 643 pugnandum
839 568 1024 643 effecissent,

36 702 39 709 .
62 659 140 727 atquc
153 653 292 715 omnium
312 667 409 713 voces
430 653 622 726 audirentur,
650 653 805 726 expectari
827 653 940 713 diutius
962 670 1022 713 non

61 745 191 812 oportere
205 737 282 814 quin
297 737 338 797 ad
353 737 576 810 castrabatur,
599 735 775 796 cohortatus
791 752 865 796 suos
882 739 1023 797 omnibus

61 822 242 897 cupientibus
257 822 298 882 ad
313 818 448 880 hostium
464 828 566 880 castra
581 821 746 879 contendit.

126 906 221 967 XXV.
238 905 284 966 lbi
297 921 367 964 curn
378 904 428 963 alii
442 905 546 965 iussas
562 907 755 979 conplorent,
772 905 822 964 alii
838 905 939 964 multis
954 907 1022 965 telis

60 988 192 1051 uniecns
215 990 401 1049 defensores
422 990 503 1048 vallo
525 988 807 1064 munitionibusque
823 991 1020 1065 depellerent.

59 1072 291 1149 auxiliaresque,
320 1072 433 1148 quibus
455 1073 494 1131 ad
516 1088 651 1147 pugnam
673 1089 733 1132 non
748 1075 874 1132 multum
891 1073 1021 1133 Crassus

34 1152 39 1161 '
59 1156 238 1232 confidebat,
260 1156 423 1232 lapidibus
437 1155 570 1231 telisque
585 1156 855 1217 subministrandis
871 1159 954 1217 etad
969 1173 1019 1231 ag·

57 1255 148 1315 gerem
162 1240 336 1316 cespitibus
352 1241 573 1314 conportandis
590 1241 726 1316 speciem
741 1250 834 1317 atque
847 1241 1022 1316 opinionem

57 1325 246 1401 pugnantium
261 1323 453 1402 praeberent,
469 1330 537 1383 cum
551 1325 622 1385 itcrn
637 1325 675 1383 ab
690 1325 830 1386 hostibus
847 1333 1023 1386 constanter

56 1424 86 1469 tc
97 1426 155 1469 non
169 1409 278 1469 timide
290 1415 478 1483 pugnaretur
488 1410 611 1484 telaque
623 1424 661 1467 ex
673 1410 742 1469 loeo
754 1411 915 1485 superiore
926 1411 1022 1470 missa

57 1508 107 1554 uon
120 1494 237 1553 trustra
251 1492 436 1567 acciderent,
452 1491 570 1567 equites
587 1492 749 1552 circumitis
765 1494 897 1555 hostium
913 1494 1020 1554 castris

56 1576 155 1640 basso
175 1577 434 1664 renuntiaverunt
451 1592 512 1636 non
535 1578 643 1636 eadem
658 1592 730 1636 esse
745 1579 900 1652 diligentia
914 1579 952 1637 ab
968 1579 1018 1637 dc-

56 1667 281 1736 tumauaporta
296 1666 398 1720 castra
410 1661 524 1720 munita
538 1661 720 1735 facilemque
735 1662 848 1722 aditum
866 1661 989 1721 habere.

120 1746 231 1808 XXVI.
261 1745 393 1805 Crassus
415 1744 550 1819 equitum
571 1745 745 1819 praefectos
767 1747 958 1819 cohortatuS,
989 1759 1019 1807 ut
1103 1809 1106 1814 ,

33 1852 39 1863 ·
56 1831 160 1907 magnis
173 1828 324 1907 praemiis
338 1827 751 1903 pollicitationibusquesuos
760 1830 937 1902 excitarent,
947 1830 1018 1904 quid

56 1914 109 1975 tert
119 1915 195 1975 velit
209 1912 354 1974 ostendit
381 1911 434 1985 llli,
451 1919 483 1972 ut
497 1918 562 1972 erat
576 1912 765 1987 imperatum,
782 1913 900 1973 eductis
915 1913 951 1972 iis
969 1930 1017 1973 co-

57 1998 190 2074 lonibus,
208 2013 291 2074 quae
305 1995 461 2071 praesidio
477 1997 586 2056 castris
598 1997 721 2056 relictae
733 1998 852 2057 intritae
864 1998 901 2056 ab
914 1998 1020 2057 labore

55 2091 135 2160 erant,
150 2089 182 2144 et
193 2082 337 2156 longiore
348 2080 455 2141 itinere
471 2081 695 2155 circumductis,
711 2097 750 2139 ne
766 2098 804 2140 ex
820 2082 953 2141 hostiurn
970 2098 1017 2141 ca«
1088 2120 1090 2124 -

54 2168 114 2241 stris
134 2166 279 2243 conspici
302 2171 446 2240 possent,
475 2165 608 2226 omniurn
631 2165 728 2225 oculis
750 2166 965 2240 mentibusque
980 2160 1019 2224 ad

54 2266 174 2326 pugnam
189 2248 317 2313 intentis
333 2249 471 2308 celeriter
486 2250 526 2308 ad
541 2264 605 2323 eas,
623 2265 700 2324 quas
716 2249 864 2325 diximus,
880 2250 1018 2310 munitio·

53 2351 97 2395 nes
110 2340 323 2413 pervenerunt
337 2339 429 2407 atque
448 2332 496 2393 his
518 2334 652 2408 prorutis
674 2333 759 2408 prius
776 2334 805 2391 in
821 2334 953 2394 bostium
970 2350 1018 2392 ea-

52 2420 111 2480 stris
125 2419 352 2492 constiterunt,
379 2433 469 2492 quam
484 2419 577 2492 plane
592 2417 630 2476 ab
646 2416 693 2476 his
708 2417 805 2477 videri
821 2427 872 2479 aut
887 2418 960 2492 quid
975 2418 1019 2476 roi

50 2512 197 2577 gereretur
213 2501 363 2577 cognosci
378 2508 495 2575 posset.
511 2503 585 2563 Tum
597 2516 671 2561 vero
685 2503 818 2562 clamore
831 2502 868 2561 ab
880 2517 917 2559 ea
933 2509 1019 2576 parte

52 2588 141 2650 tudito
157 2587 259 2649 nostri
274 2584 486 2660 redintegratis
508 2586 639 2660 viribus,
666 2586 747 2660 quod
774 2588 954 2661 plerumque
988 2585 1017 2643 in

52 2684 99 2746 tpc
111 2671 266 2734 victoriae
283 2670 424 2730 accidere
440 2669 614 2743 consuevit,
637 2671 739 2730 acrius
761 2670 933 2744 inpugnare
949 2684 1017 2729 coc--

51 2765 158 2829 perunt.
188 2757 308 2817 Hostes
323 2754 460 2829 undique
475 2755 671 2814 circumventi
688 2753 860 2827 desperatis
877 2752 1017 2813 omnibus

51 2839 130 2902 retus
152 2856 190 2901 se
213 2855 274 2917 per
295 2837 478 2899 munitiones
501 2838 623 2898 deicere
638 2847 668 2898 et
682 2839 755 2912 luga
769 2839 898 2898 salutern
915 2844 1018 2912 petere

52 2920 246 2986 intenderunt.
278 2923 362 2996 Quos
383 2923 536 2997 equitatus
559 2922 759 2995 apertissimis
776 2923 893 2996 eampis
909 2935 1017 2980 couse-

54 3014 135 3071 uatus
150 3025 192 3069 ex
207 3008 327 3069 milium
343 3006 563 3082 quinquaginta
578 3022 720 3080 numero,
743 3022 822 3081 quae
838 3022 875 3063 ex
891 3005 1015 3078 Aquita

55 3091 93 3153 tlt
105 3091 333 3167 Cantabrisque
348 3090 531 3150 convenisse
547 3091 721 3165 constabat,
741 3091 792 3149 vix
810 3096 917 3164 quarta
931 3095 1017 3162 parte

55 3177 140 3242 relicta
155 3178 253 3238 multa
269 3183 362 3237 nocte
377 3191 412 3234 se
426 3175 454 3233 in
472 3181 573 3234 castra
586 3174 703 3248 recipit.

119 3261 243 3323 xxvtt.
265 3261 334 3321 Hac
355 3259 459 3318 audita
479 3274 584 3334 pugna
597 3258 730 3317 maxima
745 3272 817 3331 pars
832 3255 1016 3331 Aquitaniae

58 3356 113 3405 tese
130 3348 245 3407 Crasso
270 3343 391 3405 dedidit
411 3343 599 3418 obsidesque
620 3344 698 3402 ultro
714 3340 812 3409 rnisit3
839 3357 900 3415 quo
917 3341 945 3399 in
963 3358 1009 3400 nu<

59 3436 123 3491 aero
138 3434 261 3493 luerunt
275 3426 425 3503 Tarbelli,
441 3428 652 3503 Bigerriones,
668 3425 785 3498 Ptianii
800 3426 948 3499 Vocates,
961 3427 1004 3485 Tu
