2272 4176
467 150 583 213 LIBER
603 153 625 213 Ι.
977 148 1041 213 207

64 320 178 375 marem
194 320 233 365 ac
243 303 365 364 tametsi
376 319 563 379 magnopere
578 305 785 367 admirabatur
791 305 934 381 Magium
949 321 1038 383 quem

64 390 104 451 ad
117 388 303 465 Pompeium
318 403 387 449 eum
399 389 550 450 mandatis
564 391 704 461 miserat,
731 391 771 451 ad
791 406 826 450 se
846 406 908 450 non
923 389 1041 467 remitti,

64 482 158 551 atque
178 490 218 535 ea
237 485 289 533 res
309 489 406 548 saepe
426 479 573 549 temptata
593 475 649 535 etsi
670 477 801 551 impetus
818 474 884 535 eius
900 475 1041 536 consida—

65 575 124 635 que
138 558 294 633 tardabat,
309 564 410 617 tamen
424 559 566 620 omnibus
581 560 674 621 rebus
686 560 717 619 In
730 576 767 620 eo
780 560 1041 635 perseverandum

64 645 203 721 putabat.
232 644 340 718 Itaque
355 643 512 704 caninium
526 645 666 705 Rebilum
688 645 837 720 legatum,
862 645 1040 705 familiarem

63 729 340 802 necessariumque
351 726 492 789 Scriboni
506 729 640 804 Libonis,
656 730 743 790 mittit
758 730 798 789 ad
813 745 882 789 eum
898 729 1041 805 colloquii

63 829 177 883 causa,
203 814 342 888 mandat,
366 820 400 873 ut
411 814 559 874 Libonem
581 815 620 874 de
641 814 834 875 concilianda
847 830 925 890 pace
939 815 1040 875 horte·

61 904 127 969 tur3
144 898 296 974 inprimis,
310 905 344 957 ut
356 898 425 973 ipse
441 914 509 958 cum
520 898 666 974 Pompeio
683 901 919 974 colloqueretur,
934 906 1040 975 postu-

61 985 119 1043 lat:
134 998 327 1058 magnopere
341 998 413 1043 sese
428 983 585 1043 confidere
600 984 799 1058 demonstrat,
814 984 841 1043 si
857 985 923 1046 eius
938 984 983 1044 rei
999 985 1039 1047 sit

61 1074 205 1143 potestas
219 1069 309 1141 Iacto,
324 1068 400 1142 iore,
415 1075 449 1130 ut
460 1068 567 1142 aequis
579 1068 811 1130 condicionibus
823 1069 861 1128 ab
875 1069 966 1129 armis
979 1070 1053 1133 dis.

62 1153 207 1222 sedatum
223 1155 310 1213 cuius
324 1152 368 1212 rei
383 1169 524 1228 magnam
538 1160 656 1227 partem
672 1154 772 1215 laudis
784 1161 875 1228 atque
887 1154 1038 1214 exIstima-

62 1236 154 1299 tionis
181 1238 222 1297 ad
242 1236 388 1297 Libonem
413 1246 644 1314 perventuram,
670 1239 696 1299 si
721 1240 772 1299 illo
799 1245 924 1299 auctore
949 1246 1041 1315 atque

61 1329 174 1397 agente
195 1323 234 1382 eb
257 1322 349 1385 armIs
365 1322 404 1382 sit
418 1324 602 1388 dIscessum.
628 1323 703 1384 Libo
721 1340 740 1382 a
755 1325 919 1399 conloquio
936 1324 1038 1385 Canini

61 1407 224 1484 digressus
241 1408 280 1468 ad
294 1407 473 1483 Pompeium
487 1408 703 1484 proficiscitur.
732 1407 827 1469 Paulo
842 1416 915 1484 post
927 1425 1037 1469 renun-

59 1494 128 1570 tiat,
155 1493 242 1569 quod
263 1494 406 1553 consules
428 1493 544 1567 absInt,
570 1492 636 1552 siue
656 1493 716 1553 illis
738 1509 800 1553 non
820 1510 916 1568 posse
937 1495 986 1569 agi
1002 1495 1040 1554 de

60 1578 295 1654 compositione.
327 1578 372 1638 Itu
387 1580 512 1653 saepius
527 1593 593 1637 rem
608 1578 722 1638 frustra
735 1585 912 1653 temptatam
928 1579 1040 1638 Caesar

60 1664 229 1740 aliquando
251 1662 457 1722 dimittendam
479 1662 537 1723 sibi
552 1663 667 1724 Iudicat
682 1670 712 1723 et
727 1663 766 1722 de
780 1663 860 1723 bello
876 1665 1037 1738 agendum.

143 1748 264 1809 XXVII.
279 1747 380 1823 Prope
395 1747 519 1807 dimidia
533 1754 620 1823 parte
632 1747 736 1822 operis
752 1763 771 1806 a
784 1747 915 1807 Caesare
930 1747 1039 1809 effecta

10 1888 13 1893 .
59 1833 234 1910 dlebusque
245 1833 275 1892 in
288 1848 325 1892 ea
335 1848 369 1892 re
385 1832 574 1907 consumptis
590 1848 701 1891 novem
716 1848 811 1891 naves
827 1848 846 1891 a
861 1833 1037 1893 consulibus

59 1918 253 1998 Dyrrhachio
267 1917 431 1992 remissae,
458 1933 537 1993 quae
551 1917 686 1992 priorem
698 1923 816 1992 partem
831 1912 984 1978 exercitus
1000 1935 1035 1979 e„

61 2003 314 2080 deportaverant,
339 2002 536 2062 Brundisium
550 2008 753 2063 revertuntur.
793 2000 956 2077 Pompeius
972 2002 1038 2064 sive

60 2088 208 2164 operibus
221 2087 361 2148 Caesaris
377 2093 533 2162 permotus
549 2087 615 2146 sive
630 2087 720 2146 etiam
736 2088 820 2162 quod
835 2087 873 2147 ab
888 2088 1032 2157 Initiolta-

59 2172 98 2232 lia
118 2174 273 2233 excedere
294 2173 493 2232 constituerat
514 2173 648 2232 adventu
672 2173 795 2231 navium
816 2173 1037 2248 prosectionem

59 2273 171 2334 parare
186 2257 292 2332 incipit
306 2264 350 2331 et,
366 2273 427 2332 quo
443 2257 560 2317 facilius
576 2257 722 2332 impeturn
737 2257 876 2317 Caesaris
893 2259 1037 2335 tardaret,

59 2358 96 2402 ne
118 2343 178 2403 sub
199 2342 269 2418 ipsa
288 2342 481 2416 prolectIone
507 2342 616 2402 milites
644 2342 792 2417 oppidum
818 2343 1036 2420 inrumperent,

58 2434 164 2503 portas
180 2428 319 2500 obstruit,
332 2427 418 2487 aleos
431 2428 611 2503 plateasque
623 2427 806 2500 inaedificat,
822 2429 925 2488 fossas
937 2434 1035 2489 trans-

58 2527 165 2572 versas
188 2512 248 2572 viIs
269 2512 429 2587 praeducit
450 2519 543 2588 atque
562 2512 604 2571 lbi
620 2512 714 2571 sudes
730 2512 912 2589 stipitesque
927 2528 1035 2586 praea-

58 2604 145 2658 cutos
167 2597 283 2671 defigit.
312 2597 397 2657 Haec
416 2597 535 2656 levibus
559 2596 692 2658 cratibus
712 2604 855 2672 terraque
875 2599 1035 2672 inaequat3

58 2682 156 2743 adltus
178 2687 282 2743 autem
302 2687 395 2757 atque
415 2681 524 2741 itinera
544 2682 621 2755 duo,
651 2698 731 2755 quae
752 2689 838 2741 extra
858 2697 977 2742 murum
996 2684 1036 2743 ad

58 2774 179 2843 portum
195 2766 342 2841 terebant,
354 2766 494 2826 maxImis
511 2765 621 2825 defixis
636 2766 773 2826 trabibus
787 2772 878 2840 atque
890 2766 935 2827 eis
945 2782 1034 2841 prae·

58 2852 153 2914 acutIs
169 2851 337 2927 praesepit.
365 2851 421 2910 HIs
436 2851 552 2925 paratis
568 2851 661 2910 rebus
676 2850 786 2911 milites
802 2851 923 2912 silentio
938 2868 1034 2913 naves

58 2937 271 2998 conscendere
286 2936 378 3010 iubet,
394 2935 558 3010 expeditos
573 2943 673 2995 alitem
689 2951 728 2994 ex
744 2937 895 3012 evocatis,
911 2937 1034 3011 sagitta·

56 3021 107 3083 riis
123 3021 396 3096 funditoribusque
416 3036 504 3081 raros
526 3021 557 3080 in
572 3035 660 3080 muro
674 3021 872 3097 turribusque
887 3021 1032 3096 disponit.

57 3104 120 3169 flos
134 3113 222 3168 certo
238 3106 328 3180 signo
342 3121 492 3166 revocare
508 3105 679 3180 constituit,
705 3121 773 3167 cum
795 3121 902 3167 omnes
922 3105 1032 3168 milites

57 3206 152 3253 naves
167 3191 440 3266 conscendissent,
467 3197 559 3266 atque
579 3192 617 3251 iis
639 3190 783 3266 expedito
804 3193 875 3251 loco
896 3192 1032 3254 actuaria

56 3276 345 3354 navigiarelmquit.
1117 3278 1120 3283 '

135 3362 275 3424 XXVIII.
296 3360 471 3422 Brundisini
492 3360 748 3436 Pompeianorum
768 3360 895 3422 militum
914 3361 1031 3425 Inluriis
1125 3380 1128 3441 ξ

56 3460 147 3527 atquc
159 3446 262 3529 ipsius
277 3445 401 3525 Pompei
435 3446 624 3507 contumeliis
640 3445 769 3523 permoti
784 3445 924 3511 caesaris
937 3449 1030 3507 rehu«
1125 3448 1128 3469 ²
