2272 4176
174 194 222 237 nn
244 190 418 235 carrum
441 190 683 233 commemora
704 189 733 233 c.
755 184 799 238 55.
820 184 865 239 56.
884 185 927 240 57.
1006 177 1046 241 33

64 342 239 421 ubplicium
248 338 415 419 postulabat
423 356 531 416 parare
543 339 640 401 iubet:
654 341 717 419 ipse
732 341 885 418 praesidiis
902 344 1074 423 dispositis2

64 426 217 489 ¹,cretulam
235 427 267 486 in
287 440 437 485 carcerem
457 423 590 485 deducit:
608 424 686 489 idem
707 423 740 483 fit
761 425 868 486 ceteris
886 445 940 505 per
962 446 1047 506 prae-

64 528 146 573 5555.
177 510 233 571 Est
246 509 277 569 in
293 506 520 577 carcerelocus,
539 507 616 586 quod
632 506 797 569 Tullianum
813 509 985 589 adpellatur‚
998 512 1075 576 ubis

64 592 213 657 nululnm
238 592 425 655 descenderis
444 591 479 652 ad
499 590 626 659 laevam,
649 592 767 654 circiter
781 593 936 656 duodecim
957 597 1049 674 pedes

64 680 140 741 romi
158 678 329 757 depressus.
361 676 437 736 Eum
456 677 592 737 muniunt
610 676 740 755 undique
757 679 885 756 parietes
899 686 986 760 atque
1004 682 1075 741 ina

64 780 148 841 uapor
172 779 293 824 camera
313 760 435 838 lapideis
456 759 617 821 fornicibus
636 761 749 830 iuncta,
774 768 819 822 sat
838 762 950 824 incultu
967 770 1048 825 tene·

64 848 120 909 tris
141 846 238 907 odore
259 844 346 906 foeda
367 850 455 923 atque
475 843 615 905 torribilis
636 845 699 906 eius
720 845 810 907 facies
836 853 888 908 est.
925 847 958 906 ln
981 862 1075 911 cumo

64 930 158 993 henan
180 936 339 1011 postquam
366 928 511 989 demissus
537 934 582 990 est
601 927 756 998 Lentulus,
783 928 926 1011 [vindices
947 950 1049 993 rerum

64 1012 246 1095 capitalium]
269 1011 376 1093 quibus
394 1018 586 1091 praeceptum
608 1018 673 1073 erat
685 1011 791 1091 laqueo
806 1014 904 1092 gulam
920 1016 1047 1094 fregere.

64 1096 103 1161 lta
115 1096 168 1161 ilic
187 1099 328 1176 patricius
348 1114 384 1158 ex
399 1102 485 1176 gente
499 1094 668 1158 clarissuma
685 1096 899 1169 Corneliorum,
913 1101 962 1179 qui
980 1104 1078 1161 con-o

64 1182 160 1245 miano
181 1183 330 1261 inperium
349 1181 460 1243 Romae
475 1178 635 1249 habuerat,
658 1181 778 1259 dignum
799 1182 932 1245 moribus
952 1185 1049 1245 factis·

64 1284 119 1345 que
134 1268 199 1329 auis
213 1266 334 1328 exitium
350 1267 425 1327 vitae
444 1265 561 1326 invenit.
591 1263 634 1325 De
652 1263 781 1344 Cethego
798 1265 910 1328 Statilio
926 1267 1050 1330 Gabinio

64 1348 204 1430 Caepario
222 1350 327 1424 eodem
347 1350 435 1411 modo
457 1348 633 1426 subplicium
650 1356 800 1428 sumptum
815 1358 868 1412 est.

144 1434 225 1497 nm
236 1452 271 1496 ea
280 1433 391 1495 Romae
402 1439 559 1512 geruntur,
576 1432 696 1494 Catilina
710 1452 744 1494 ex
761 1437 841 1495 omni
856 1437 948 1514 copia,
961 1454 1049 1515 quam
1061 1437 1101 1499 56

64 1524 93 1581 et
113 1518 178 1597 ipse
194 1518 358 1580 adduxerat
377 1524 407 1580 et
423 1517 547 1579 Manlius
562 1516 719 1588 habuerat,
736 1519 809 1580 duas
825 1518 956 1596 legiones
968 1522 1050 1581 insti·

64 1602 126 1673 tnit,
148 1602 282 1663 cohortis
299 1620 356 1681 pro
369 1620 495 1664 numero
511 1600 635 1663 miiitum
650 1600 783 1680 conplet:
803 1602 908 1664 deinde
923 1609 956 1663 ut
971 1606 1076 1681 quis-2

65 1704 121 1765 quc
132 1686 319 1749 voluntarius
340 1692 391 1749 aut
412 1704 448 1748 ex
470 1687 557 1747 sociis
578 1687 608 1746 in
630 1693 726 1747 castra
748 1694 869 1749 venerat
890 1688 1049 1766 aequaliter

65 1770 263 1842 distribuerat,
282 1789 318 1832 ac
330 1771 414 1833 brevi
429 1772 522 1849 spatio
536 1769 667 1848 legiones
684 1788 810 1833 numero
829 1772 982 1833 bominum
1000 1792 1049 1834 ex-

64 1852 202 1933 pleverat,
226 1872 295 1917 nem
311 1856 393 1916 initio
406 1872 467 1916 non
485 1853 609 1931 amplius
623 1853 739 1916 duobus
760 1855 877 1917 milibus
890 1857 1049 1918 habuisset.

64 1936 115 2001 Sd
125 1956 164 2001 ex
175 1941 258 2001 omni
268 1941 351 2017 copia
366 1940 483 2000 circiter
494 1956 565 2016 pars
579 1945 683 2017 quarta
700 1946 765 2000 crat
775 1939 949 2003 militaribus
962 1943 1077 2003 armis‘a

64 2024 222 2094 instructa,
252 2025 342 2085 ceteri
362 2030 395 2084 ut
416 2041 563 2105 quemque
585 2040 670 2083 casus
690 2032 856 2085 armaverat
876 2043 980 2104 sparos
1000 2032 1051 2087 aut

64 2106 190 2178 lanceas,
210 2106 259 2169 alii
273 2114 446 2186 praeacutas
459 2103 544 2168 ¹sudis
562 2106 727 2184 portabant.
761 2108 813 2169 Set
825 2117 982 2190 postquam
993 2111 1078 2170 rin-4

64 2192 161 2277 tonius
183 2208 253 2254 cum
275 2194 407 2254 exercitu
426 2190 613 2260 adventabat,
644 2190 764 2253 Catilina
788 2210 844 2270 per
868 2197 976 2255 montis
998 2196 1052 2255 iter

65 2274 177 2347 fecere,
199 2276 290 2337 modo
332 2277 368 2338 ad
390 2276 496 2338 urbem
518 2275 607 2336 modo
627 2277 657 2335 io
682 2274 804 2337 Galliam
827 2295 931 2339 vorsus
957 2285 1053 2339 castra

65 2376 194 2430 meere,
212 2360 346 2422 hostibus
364 2361 548 2423 occasionem
564 2359 714 2438 pugnandi
728 2377 788 2420 non
807 2360 894 2423 dare:
915 2363 1053 2439 sperabat

64 2444 250 2523 propediem
267 2462 388 2524 magnas
410 2444 508 2522 copias
522 2461 587 2504 sese
600 2442 787 2513 habiturum,
810 2446 836 2505 si
853 2445 964 2506 Romae
980 2448 1052 2507 socii
1134 2519 1136 2524 Ι

65 2530 179 2609 incepta
191 2530 393 2607 patravissent.
409 2530 524 2590 lnteroa
538 2528 652 2589 servitia
668 2527 855 2605 repudiabat,
873 2531 957 2589 cuius
971 2531 1052 2591 initio
1063 2534 1130 2607 η’

67 2612 107 2675 ad·
120 2630 192 2675 enm
214 2630 338 2692 magnae
354 2614 456 2693 copias
469 2611 694 2680 concurrebant,
718 2612 823 2691 opibus
842 2613 1052 2675 coniurationis

66 2696 173 2767 fretus,
202 2698 290 2759 simul
316 2698 444 2760 alienum
466 2698 525 2759 suis
546 2694 708 2756 rationibus
736 2696 929 2765 existumans,
959 2697 1052 2758 videri

64 2796 197 2843 ¹caussam
221 2783 327 2843 civium
349 2801 417 2843 cum
438 2782 530 2848 sorvis
552 2780 676 2859 fugitivis
698 2781 955 2842 communicavisse.
999 2781 1052 2842 Set
1062 2780 1102 2840 57

66 2872 219 2947 postquam
237 2866 269 2927 in
289 2872 384 2928 castra
404 2867 524 2928 nuntius
540 2865 673 2942 pervenit
693 2863 804 2924 Romae
821 2865 1051 2926 coniurationem

66 2950 253 3027 patefactam,
273 2950 310 3012 de
334 2950 457 3012 Lentulo
484 2956 512 3011 et
533 2949 661 3027 Cethego
683 2949 846 3027 ceterisque
868 2967 944 3027 quos
962 2967 1052 3026 supra

66 3036 225 3097 memorari
247 3034 424 3114 subplicium
447 3040 605 3112 sumptum,
628 3032 868 3111 pleriqus,·quos
883 3033 920 3093 ad
941 3032 1053 3096 bellum

66 3134 133 3197 spes
147 3120 320 3197 rapinarum
342 3126 392 3180 aut
406 3137 548 3180 novarum
569 3135 672 3178 rerum
686 3116 815 3176 studium
832 3115 990 3181 inlexerat,
1008 3117 1051 3178 di-

64 3200 212 3275 labuntur,
228 3202 356 3265 rehcuos
372 3203 491 3265 Catilina
508 3221 562 3280 per
584 3202 690 3262 montis
704 3217 824 3278 asperos
840 3203 953 3278 magnis
967 3203 1050 3263 itine-

64 3286 148 3349 ribus
168 3288 199 3347 in
226 3304 331 3366 agrum
351 3287 559 3350 Pistoriensem
577 3285 696 3347 abducit
717 3302 751 3345 eo
776 3284 911 3355 consilio,
934 3289 977 3346 uti
997 3304 1052 3364 per

64 3372 196 3433 aramius
209 3370 325 3433 occulte
341 3374 511 3450 perfugeret
527 3374 557 3432 in
580 3370 700 3432 Calliam
718 3367 981 3452 [Transalpinam]
1016 3371 1077 3430 hta

64 3454 243 3527 0.lletellns
253 3454 339 3517 Celer
353 3476 421 3518 cum
435 3456 529 3518 trihus
540 3452 704 3534 legionibus
714 3455 743 3514 in
759 3468 831 3533 agro
842 3451 950 3515 Piceno
967 3472 1050 3532 prae·

113 3552 248 3605 stannea.
886 3553 912 3614 ‘d
