2272 4176
245 328 248 331 .
1043 300 1046 305 ¹
1064 39 1078 329 Ι-ι·

67 458 108 522 92
362 455 413 517 DE
434 455 558 518 BELLO
581 454 744 516 GALLICO

69 613 218 674 sistebant
237 617 267 670 et
287 626 399 685 magna
418 618 504 687 parte
526 609 585 671 diei
601 613 796 681 consumpta,
823 620 894 666 cum·
906 621 926 665 a
939 605 1038 682 prima

68 699 136 757 luce
151 698 189 755 ad
205 696 311 755 bonam
327 705 466 756 octavam
475 699 681 769 pugnaretur,
697 690 779 763 nihil,
797 690 880 764 quod
896 690 974 765 ipsis
989 708 1037 755 es·

70 787 116 839 set
130 781 302 853 indignum,
330 779 565 839 committebant.
593 776 667 833 Turn
681 776 713 833 T.
728 774 902 848 Balventio,
919 776 970 849 qui
986 791 1037 834 su-

69 864 189 939 periore
203 879 284 922 anno
300 863 428 936 primum
445 863 537 936 pilum
552 859 689 932 duxerat,
705 858 771 917 viro
787 859 857 917 lorti
869 865 1038 932 etmagnae

67 947 270 1021 auctoritatis,
291 954 453 1020 utrumque
468 945 564 1002 lemur
578 944 697 1016 tragula
711 941 864 1009 traicitur3
892 941 925 1013 Q.
940 942 1034 1001 Luca-

67 1032 146 1104 nius,
162 1032 300 1090 eiusdem
315 1030 440 1100 ordiniS,
455 1027 631 1086 sortissunre
646 1040 804 1100 pugnanS,
821 1027 893 1085 dum
910 1025 1037 1084 circum-

66 1122 158 1175 vento
173 1115 235 1173 filio
252 1112 408 1186 subvenit,
430 1110 624 1177 internorum
646 1111 679 1168 L.
696 1109 782 1168 Cotta
796 1110 914 1183 legatus
931 1125 1037 1170 omnes

68 1197 210 1258 cobortes
235 1196 421 1270 ordinesque
447 1194 612 1253 adhortans
638 1193 669 1273 ip
696 1193 861 1251 adversum
882 1208 918 1261 os
944 1194 1036 1252 tunde

68 1283 250 1340 vulneratur.
319 1328 321 1333 s

148 1364 280 1423 XXXVI.
303 1361 358 1420 His
372 1362 466 1421 rebus
482 1366 638 1433 permotus
651 1359 684 1434 Q.
697 1360 829 1420 Titurius
846 1376 914 1421 cum
929 1363 1037 1435 procul

67 1448 272 1521 Ambiorigem
288 1461 362 1504 suos
379 1446 588 1505 cohortantem
604 1445 827 1518 conspexisset,
843 1445 1037 1519 interpretem

65 1549 155 1592 suum
172 1531 288 1590 Gnenm
302 1529 481 1604 Pompeium
502 1529 541 1586 ad
563 1544 632 1588 eum
653 1528 741 1587 mittit
752 1535 908 1602 rogatum,
933 1535 968 1587 ut
981 1529 1037 1588 sibi

66 1615 273 1688 militibusque
288 1621 404 1688 parcat.
420 1614 473 1671 1116
488 1614 660 1686 appellatus
672 1613 846 1686 respondit:
863 1611 894 1671 Si
906 1614 980 1670 velit
990 1627 1037 1670 se-

67 1715 133 1760 cum
161 1698 321 1771 conloqui,
345 1698 455 1765 licere;
486 1711 613 1769 sperare
635 1712 653 1753 a
673 1696 862 1755 multitudine
882 1695 1037 1769 impetrar'

65 1797 169 1860 posse,
186 1782 270 1856 quod
285 1782 324 1840 ad
339 1781 464 1840 militum
480 1781 608 1838 salutem
620 1779 785 1854 pertineat3
801 1779 861 1852 ipsi
874 1794 950 1839 vcro
966 1778 1038 1837 nihil

66 1866 198 1926 nocitum
215 1865 265 1938 iri,
291 1865 384 1939 inque
406 1879 473 1922 earn
493 1878 557 1921 rem
574 1878 608 1922 se
624 1879 710 1923 suam
725 1864 818 1922 iidem
832 1863 1035 1936 interponere.

67 1934 116 2009 dle
132 1964 199 2008 cum
216 1949 301 2008 Cotta
316 1948 420 2008 saucio
437 1947 647 2020 communicat,
662 1946 689 2005 si
709 1947 864 2021 videatur,
886 1962 992 2021 pugna
1007 1952 1039 2006 ut

67 2033 216 2091 excedant
236 2040 266 2092 et
288 2048 354 2092 curn
370 2031 546 2105 Ambiorige
567 2048 628 2090 una
643 2032 882 2104 conloquuntur:
909 2046 1038 2105 sperare

63 2116 156 2191 abeo
173 2116 213 2174 de
227 2132 284 2176 sua
298 2132 334 2174 ac
349 2117 474 2175 militum
490 2117 588 2174 salute
602 2116 765 2189 impetrare
780 2130 885 2189 posse.
902 2114 988 2174 Cotta
1004 2130 1038 2174 se

66 2200 105 2258 ad
120 2209 267 2258 armatum
282 2199 401 2259 bostem
416 2201 524 2258 iturum
539 2206 630 2271 negat
645 2207 736 2273 atque
751 2199 782 2257 in
797 2215 835 2259 eo
850 2208 1033 2273 perseverat

143 2283 290 2342 XXXVll.
322 2284 455 2342 Sabinus
473 2298 552 2356 quos
569 2284 597 2340 in
620 2283 795 2357 praesentia
808 2283 947 2342 tribunos
963 2284 1037 2342 mili-

64 2373 126 2426 tnm
141 2368 253 2425 circum
269 2381 304 2425 se
319 2366 452 2424 habebat
467 2373 497 2441 61
508 2366 674 2439 primorum
688 2368 828 2426 ordinum
842 2368 1038 2427 centuriones

65 2467 100 2510 se
116 2451 206 2523 sequi
221 2449 304 2508 iubet
318 2457 362 2522 et,
387 2465 455 2508 oum
477 2450 604 2522 propius
619 2451 827 2524 Ambiorigem
842 2452 1038 2523 accessisset,

64 2535 168 2594 iussus
184 2549 268 2591 arma
282 2533 405 2592 abicere
421 2533 601 2608 imperatum
617 2533 688 2593 lacit
702 2535 839 2609 suisque,
855 2542 888 2593 11
901 2535 1037 2594 11161111-

64 2617 158 2689 ciant,
185 2618 322 2690 imperat.
361 2616 484 2674 lnterirn
506 2617 577 2676 dum
598 2617 637 2675 de
659 2619 891 2679 condicionibus
911 2619 990 2678 inter
1004 2634 1038 2677 se

64 2701 347 2774 aguntlongiorque
359 2701 500 2759 consulto
512 2700 737 2775 alJAmbionige
749 2701 915 2762 instituitur
926 2717 1037 2769 sermo,

64 2787 208 2858 paulatim
230 2785 455 2843 circumventus
477 2783 663 2843 interficitur.
693 2787 767 2844 Tum
787 2801 862 2845 vero
879 2802 937 2846 suo
952 2802 1039 2846 more

64 2868 222 2928 detortam
245 2869 436 2928 conclamant
457 2873 549 2941 atque
571 2869 718 2928 ululatum
740 2871 848 2929 tollunt
861 2871 1039 2944 impetuque

62 2951 92 3011 in
108 2957 234 3012 nostros
250 2952 330 3011 lacto
347 2951 471 3010 ordines
487 2951 673 3025 perturbant.
696 2953 740 3011 lbi
754 2953 787 3012 L.
797 2954 882 3014 Cotta
896 2970 1038 3028 pugnans

63 3035 241 3096 'ntenficitur
256 3050 323 3094 curn
340 3035 472 3093 inaximo
486 3042 573 3109 parte
587 3035 722 3096 militurn.
750 3037 872 3111 lleliqui
894 3053 928 3096 se
943 3039 973 3097 in
989 3054 1036 3096 ca-

62 3126 126 3178 stra
140 3119 301 3192 recipiunt,
317 3118 400 3177 unde
415 3126 501 3177 erant
516 3119 644 3192 egressi.
666 3121 712 3179 Ex
729 3121 841 3195 quibus
857 3122 890 3180 L.
905 3121 1037 3181 Petrosi-

24 3198 132 3262 ‘fflus
148 3202 305 3276 aquilifer,
323 3217 389 3260 cum
406 3218 516 3276 magna
530 3204 721 3264 multitudine
736 3206 869 3266 hostiurn
884 3220 1037 3280 premere-

63 3294 119 3359 tur,
136 3285 268 3360 aqullam
284 3285 363 3345 intra
377 3288 490 3345 vallum
504 3287 642 3360 proiecit,
659 3291 726 3364 ipse
740 3307 797 3365 pro
813 3290 921 3350 castris
937 3290 1033 3348 tortis·

66 3370 138 3429 sime
159 3385 301 3443 pugnans
324 3370 482 3430 occiditur.
511 3371 556 3429 llli
577 3388 669 3446 aegre
690 3374 727 3431 ad
745 3380 864 3434 noctem
881 3389 1035 3448 oppugna·

63 3453 173 3513 tionem
189 3455 356 3522 sustinent;
373 3460 467 3514 noctu
481 3455 520 3513 ad
535 3471 628 3516 unum
645 3471 750 3516 omnes
766 3457 929 3531 desperata
940 3460 1038 3517 salute

63 3529 170 3610 seipsi
186 3537 379 3598 interficiunt.
395 3537 488 3598 Pauci
503 3553 543 3597 ex
557 3539 676 3613 proelio
695 3539 770 3612 lapsi
786 3539 909 3600 incertis
925 3541 1036 3601 itineri-

64 3622 120 3680 bus
136 3636 191 3695 per
207 3621 300 3680 silvas
317 3623 356 3681 od
371 3623 403 3680 T.
411 3622 577 3682 Labienum
594 3625 728 3697 legatum
741 3621 771 3681 in
787 3623 913 3684 hiberna
928 3642 1029 3700 perve-

24 3728 27 3735 ’
65 3705 151 3769 olunt
164 3711 255 3777 atque
271 3720 340 3764 eum
357 3710 503 3770 derebus
518 3709 614 3784 gestis
631 3706 793 3791 certiorem
808 3708 931 3770 faciunt.
