<?xml version="1.0" encoding="UTF-8"?>
<!DOCTYPE html PUBLIC "-//W3C//DTD XHTML 1.0 Transitional//EN"
    "http://www.w3.org/TR/xhtml1/DTD/xhtml1-transitional.dtd">
<html xmlns="http://www.w3.org/1999/xhtml" xml:lang="en" lang="en">
 <head>
  <title>
</title>
<meta http-equiv="Content-Type" content="text/html;charset=utf-8" />
  <meta name='ocr-system' content='tesseract 3.04.00' />
  <meta name='ocr-capabilities' content='ocr_page ocr_carea ocr_par ocr_line ocrx_word'/>
</head>
<body>
  <div class='ocr_page' id='page_1' title='image "./commentarii00caesgoog_0111.png"; bbox 0 0 2272 4176; ppageno 0'>
   <div class='ocr_carea' id='block_1_1' title="bbox 966 39 1021 395">
    <p class='ocr_par' dir='ltr' id='par_1_1' title="bbox 966 39 1021 395">
     <span class='ocr_line' id='line_1_1' title="bbox 966 39 1021 365; baseline 0 -11"><span class='ocrx_word' id='word_1_1' title='bbox 966 39 1021 365; x_wconf 70' lang='lat' dir='ltr'>“ill</span> 
     </span>
     <span class='ocr_line' id='line_1_2' title="bbox 993 355 1021 395; baseline 0 0"><span class='ocrx_word' id='word_1_2' title='bbox 993 355 1021 395; x_wconf 80' lang='lat' dir='ltr'>&#39;&#39;r</span> 
     </span>
    </p>
   </div>
   <div class='ocr_carea' id='block_1_2' title="bbox 65 456 747 522">
    <p class='ocr_par' dir='ltr' id='par_1_2' title="bbox 65 456 747 522">
     <span class='ocr_line' id='line_1_3' title="bbox 65 456 747 522; baseline -0.004 -1"><span class='ocrx_word' id='word_1_3' title='bbox 65 458 107 521; x_wconf 77' lang='lat'>98</span> <span class='ocrx_word' id='word_1_4' title='bbox 216 492 220 499; x_wconf 80' lang='lat'><em>=</em></span> <span class='ocrx_word' id='word_1_5' title='bbox 367 459 417 521; x_wconf 79' lang='lat' dir='ltr'>ott</span> <span class='ocrx_word' id='word_1_6' title='bbox 436 458 561 522; x_wconf 81' lang='lat' dir='ltr'>BELLO</span> <span class='ocrx_word' id='word_1_7' title='bbox 584 456 747 521; x_wconf 76' lang='lat' dir='ltr'>enattca</span> 
     </span>
    </p>
   </div>
   <div class='ocr_carea' id='block_1_3' title="bbox 63 610 1021 3830">
    <p class='ocr_par' dir='ltr' id='par_1_3' title="bbox 63 610 1021 2468">
     <span class='ocr_line' id='line_1_4' title="bbox 148 610 1021 688; baseline 0.002 -17"><span class='ocrx_word' id='word_1_8' title='bbox 148 610 249 672; x_wconf 71' lang='lat' dir='ltr'>XLIX</span> <span class='ocrx_word' id='word_1_9' title='bbox 272 612 349 672; x_wconf 88' lang='lat' dir='ltr'>Galli</span> <span class='ocrx_word' id='word_1_10' title='bbox 361 628 396 673; x_wconf 94' lang='lat' dir='ltr'>re</span> <span class='ocrx_word' id='word_1_11' title='bbox 412 614 533 688; x_wconf 81' lang='lat' dir='ltr'>cognita</span> <span class='ocrx_word' id='word_1_12' title='bbox 545 628 602 688; x_wconf 89' lang='lat' dir='ltr'>per</span> <span class='ocrx_word' id='word_1_13' title='bbox 616 613 828 688; x_wconf 80' lang='lat' dir='ltr'><strong>exploratores</strong></span> <span class='ocrx_word' id='word_1_14' title='bbox 843 610 1021 675; x_wconf 74' lang='lat' dir='ltr'>obsidionem</span> 
     </span>
     <span class='ocr_line' id='line_1_5' title="bbox 65 696 1021 772; baseline 0.001 -16"><span class='ocrx_word' id='word_1_15' title='bbox 65 698 247 772; x_wconf 80' lang='lat' dir='ltr'>relinquunt,</span> <span class='ocrx_word' id='word_1_16' title='bbox 262 697 301 757; x_wconf 92' lang='lat' dir='ltr'>ad</span> <span class='ocrx_word' id='word_1_17' title='bbox 317 698 476 758; x_wconf 85' lang='lat' dir='ltr'>Caesarem</span> <span class='ocrx_word' id='word_1_18' title='bbox 491 698 630 759; x_wconf 91' lang='lat' dir='ltr'>omnibus</span> <span class='ocrx_word' id='word_1_19' title='bbox 647 698 744 772; x_wconf 84' lang='lat' dir='ltr'>copiis</span> <span class='ocrx_word' id='word_1_20' title='bbox 760 696 958 757; x_wconf 88' lang='lat' dir='ltr'>contendunt.</span> <span class='ocrx_word' id='word_1_21' title='bbox 972 696 1021 757; x_wconf 86' lang='lat' dir='ltr'>liat</span> 
     </span>
     <span class='ocr_line' id='line_1_6' title="bbox 66 782 1021 843; baseline 0.003 -4"><span class='ocrx_word' id='word_1_22' title='bbox 66 788 150 841; x_wconf 86' lang='lat' dir='ltr'>erant</span> <span class='ocrx_word' id='word_1_23' title='bbox 164 788 296 842; x_wconf 79' lang='lat' dir='ltr'>armatae</span> <span class='ocrx_word' id='word_1_24' title='bbox 311 782 430 843; x_wconf 75' lang='lat' dir='ltr'><strong>circiter</strong></span> <span class='ocrx_word' id='word_1_25' title='bbox 443 782 526 842; x_wconf 93' lang='lat' dir='ltr'>milia</span> <span class='ocrx_word' id='word_1_26' title='bbox 538 798 585 840; x_wconf 83' lang='lat' dir='ltr'>cx.</span> <span class='ocrx_word' id='word_1_27' title='bbox 603 782 708 842; x_wconf 83' lang='lat' dir='ltr'>Cicero</span> <span class='ocrx_word' id='word_1_28' title='bbox 724 782 795 843; x_wconf 81' lang='lat' dir='ltr'>data</span> <span class='ocrx_word' id='word_1_29' title='bbox 808 782 954 841; x_wconf 78' lang='lat' dir='ltr'>facultate</span> <span class='ocrx_word' id='word_1_30' title='bbox 968 782 1021 842; x_wconf 88' lang='lat' dir='ltr'>Gal</span> 
     </span>
     <span class='ocr_line' id='line_1_7' title="bbox 66 866 1021 943; baseline -0.001 -17"><span class='ocrx_word' id='word_1_31' title='bbox 66 869 125 926; x_wconf 91' lang='lat' dir='ltr'>lum</span> <span class='ocrx_word' id='word_1_32' title='bbox 140 867 178 926; x_wconf 90' lang='lat' dir='ltr'>ab</span> <span class='ocrx_word' id='word_1_33' title='bbox 194 867 303 928; x_wconf 89' lang='lat' dir='ltr'>eodem</span> <span class='ocrx_word' id='word_1_34' title='bbox 316 866 497 942; x_wconf 83' lang='lat' dir='ltr'>Vertieone,</span> <span class='ocrx_word' id='word_1_35' title='bbox 525 882 617 942; x_wconf 91' lang='lat' dir='ltr'>quem</span> <span class='ocrx_word' id='word_1_36' title='bbox 639 882 735 943; x_wconf 91' lang='lat' dir='ltr'>supra</span> <span class='ocrx_word' id='word_1_37' title='bbox 749 866 1021 943; x_wconf 74' lang='lat' dir='ltr'>demonstravimus</span> 
     </span>
     <span class='ocr_line' id='line_1_8' title="bbox 64 950 1021 1028; baseline 0.001 -18"><span class='ocrx_word' id='word_1_38' title='bbox 64 952 186 1027; x_wconf 90' lang='lat' dir='ltr'>repetit,</span> <span class='ocrx_word' id='word_1_39' title='bbox 204 952 255 1028; x_wconf 92' lang='lat' dir='ltr'>qui</span> <span class='ocrx_word' id='word_1_40' title='bbox 269 952 382 1011; x_wconf 72' lang='lat' dir='ltr'>litteras</span> <span class='ocrx_word' id='word_1_41' title='bbox 397 952 437 1010; x_wconf 93' lang='lat' dir='ltr'>ad</span> <span class='ocrx_word' id='word_1_42' title='bbox 452 951 613 1011; x_wconf 83' lang='lat' dir='ltr'>Caesarem</span> <span class='ocrx_word' id='word_1_43' title='bbox 628 951 762 1021; x_wconf 63' lang='lat' dir='ltr'>deseram</span> <span class='ocrx_word' id='word_1_44' title='bbox 787 950 870 1011; x_wconf 93' lang='lat' dir='ltr'>hunc</span> <span class='ocrx_word' id='word_1_45' title='bbox 884 951 1021 1025; x_wconf 84' lang='lat' dir='ltr'>admonet</span> 
     </span>
     <span class='ocr_line' id='line_1_9' title="bbox 65 1035 1021 1112; baseline 0.005 -18"><span class='ocrx_word' id='word_1_46' title='bbox 65 1037 120 1096; x_wconf 89' lang='lat' dir='ltr'>iter</span> <span class='ocrx_word' id='word_1_47' title='bbox 135 1044 222 1096; x_wconf 84' lang='lat' dir='ltr'>caute</span> <span class='ocrx_word' id='word_1_48' title='bbox 237 1036 457 1111; x_wconf 80' lang='lat' dir='ltr'>diligenterque</span> <span class='ocrx_word' id='word_1_49' title='bbox 472 1037 577 1096; x_wconf 82' lang='lat' dir='ltr'>iaciat:</span> <span class='ocrx_word' id='word_1_50' title='bbox 592 1037 754 1112; x_wconf 85' lang='lat' dir='ltr'>perscribit</span> <span class='ocrx_word' id='word_1_51' title='bbox 768 1035 797 1094; x_wconf 96' lang='lat' dir='ltr'>in</span> <span class='ocrx_word' id='word_1_52' title='bbox 808 1035 916 1096; x_wconf 88' lang='lat' dir='ltr'>litteris</span> <span class='ocrx_word' id='word_1_53' title='bbox 931 1036 1021 1099; x_wconf 85' lang='lat' dir='ltr'>hostct</span> 
     </span>
     <span class='ocr_line' id='line_1_10' title="bbox 64 1120 1021 1196; baseline 0 -15"><span class='ocrx_word' id='word_1_54' title='bbox 64 1122 102 1181; x_wconf 89' lang='lat' dir='ltr'>ab</span> <span class='ocrx_word' id='word_1_55' title='bbox 125 1137 160 1181; x_wconf 89' lang='lat' dir='ltr'>se</span> <span class='ocrx_word' id='word_1_56' title='bbox 181 1121 366 1180; x_wconf 81' lang='lat' dir='ltr'>discessisse</span> <span class='ocrx_word' id='word_1_57' title='bbox 387 1137 570 1196; x_wconf 91' lang='lat' dir='ltr'>omnemque</span> <span class='ocrx_word' id='word_1_58' title='bbox 591 1122 631 1180; x_wconf 91' lang='lat' dir='ltr'>ad</span> <span class='ocrx_word' id='word_1_59' title='bbox 645 1138 715 1182; x_wconf 89' lang='lat' dir='ltr'>eum</span> <span class='ocrx_word' id='word_1_60' title='bbox 728 1120 951 1181; x_wconf 87' lang='lat' dir='ltr'>multitudinem</span> <span class='ocrx_word' id='word_1_61' title='bbox 965 1138 1021 1183; x_wconf 90' lang='lat' dir='ltr'>con</span> 
     </span>
     <span class='ocr_line' id='line_1_11' title="bbox 66 1204 1021 1279; baseline 0.002 -14"><span class='ocrx_word' id='word_1_62' title='bbox 66 1206 203 1265; x_wconf 86' lang='lat' dir='ltr'>vertisse.</span> <span class='ocrx_word' id='word_1_63' title='bbox 233 1204 347 1279; x_wconf 82' lang='lat' dir='ltr'>Quibus</span> <span class='ocrx_word' id='word_1_64' title='bbox 370 1206 474 1265; x_wconf 91' lang='lat' dir='ltr'>litteris</span> <span class='ocrx_word' id='word_1_65' title='bbox 496 1206 616 1265; x_wconf 90' lang='lat' dir='ltr'>circiter</span> <span class='ocrx_word' id='word_1_66' title='bbox 636 1206 737 1266; x_wconf 91' lang='lat' dir='ltr'>media</span> <span class='ocrx_word' id='word_1_67' title='bbox 750 1211 842 1266; x_wconf 91' lang='lat' dir='ltr'>nocte</span> <span class='ocrx_word' id='word_1_68' title='bbox 856 1206 969 1266; x_wconf 84' lang='lat' dir='ltr'>Caesar</span> <span class='ocrx_word' id='word_1_69' title='bbox 982 1206 1021 1267; x_wconf 89' lang='lat' dir='ltr'>ad·</span> 
     </span>
     <span class='ocr_line' id='line_1_12' title="bbox 64 1290 1021 1367; baseline 0.004 -18"><span class='ocrx_word' id='word_1_70' title='bbox 64 1290 131 1349; x_wconf 92' lang='lat' dir='ltr'>latis</span> <span class='ocrx_word' id='word_1_71' title='bbox 153 1305 228 1349; x_wconf 86' lang='lat' dir='ltr'>suos</span> <span class='ocrx_word' id='word_1_72' title='bbox 249 1290 321 1349; x_wconf 84' lang='lat' dir='ltr'>lacit</span> <span class='ocrx_word' id='word_1_73' title='bbox 342 1291 487 1350; x_wconf 87' lang='lat' dir='ltr'>certiores</span> <span class='ocrx_word' id='word_1_74' title='bbox 509 1306 628 1367; x_wconf 89' lang='lat' dir='ltr'>eosque</span> <span class='ocrx_word' id='word_1_75' title='bbox 649 1292 689 1351; x_wconf 87' lang='lat' dir='ltr'>ad</span> <span class='ocrx_word' id='word_1_76' title='bbox 709 1290 915 1350; x_wconf 88' lang='lat' dir='ltr'>dimicandum</span> <span class='ocrx_word' id='word_1_77' title='bbox 935 1292 1021 1353; x_wconf 83' lang='lat' dir='ltr'>anima</span> 
     </span>
     <span class='ocr_line' id='line_1_13' title="bbox 65 1372 1021 1451; baseline 0.004 -18"><span class='ocrx_word' id='word_1_78' title='bbox 65 1374 230 1437; x_wconf 86' lang='lat' dir='ltr'>confirmat.</span> <span class='ocrx_word' id='word_1_79' title='bbox 258 1372 385 1436; x_wconf 88' lang='lat' dir='ltr'>Postero</span> <span class='ocrx_word' id='word_1_80' title='bbox 408 1376 457 1435; x_wconf 86' lang='lat' dir='ltr'>die</span> <span class='ocrx_word' id='word_1_81' title='bbox 477 1378 546 1436; x_wconf 91' lang='lat' dir='ltr'>luce</span> <span class='ocrx_word' id='word_1_82' title='bbox 560 1376 659 1451; x_wconf 89' lang='lat' dir='ltr'>prima</span> <span class='ocrx_word' id='word_1_83' title='bbox 672 1381 773 1436; x_wconf 93' lang='lat' dir='ltr'>movet</span> <span class='ocrx_word' id='word_1_84' title='bbox 789 1382 891 1436; x_wconf 85' lang='lat' dir='ltr'>castra</span> <span class='ocrx_word' id='word_1_85' title='bbox 906 1383 936 1436; x_wconf 91' lang='lat' dir='ltr'>et</span> <span class='ocrx_word' id='word_1_86' title='bbox 949 1376 1021 1437; x_wconf 89' lang='lat' dir='ltr'>circi·</span> 
     </span>
     <span class='ocr_line' id='line_1_14' title="bbox 65 1458 1021 1536; baseline 0.004 -19"><span class='ocrx_word' id='word_1_87' title='bbox 65 1466 108 1518; x_wconf 86' lang='lat' dir='ltr'>ter</span> <span class='ocrx_word' id='word_1_88' title='bbox 129 1458 210 1517; x_wconf 88' lang='lat' dir='ltr'>milia</span> <span class='ocrx_word' id='word_1_89' title='bbox 230 1474 378 1534; x_wconf 88' lang='lat' dir='ltr'>passuum</span> <span class='ocrx_word' id='word_1_90' title='bbox 399 1467 542 1536; x_wconf 88' lang='lat' dir='ltr'>quattuor</span> <span class='ocrx_word' id='word_1_91' title='bbox 561 1476 748 1536; x_wconf 78' lang='lat' dir='ltr'>progressus</span> <span class='ocrx_word' id='word_1_92' title='bbox 769 1466 854 1520; x_wconf 89' lang='lat' dir='ltr'>trans</span> <span class='ocrx_word' id='word_1_93' title='bbox 874 1462 983 1520; x_wconf 91' lang='lat' dir='ltr'>vallem</span> <span class='ocrx_word' id='word_1_94' title='bbox 1001 1466 1021 1521; x_wconf 89' lang='lat' dir='ltr'>et</span> 
     </span>
     <span class='ocr_line' id='line_1_15' title="bbox 65 1544 1021 1621; baseline 0.003 -18"><span class='ocrx_word' id='word_1_95' title='bbox 65 1545 160 1603; x_wconf 87' lang='lat' dir='ltr'>rivum</span> <span class='ocrx_word' id='word_1_96' title='bbox 175 1544 395 1605; x_wconf 88' lang='lat' dir='ltr'>multitudinem</span> <span class='ocrx_word' id='word_1_97' title='bbox 409 1545 541 1606; x_wconf 92' lang='lat' dir='ltr'>hostium</span> <span class='ocrx_word' id='word_1_98' title='bbox 556 1546 760 1620; x_wconf 87' lang='lat' dir='ltr'>conspicatur.</span> <span class='ocrx_word' id='word_1_99' title='bbox 775 1544 850 1605; x_wconf 85' lang='lat' dir='ltr'>Erat.</span> <span class='ocrx_word' id='word_1_100' title='bbox 862 1546 966 1620; x_wconf 80' lang='lat' dir='ltr'>magni</span> <span class='ocrx_word' id='word_1_101' title='bbox 979 1560 1021 1621; x_wconf 82' lang='lat' dir='ltr'>pe</span> 
     </span>
     <span class='ocr_line' id='line_1_16' title="bbox 63 1629 1021 1707; baseline 0.003 -19"><span class='ocrx_word' id='word_1_102' title='bbox 63 1629 148 1689; x_wconf 77' lang='lat' dir='ltr'>ricarli</span> <span class='ocrx_word' id='word_1_103' title='bbox 162 1646 213 1689; x_wconf 91' lang='lat' dir='ltr'>res</span> <span class='ocrx_word' id='word_1_104' title='bbox 228 1631 350 1692; x_wconf 91' lang='lat' dir='ltr'>tantulis</span> <span class='ocrx_word' id='word_1_105' title='bbox 366 1631 463 1705; x_wconf 90' lang='lat' dir='ltr'>copiis</span> <span class='ocrx_word' id='word_1_106' title='bbox 474 1630 579 1707; x_wconf 93' lang='lat' dir='ltr'>iniquo</span> <span class='ocrx_word' id='word_1_107' title='bbox 591 1633 659 1692; x_wconf 95' lang='lat' dir='ltr'>loco</span> <span class='ocrx_word' id='word_1_108' title='bbox 672 1630 832 1700; x_wconf 82' lang='lat' dir='ltr'>dimicare3</span> <span class='ocrx_word' id='word_1_109' title='bbox 858 1636 937 1705; x_wconf 91' lang='lat' dir='ltr'>tum,</span> <span class='ocrx_word' id='word_1_110' title='bbox 958 1646 1021 1705; x_wconf 87' lang='lat' dir='ltr'>quo</span> 
     </span>
     <span class='ocr_line' id='line_1_17' title="bbox 63 1715 1021 1792; baseline 0.002 -19"><span class='ocrx_word' id='word_1_111' title='bbox 63 1715 142 1774; x_wconf 90' lang='lat' dir='ltr'>niam</span> <span class='ocrx_word' id='word_1_112' title='bbox 157 1715 483 1775; x_wconf 83' lang='lat' dir='ltr'>obsidionaliberatum</span> <span class='ocrx_word' id='word_1_113' title='bbox 492 1716 667 1776; x_wconf 83' lang='lat' dir='ltr'>Ciceronem</span> <span class='ocrx_word' id='word_1_114' title='bbox 679 1715 804 1791; x_wconf 85' lang='lat' dir='ltr'>sciebat,</span> <span class='ocrx_word' id='word_1_115' title='bbox 819 1730 922 1792; x_wconf 90' lang='lat' dir='ltr'>aequo</span> <span class='ocrx_word' id='word_1_116' title='bbox 933 1717 1021 1776; x_wconf 88' lang='lat' dir='ltr'>animo</span> 
     </span>
     <span class='ocr_line' id='line_1_18' title="bbox 64 1799 1021 1877; baseline 0.005 -21"><span class='ocrx_word' id='word_1_117' title='bbox 64 1799 273 1860; x_wconf 87' lang='lat' dir='ltr'>remittendum</span> <span class='ocrx_word' id='word_1_118' title='bbox 288 1802 327 1859; x_wconf 90' lang='lat' dir='ltr'>de</span> <span class='ocrx_word' id='word_1_119' title='bbox 343 1801 495 1860; x_wconf 86' lang='lat' dir='ltr'>celeritate</span> <span class='ocrx_word' id='word_1_120' title='bbox 511 1801 722 1860; x_wconf 85' lang='lat' dir='ltr'>existumabat.</span> <span class='ocrx_word' id='word_1_121' title='bbox 739 1799 885 1861; x_wconf 87' lang='lat' dir='ltr'>Consedit</span> <span class='ocrx_word' id='word_1_122' title='bbox 899 1807 929 1861; x_wconf 91' lang='lat' dir='ltr'>ct</span> <span class='ocrx_word' id='word_1_123' title='bbox 943 1816 1021 1877; x_wconf 90' lang='lat' dir='ltr'>quan</span> 
     </span>
     <span class='ocr_line' id='line_1_19' title="bbox 64 1885 1021 1962; baseline 0.001 -19"><span class='ocrx_word' id='word_1_124' title='bbox 64 1885 249 1960; x_wconf 89' lang='lat' dir='ltr'>aequissimo</span> <span class='ocrx_word' id='word_1_125' title='bbox 267 1887 335 1946; x_wconf 92' lang='lat' dir='ltr'>loco</span> <span class='ocrx_word' id='word_1_126' title='bbox 351 1892 454 1961; x_wconf 89' lang='lat' dir='ltr'>potest</span> <span class='ocrx_word' id='word_1_127' title='bbox 467 1893 568 1945; x_wconf 83' lang='lat' dir='ltr'>eastra</span> <span class='ocrx_word' id='word_1_128' title='bbox 583 1885 747 1946; x_wconf 89' lang='lat' dir='ltr'>communit</span> <span class='ocrx_word' id='word_1_129' title='bbox 760 1893 854 1961; x_wconf 87' lang='lat' dir='ltr'>atque</span> <span class='ocrx_word' id='word_1_130' title='bbox 867 1885 959 1962; x_wconf 88' lang='lat' dir='ltr'>haec,</span> <span class='ocrx_word' id='word_1_131' title='bbox 974 1885 1021 1947; x_wconf 89' lang='lat' dir='ltr'>etsi</span> 
     </span>
     <span class='ocr_line' id='line_1_20' title="bbox 63 1970 1021 2046; baseline 0.001 -18"><span class='ocrx_word' id='word_1_132' title='bbox 63 1977 148 2029; x_wconf 87' lang='lat' dir='ltr'>orant</span> <span class='ocrx_word' id='word_1_133' title='bbox 162 1970 273 2045; x_wconf 82' lang='lat' dir='ltr'>exigua</span> <span class='ocrx_word' id='word_1_134' title='bbox 288 1986 343 2046; x_wconf 92' lang='lat' dir='ltr'>per</span> <span class='ocrx_word' id='word_1_135' title='bbox 358 1986 408 2045; x_wconf 89' lang='lat' dir='ltr'>se,</span> <span class='ocrx_word' id='word_1_136' title='bbox 428 1970 482 2029; x_wconf 82' lang='lat' dir='ltr'>vix</span> <span class='ocrx_word' id='word_1_137' title='bbox 495 1971 650 2031; x_wconf 92' lang='lat' dir='ltr'>hominum</span> <span class='ocrx_word' id='word_1_138' title='bbox 664 1970 777 2029; x_wconf 90' lang='lat' dir='ltr'>milium</span> <span class='ocrx_word' id='word_1_139' title='bbox 792 1986 837 2029; x_wconf 92' lang='lat' dir='ltr'>v11</span> <span class='ocrx_word' id='word_1_140' title='bbox 853 1972 1021 2045; x_wconf 88' lang='lat' dir='ltr'>praesertim</span> 
     </span>
     <span class='ocr_line' id='line_1_21' title="bbox 63 2054 1021 2133; baseline 0.005 -21"><span class='ocrx_word' id='word_1_141' title='bbox 63 2055 152 2114; x_wconf 91' lang='lat' dir='ltr'>nullis</span> <span class='ocrx_word' id='word_1_142' title='bbox 168 2071 236 2115; x_wconf 91' lang='lat' dir='ltr'>cum</span> <span class='ocrx_word' id='word_1_143' title='bbox 260 2055 488 2131; x_wconf 89' lang='lat' dir='ltr'>inpedimentis,</span> <span class='ocrx_word' id='word_1_144' title='bbox 513 2063 613 2115; x_wconf 88' lang='lat' dir='ltr'>tamen</span> <span class='ocrx_word' id='word_1_145' title='bbox 634 2056 781 2130; x_wconf 74' lang='lat' dir='ltr'>angustiis</span> <span class='ocrx_word' id='word_1_146' title='bbox 802 2054 922 2115; x_wconf 90' lang='lat' dir='ltr'>viarum</span> <span class='ocrx_word' id='word_1_147' title='bbox 942 2072 1021 2133; x_wconf 85' lang='lat' dir='ltr'>quam</span> 
     </span>
     <span class='ocr_line' id='line_1_22' title="bbox 64 2139 1021 2216; baseline 0.003 -20"><span class='ocrx_word' id='word_1_148' title='bbox 64 2141 192 2200; x_wconf 90' lang='lat' dir='ltr'>maxime</span> <span class='ocrx_word' id='word_1_149' title='bbox 207 2147 310 2216; x_wconf 91' lang='lat' dir='ltr'>potest</span> <span class='ocrx_word' id='word_1_150' title='bbox 324 2139 481 2216; x_wconf 75' lang='lat' dir='ltr'>contrahit</span> <span class='ocrx_word' id='word_1_151' title='bbox 497 2157 533 2201; x_wconf 86' lang='lat' dir='ltr'>eo</span> <span class='ocrx_word' id='word_1_152' title='bbox 550 2140 687 2215; x_wconf 88' lang='lat' dir='ltr'>consilio,</span> <span class='ocrx_word' id='word_1_153' title='bbox 702 2139 779 2200; x_wconf 91' lang='lat' dir='ltr'>utin</span> <span class='ocrx_word' id='word_1_154' title='bbox 795 2156 946 2200; x_wconf 87' lang='lat' dir='ltr'>summam</span> <span class='ocrx_word' id='word_1_155' title='bbox 960 2158 1021 2202; x_wconf 90' lang='lat' dir='ltr'>con·</span> 
     </span>
     <span class='ocr_line' id='line_1_23' title="bbox 65 2224 1021 2300; baseline 0 -17"><span class='ocrx_word' id='word_1_156' title='bbox 65 2227 256 2299; x_wconf 87' lang='lat' dir='ltr'>temptionem</span> <span class='ocrx_word' id='word_1_157' title='bbox 277 2225 416 2286; x_wconf 87' lang='lat' dir='ltr'>hostibus</span> <span class='ocrx_word' id='word_1_158' title='bbox 443 2225 553 2285; x_wconf 87' lang='lat' dir='ltr'>veniat.</span> <span class='ocrx_word' id='word_1_159' title='bbox 591 2224 713 2286; x_wconf 91' lang='lat' dir='ltr'>Interim</span> <span class='ocrx_word' id='word_1_160' title='bbox 734 2224 980 2300; x_wconf 87' lang='lat' dir='ltr'>speculatoribus</span> <span class='ocrx_word' id='word_1_161' title='bbox 999 2224 1021 2285; x_wconf 91' lang='lat' dir='ltr'>in</span> 
     </span>
     <span class='ocr_line' id='line_1_24' title="bbox 63 2310 1021 2387; baseline 0 -18"><span class='ocrx_word' id='word_1_162' title='bbox 63 2325 168 2369; x_wconf 90' lang='lat' dir='ltr'>omnes</span> <span class='ocrx_word' id='word_1_163' title='bbox 191 2317 294 2384; x_wconf 88' lang='lat' dir='ltr'>partes</span> <span class='ocrx_word' id='word_1_164' title='bbox 316 2310 449 2369; x_wconf 90' lang='lat' dir='ltr'>dimissis</span> <span class='ocrx_word' id='word_1_165' title='bbox 465 2311 619 2385; x_wconf 85' lang='lat' dir='ltr'>explorat,</span> <span class='ocrx_word' id='word_1_166' title='bbox 646 2327 707 2387; x_wconf 95' lang='lat' dir='ltr'>quo</span> <span class='ocrx_word' id='word_1_167' title='bbox 723 2310 973 2385; x_wconf 87' lang='lat' dir='ltr'>commodissime</span> <span class='ocrx_word' id='word_1_168' title='bbox 986 2310 1021 2369; x_wconf 92' lang='lat' dir='ltr'>iti·</span> 
     </span>
     <span class='ocr_line' id='line_1_25' title="bbox 64 2394 525 2468; baseline -0.002 -16"><span class='ocrx_word' id='word_1_169' title='bbox 64 2410 135 2453; x_wconf 88' lang='lat' dir='ltr'>nere</span> <span class='ocrx_word' id='word_1_170' title='bbox 148 2396 258 2453; x_wconf 90' lang='lat' dir='ltr'>vallem</span> <span class='ocrx_word' id='word_1_171' title='bbox 272 2394 401 2453; x_wconf 90' lang='lat' dir='ltr'>transire</span> <span class='ocrx_word' id='word_1_172' title='bbox 417 2395 525 2468; x_wconf 92' lang='lat' dir='ltr'>possit.</span> 
     </span>
    </p>

    <p class='ocr_par' dir='ltr' id='par_1_4' title="bbox 63 2478 1021 3573">
     <span class='ocr_line' id='line_1_26' title="bbox 144 2478 1021 2556; baseline 0.002 -19"><span class='ocrx_word' id='word_1_173' title='bbox 144 2478 176 2537; x_wconf 91' lang='lat' dir='ltr'>L.</span> <span class='ocrx_word' id='word_1_174' title='bbox 198 2478 242 2539; x_wconf 87' lang='lat' dir='ltr'>Eo</span> <span class='ocrx_word' id='word_1_175' title='bbox 259 2479 308 2538; x_wconf 86' lang='lat' dir='ltr'>die</span> <span class='ocrx_word' id='word_1_176' title='bbox 320 2479 455 2553; x_wconf 90' lang='lat' dir='ltr'>parvulis</span> <span class='ocrx_word' id='word_1_177' title='bbox 474 2479 666 2554; x_wconf 90' lang='lat' dir='ltr'>equestribus</span> <span class='ocrx_word' id='word_1_178' title='bbox 679 2478 802 2554; x_wconf 91' lang='lat' dir='ltr'>proeliis</span> <span class='ocrx_word' id='word_1_179' title='bbox 814 2479 855 2538; x_wconf 90' lang='lat' dir='ltr'>ad</span> <span class='ocrx_word' id='word_1_180' title='bbox 865 2495 977 2556; x_wconf 89' lang='lat' dir='ltr'>aquam</span> <span class='ocrx_word' id='word_1_181' title='bbox 988 2482 1021 2540; x_wconf 89' lang='lat' dir='ltr'>la·</span> 
     </span>
     <span class='ocr_line' id='line_1_27' title="bbox 63 2563 1021 2640; baseline 0.003 -18"><span class='ocrx_word' id='word_1_182' title='bbox 63 2564 119 2623; x_wconf 92' lang='lat' dir='ltr'>ctis</span> <span class='ocrx_word' id='word_1_183' title='bbox 133 2563 255 2638; x_wconf 90' lang='lat' dir='ltr'>utrique</span> <span class='ocrx_word' id='word_1_184' title='bbox 271 2579 342 2623; x_wconf 89' lang='lat' dir='ltr'>sose</span> <span class='ocrx_word' id='word_1_185' title='bbox 356 2580 413 2624; x_wconf 91' lang='lat' dir='ltr'>suo</span> <span class='ocrx_word' id='word_1_186' title='bbox 429 2565 497 2624; x_wconf 93' lang='lat' dir='ltr'>loco</span> <span class='ocrx_word' id='word_1_187' title='bbox 513 2565 682 2625; x_wconf 81' lang='lat' dir='ltr'>continent:</span> <span class='ocrx_word' id='word_1_188' title='bbox 705 2564 789 2638; x_wconf 87' lang='lat' dir='ltr'>Galli,</span> <span class='ocrx_word' id='word_1_189' title='bbox 806 2566 890 2639; x_wconf 92' lang='lat' dir='ltr'>quod</span> <span class='ocrx_word' id='word_1_190' title='bbox 905 2565 1021 2640; x_wconf 87' lang='lat' dir='ltr'>amplia·</span> 
     </span>
     <span class='ocr_line' id='line_1_28' title="bbox 64 2648 1021 2725; baseline 0.003 -18"><span class='ocrx_word' id='word_1_191' title='bbox 64 2664 112 2707; x_wconf 87' lang='lat' dir='ltr'>res</span> <span class='ocrx_word' id='word_1_192' title='bbox 126 2648 242 2723; x_wconf 87' lang='lat' dir='ltr'>copias,</span> <span class='ocrx_word' id='word_1_193' title='bbox 259 2664 337 2723; x_wconf 89' lang='lat' dir='ltr'>quae</span> <span class='ocrx_word' id='word_1_194' title='bbox 350 2650 484 2709; x_wconf 93' lang='lat' dir='ltr'>nondum</span> <span class='ocrx_word' id='word_1_195' title='bbox 496 2656 710 2725; x_wconf 80' lang='lat' dir='ltr'>convenerant,</span> <span class='ocrx_word' id='word_1_196' title='bbox 722 2649 944 2724; x_wconf 80' lang='lat' dir='ltr'>expectabant3</span> <span class='ocrx_word' id='word_1_197' title='bbox 961 2650 1021 2710; x_wconf 87' lang='lat' dir='ltr'>Cae</span> 
     </span>
     <span class='ocr_line' id='line_1_29' title="bbox 63 2733 1021 2807; baseline 0.003 -15"><span class='ocrx_word' id='word_1_198' title='bbox 63 2750 128 2807; x_wconf 84' lang='lat' dir='ltr'>sar,</span> <span class='ocrx_word' id='word_1_199' title='bbox 154 2734 180 2792; x_wconf 92' lang='lat' dir='ltr'>si</span> <span class='ocrx_word' id='word_1_200' title='bbox 200 2734 278 2793; x_wconf 85' lang='lat' dir='ltr'>torta</span> <span class='ocrx_word' id='word_1_201' title='bbox 298 2733 414 2793; x_wconf 90' lang='lat' dir='ltr'>timoris</span> <span class='ocrx_word' id='word_1_202' title='bbox 436 2734 626 2795; x_wconf 89' lang='lat' dir='ltr'>simulatione</span> <span class='ocrx_word' id='word_1_203' title='bbox 647 2736 753 2796; x_wconf 91' lang='lat' dir='ltr'>hostes</span> <span class='ocrx_word' id='word_1_204' title='bbox 774 2734 805 2793; x_wconf 91' lang='lat' dir='ltr'>in</span> <span class='ocrx_word' id='word_1_205' title='bbox 826 2749 918 2794; x_wconf 88' lang='lat' dir='ltr'>suum</span> <span class='ocrx_word' id='word_1_206' title='bbox 932 2736 1021 2795; x_wconf 87' lang='lat' dir='ltr'>locun</span> 
     </span>
     <span class='ocr_line' id='line_1_30' title="bbox 63 2819 1020 2895; baseline 0.001 -16"><span class='ocrx_word' id='word_1_207' title='bbox 63 2819 173 2879; x_wconf 84' lang='lat' dir='ltr'>elicere</span> <span class='ocrx_word' id='word_1_208' title='bbox 187 2825 302 2892; x_wconf 91' lang='lat' dir='ltr'>posset,</span> <span class='ocrx_word' id='word_1_209' title='bbox 318 2826 351 2878; x_wconf 90' lang='lat' dir='ltr'>ut</span> <span class='ocrx_word' id='word_1_210' title='bbox 366 2820 440 2878; x_wconf 86' lang='lat' dir='ltr'>citra</span> <span class='ocrx_word' id='word_1_211' title='bbox 453 2821 563 2879; x_wconf 90' lang='lat' dir='ltr'>vallem</span> <span class='ocrx_word' id='word_1_212' title='bbox 577 2837 634 2895; x_wconf 92' lang='lat' dir='ltr'>pro</span> <span class='ocrx_word' id='word_1_213' title='bbox 650 2819 758 2880; x_wconf 89' lang='lat' dir='ltr'>castris</span> <span class='ocrx_word' id='word_1_214' title='bbox 774 2820 892 2894; x_wconf 88' lang='lat' dir='ltr'>proelio</span> <span class='ocrx_word' id='word_1_215' title='bbox 909 2829 1020 2882; x_wconf 84' lang='lat' dir='ltr'>conten</span> 
     </span>
     <span class='ocr_line' id='line_1_31' title="bbox 63 2902 1021 2980; baseline 0.001 -18"><span class='ocrx_word' id='word_1_216' title='bbox 63 2903 163 2976; x_wconf 86' lang='lat' dir='ltr'>deret,</span> <span class='ocrx_word' id='word_1_217' title='bbox 190 2904 217 2962; x_wconf 90' lang='lat' dir='ltr'>si</span> <span class='ocrx_word' id='word_1_218' title='bbox 238 2902 268 2962; x_wconf 90' lang='lat' dir='ltr'>id</span> <span class='ocrx_word' id='word_1_219' title='bbox 284 2903 406 2963; x_wconf 86' lang='lat' dir='ltr'>eitieere</span> <span class='ocrx_word' id='word_1_220' title='bbox 420 2919 481 2964; x_wconf 94' lang='lat' dir='ltr'>non</span> <span class='ocrx_word' id='word_1_221' title='bbox 497 2914 619 2980; x_wconf 90' lang='lat' dir='ltr'>posset,</span> <span class='ocrx_word' id='word_1_222' title='bbox 645 2912 678 2964; x_wconf 90' lang='lat' dir='ltr'>ut</span> <span class='ocrx_word' id='word_1_223' title='bbox 692 2904 859 2980; x_wconf 89' lang='lat' dir='ltr'>exploratis</span> <span class='ocrx_word' id='word_1_224' title='bbox 874 2905 1021 2967; x_wconf 87' lang='lat' dir='ltr'>itineribu:</span> 
     </span>
     <span class='ocr_line' id='line_1_32' title="bbox 63 2988 1021 3065; baseline 0.002 -19"><span class='ocrx_word' id='word_1_225' title='bbox 63 2988 178 3047; x_wconf 88' lang='lat' dir='ltr'>minore</span> <span class='ocrx_word' id='word_1_226' title='bbox 201 3004 268 3048; x_wconf 93' lang='lat' dir='ltr'>cum</span> <span class='ocrx_word' id='word_1_227' title='bbox 290 2988 426 3062; x_wconf 90' lang='lat' dir='ltr'>periculo</span> <span class='ocrx_word' id='word_1_228' title='bbox 447 2991 558 3049; x_wconf 87' lang='lat' dir='ltr'>vallem</span> <span class='ocrx_word' id='word_1_229' title='bbox 577 2991 738 3065; x_wconf 92' lang='lat' dir='ltr'>rivumque</span> <span class='ocrx_word' id='word_1_230' title='bbox 753 2989 904 3050; x_wconf 90' lang='lat' dir='ltr'>transiret.</span> <span class='ocrx_word' id='word_1_231' title='bbox 934 2990 1021 3050; x_wconf 68' lang='lat' dir='ltr'>Primi</span> 
     </span>
     <span class='ocr_line' id='line_1_33' title="bbox 64 3073 1021 3150; baseline 0.006 -20"><span class='ocrx_word' id='word_1_232' title='bbox 64 3074 131 3131; x_wconf 89' lang='lat' dir='ltr'>luce</span> <span class='ocrx_word' id='word_1_233' title='bbox 155 3073 288 3133; x_wconf 88' lang='lat' dir='ltr'>bostium</span> <span class='ocrx_word' id='word_1_234' title='bbox 316 3074 465 3147; x_wconf 88' lang='lat' dir='ltr'>equitatus</span> <span class='ocrx_word' id='word_1_235' title='bbox 491 3075 532 3134; x_wconf 86' lang='lat' dir='ltr'>ad</span> <span class='ocrx_word' id='word_1_236' title='bbox 553 3082 653 3134; x_wconf 87' lang='lat' dir='ltr'>castra</span> <span class='ocrx_word' id='word_1_237' title='bbox 678 3073 796 3134; x_wconf 88' lang='lat' dir='ltr'>accedit</span> <span class='ocrx_word' id='word_1_238' title='bbox 821 3075 1021 3150; x_wconf 87' lang='lat' dir='ltr'>proeliumqu</span> 
     </span>
     <span class='ocr_line' id='line_1_34' title="bbox 64 3157 1019 3235; baseline 0.004 -20"><span class='ocrx_word' id='word_1_239' title='bbox 64 3172 131 3216; x_wconf 88' lang='lat' dir='ltr'>cnm</span> <span class='ocrx_word' id='word_1_240' title='bbox 146 3157 258 3217; x_wconf 91' lang='lat' dir='ltr'>nostris</span> <span class='ocrx_word' id='word_1_241' title='bbox 275 3158 426 3232; x_wconf 89' lang='lat' dir='ltr'>equitibus</span> <span class='ocrx_word' id='word_1_242' title='bbox 442 3158 605 3219; x_wconf 89' lang='lat' dir='ltr'>committit.</span> <span class='ocrx_word' id='word_1_243' title='bbox 632 3159 744 3219; x_wconf 84' lang='lat' dir='ltr'>Caesar</span> <span class='ocrx_word' id='word_1_244' title='bbox 758 3160 898 3219; x_wconf 90' lang='lat' dir='ltr'>consulto</span> <span class='ocrx_word' id='word_1_245' title='bbox 915 3160 1019 3235; x_wconf 89' lang='lat' dir='ltr'>equite</span> 
     </span>
     <span class='ocr_line' id='line_1_35' title="bbox 64 3242 1021 3319; baseline -0.001 -17"><span class='ocrx_word' id='word_1_246' title='bbox 64 3242 174 3302; x_wconf 88' lang='lat' dir='ltr'>cedere</span> <span class='ocrx_word' id='word_1_247' title='bbox 190 3257 287 3317; x_wconf 90' lang='lat' dir='ltr'>seque</span> <span class='ocrx_word' id='word_1_248' title='bbox 302 3243 331 3301; x_wconf 94' lang='lat' dir='ltr'>in</span> <span class='ocrx_word' id='word_1_249' title='bbox 348 3251 447 3303; x_wconf 87' lang='lat' dir='ltr'>castra</span> <span class='ocrx_word' id='word_1_250' title='bbox 461 3244 600 3319; x_wconf 90' lang='lat' dir='ltr'>recipere</span> <span class='ocrx_word' id='word_1_251' title='bbox 614 3244 714 3313; x_wconf 86' lang='lat' dir='ltr'>iubot;</span> <span class='ocrx_word' id='word_1_252' title='bbox 730 3243 820 3304; x_wconf 92' lang='lat' dir='ltr'>simul</span> <span class='ocrx_word' id='word_1_253' title='bbox 836 3259 875 3302; x_wconf 92' lang='lat' dir='ltr'>ex</span> <span class='ocrx_word' id='word_1_254' title='bbox 891 3244 1021 3305; x_wconf 89' lang='lat' dir='ltr'>omnibu</span> 
     </span>
     <span class='ocr_line' id='line_1_36' title="bbox 64 3327 1021 3402; baseline 0.005 -17"><span class='ocrx_word' id='word_1_255' title='bbox 64 3328 199 3402; x_wconf 89' lang='lat' dir='ltr'>partibus</span> <span class='ocrx_word' id='word_1_256' title='bbox 216 3334 318 3386; x_wconf 86' lang='lat' dir='ltr'>castra</span> <span class='ocrx_word' id='word_1_257' title='bbox 331 3327 438 3388; x_wconf 89' lang='lat' dir='ltr'>altiore</span> <span class='ocrx_word' id='word_1_258' title='bbox 451 3331 531 3389; x_wconf 92' lang='lat' dir='ltr'>vallo</span> <span class='ocrx_word' id='word_1_259' title='bbox 547 3329 654 3388; x_wconf 91' lang='lat' dir='ltr'>muniri</span> <span class='ocrx_word' id='word_1_260' title='bbox 670 3336 839 3402; x_wconf 88' lang='lat' dir='ltr'>portasque</span> <span class='ocrx_word' id='word_1_261' title='bbox 854 3328 973 3389; x_wconf 90' lang='lat' dir='ltr'>obstrui</span> <span class='ocrx_word' id='word_1_262' title='bbox 991 3336 1021 3390; x_wconf 86' lang='lat' dir='ltr'>at</span> 
     </span>
     <span class='ocr_line' id='line_1_37' title="bbox 65 3412 1021 3487; baseline 0.002 -15"><span class='ocrx_word' id='word_1_263' title='bbox 65 3428 124 3487; x_wconf 85' lang='lat' dir='ltr'>que</span> <span class='ocrx_word' id='word_1_264' title='bbox 139 3412 168 3471; x_wconf 93' lang='lat' dir='ltr'>in</span> <span class='ocrx_word' id='word_1_265' title='bbox 184 3412 230 3471; x_wconf 83' lang='lat' dir='ltr'>liis</span> <span class='ocrx_word' id='word_1_266' title='bbox 246 3412 492 3473; x_wconf 90' lang='lat' dir='ltr'>administrandis</span> <span class='ocrx_word' id='word_1_267' title='bbox 504 3415 596 3473; x_wconf 92' lang='lat' dir='ltr'>rebus</span> <span class='ocrx_word' id='word_1_268' title='bbox 610 3428 700 3487; x_wconf 85' lang='lat' dir='ltr'>quum</span> <span class='ocrx_word' id='word_1_269' title='bbox 711 3413 842 3472; x_wconf 90' lang='lat' dir='ltr'>maxime</span> <span class='ocrx_word' id='word_1_270' title='bbox 854 3428 1021 3476; x_wconf 80' lang='lat' dir='ltr'>concursat</span> 
     </span>
     <span class='ocr_line' id='line_1_38' title="bbox 64 3497 683 3573; baseline -0.002 -17"><span class='ocrx_word' id='word_1_271' title='bbox 64 3505 176 3557; x_wconf 89' lang='lat' dir='ltr'>etcum</span> <span class='ocrx_word' id='word_1_272' title='bbox 191 3497 382 3557; x_wconf 90' lang='lat' dir='ltr'>simulatione</span> <span class='ocrx_word' id='word_1_273' title='bbox 397 3499 445 3573; x_wconf 79' lang='lat' dir='ltr'>agi</span> <span class='ocrx_word' id='word_1_274' title='bbox 461 3498 576 3559; x_wconf 91' lang='lat' dir='ltr'>timoris</span> <span class='ocrx_word' id='word_1_275' title='bbox 593 3497 683 3557; x_wconf 89' lang='lat' dir='ltr'>iubet.</span> 
     </span>
    </p>

    <p class='ocr_par' dir='ltr' id='par_1_5' title="bbox 64 3581 1021 3830">
     <span class='ocr_line' id='line_1_39' title="bbox 146 3581 1021 3659; baseline 0.006 -19"><span class='ocrx_word' id='word_1_276' title='bbox 146 3583 192 3640; x_wconf 93' lang='lat' dir='ltr'>Ll.</span> <span class='ocrx_word' id='word_1_277' title='bbox 209 3582 325 3657; x_wconf 80' lang='lat' dir='ltr'>Quibus</span> <span class='ocrx_word' id='word_1_278' title='bbox 342 3583 482 3644; x_wconf 90' lang='lat' dir='ltr'>omnibus</span> <span class='ocrx_word' id='word_1_279' title='bbox 497 3584 590 3643; x_wconf 90' lang='lat' dir='ltr'>rebus</span> <span class='ocrx_word' id='word_1_280' title='bbox 605 3582 711 3642; x_wconf 90' lang='lat' dir='ltr'>hostes</span> <span class='ocrx_word' id='word_1_281' title='bbox 726 3581 841 3642; x_wconf 89' lang='lat' dir='ltr'>invitati</span> <span class='ocrx_word' id='word_1_282' title='bbox 854 3583 962 3659; x_wconf 88' lang='lat' dir='ltr'>copias</span> <span class='ocrx_word' id='word_1_283' title='bbox 974 3592 1021 3646; x_wconf 89' lang='lat' dir='ltr'>tra</span> 
     </span>
     <span class='ocr_line' id='line_1_40' title="bbox 64 3664 1021 3744; baseline 0.006 -21"><span class='ocrx_word' id='word_1_284' title='bbox 64 3664 179 3725; x_wconf 89' lang='lat' dir='ltr'>ducunt</span> <span class='ocrx_word' id='word_1_285' title='bbox 199 3668 357 3744; x_wconf 85' lang='lat' dir='ltr'>aciemque</span> <span class='ocrx_word' id='word_1_286' title='bbox 377 3668 481 3743; x_wconf 89' lang='lat' dir='ltr'>iniquo</span> <span class='ocrx_word' id='word_1_287' title='bbox 503 3670 572 3729; x_wconf 93' lang='lat' dir='ltr'>loco</span> <span class='ocrx_word' id='word_1_288' title='bbox 594 3667 796 3741; x_wconf 84' lang='lat' dir='ltr'>constituunt,</span> <span class='ocrx_word' id='word_1_289' title='bbox 821 3668 938 3729; x_wconf 89' lang='lat' dir='ltr'>nostris</span> <span class='ocrx_word' id='word_1_290' title='bbox 958 3685 1021 3729; x_wconf 83' lang='lat' dir='ltr'>vert</span> 
     </span>
     <span class='ocr_line' id='line_1_41' title="bbox 64 3749 1021 3830; baseline 0.005 -19"><span class='ocrx_word' id='word_1_291' title='bbox 64 3749 154 3811; x_wconf 88' lang='lat' dir='ltr'>etiam</span> <span class='ocrx_word' id='word_1_292' title='bbox 168 3750 207 3811; x_wconf 93' lang='lat' dir='ltr'>de</span> <span class='ocrx_word' id='word_1_293' title='bbox 221 3754 301 3814; x_wconf 88' lang='lat' dir='ltr'>vallo</span> <span class='ocrx_word' id='word_1_294' title='bbox 313 3752 453 3815; x_wconf 87' lang='lat' dir='ltr'>deductis</span> <span class='ocrx_word' id='word_1_295' title='bbox 467 3754 597 3830; x_wconf 89' lang='lat' dir='ltr'>propius</span> <span class='ocrx_word' id='word_1_296' title='bbox 609 3752 760 3815; x_wconf 85' lang='lat' dir='ltr'>accedunt</span> <span class='ocrx_word' id='word_1_297' title='bbox 769 3758 799 3813; x_wconf 89' lang='lat' dir='ltr'>et</span> <span class='ocrx_word' id='word_1_298' title='bbox 809 3754 870 3813; x_wconf 89' lang='lat' dir='ltr'>tela</span> <span class='ocrx_word' id='word_1_299' title='bbox 880 3753 961 3815; x_wconf 90' lang='lat' dir='ltr'>intra</span> <span class='ocrx_word' id='word_1_300' title='bbox 971 3772 1021 3817; x_wconf 91' lang='lat' dir='ltr'>mu</span> 
     </span>
    </p>
   </div>
   <div class='ocr_carea' id='block_1_4' title="bbox 0 0 1140 4176">
    <p class='ocr_par' dir='ltr' id='par_1_6' title="bbox 0 0 1140 4176">
     <span class='ocr_line' id='line_1_42' title="bbox 0 0 1140 4176; baseline 0 0"><span class='ocrx_word' id='word_1_301' title='bbox 0 0 1140 4176; x_wconf 95' lang='lat' dir='ltr'> </span> 
     </span>
    </p>
   </div>
  </div>
 </body>
</html>
