2272 4176
275 158 437 201 nanneno
454 157 654 202 1001010100
671 157 700 199 0.
717 148 852 205 100104.
869 150 927 203 105.
1033 138 1092 199 103

64 334 66 339 ’
106 317 160 372 aut
175 306 256 369 utilia
271 314 321 367 ant
335 307 546 367 benivolentiae
569 325 634 369 esse
654 307 827 377 credebant,
851 309 982 368 oratione
1001 305 1093 366 entol-

64 414 80 429 ··
106 392 189 455 lunt:
210 391 277 452 dein
295 390 374 452 Sulla
390 393 487 450 omnia
499 390 629 469 pollicito
646 393 738 459 docti,
761 409 819 470 quo
834 391 922 451 modo
940 391 1018 467 apud
1031 390 1093 449 lla·

107 480 201 544 rium,
216 477 287 537 item
303 476 381 553 apud
396 482 527 535 senatum
545 475 633 537 verba
648 475 795 545 iacerent,
813 477 928 535 circiter
944 475 1005 534 dies
1022 494 1092 554 qua·

69 636 72 643 ,
107 562 242 639 draginta
264 559 372 620 ibidem
393 559 576 636 operiuntur.

81 644 96 707 0
193 642 301 705 ldarius
316 643 367 703 ubi
383 643 491 703 inlecto
510 645 587 722 quod
598 645 763 706 intenderat
773 645 890 720 negotio
903 644 1009 704 Cirtam
1028 661 1075 704 re·
1086 644 1133 705 10

108 731 201 791 ditet
223 729 259 789 de
276 728 401 787 adventu
422 726 586 804 legatorum
610 730 718 789 certior
740 727 833 788 sactus
855 736 913 797 est,
937 746 1046 808 eosque
1063 737 1092 790 01

108 812 220 875 Sullam
242 813 280 872 ad
300 812 414 872 Uticam
429 812 527 871 venire
548 811 639 881 iubet,
662 813 731 872 item
749 812 781 872 L.
805 810 957 873 Bellenum
974 821 1092 893 010010-

106 916 191 965 1001,
218 902 372 974 praeterea
392 897 486 953 omnis
507 897 637 973 undique
660 897 799 956 senatorii
822 897 947 965 ordinis,
972 897 1092 974 quibus-

68 994 73 999 ·
110 1000 179 1043 0010
205 980 342 1040 mandata
364 977 474 1038 Bocchi
498 982 655 1056 cognoscit.
707 979 822 1055 Legatis
848 988 976 1057 potestas
1004 982 1119 1043 cundia

76 1064 234 1133 rollomam
253 1064 285 1123 tit
306 1063 342 1123 ab
361 1060 490 1131 consule,
510 1065 621 1123 interea
635 1064 769 1124 induciae
787 1064 1019 1142 postulabantur.
1051 1066 1093 1127 Ea

107 1148 208 1210 Sullae
226 1155 255 1208 et
269 1147 416 1225 plerisque
434 1145 588 1223 placuere:
604 1150 690 1226 pauci
704 1147 831 1207 ferocius
847 1149 1019 1217 decernunt,
1037 1152 1092 1210 sci-

107 1232 178 1293 licet
197 1233 292 1307 ignari
312 1249 412 1291 rernm
426 1229 638 1300 humanarum,
662 1249 736 1310 quae
751 1230 847 1292 fluxae
870 1240 900 1293 et
920 1232 1044 1293 mobiles
1062 1234 1093 1293 111

108 1317 233 1377 advorsa
254 1332 370 1393 semper
391 1321 551 1375 mutantur.
591 1315 726 1376 Ceterum
746 1314 840 1376 llauri
859 1319 1009 1396 inpetratis
1029 1330 1117 1381 ont-3

106 1399 196 1461 nibus
211 1406 272 1459 tres
294 1398 417 1458 Romam
439 1397 565 1475 protecti
587 1407 656 1458 sunt
674 1416 742 1459 oum
757 1399 812 1459 Gn.
829 1399 947 1461 Octavio
962 1402 1091 1470 Rusone,

73 1508 99 1547 10
108 1485 162 1561 qui
178 1490 316 1561 quaestor
330 1482 507 1559 stipendium
525 1483 555 1542 10
573 1481 702 1542 1111100111
719 1489 896 1559 0011010101,
914 1485 972 1544 duo
988 1486 1024 1546 ad
1045 1504 1091 1546 re·

108 1585 178 1644 gem
197 1567 330 1629 redeunt.
376 1566 420 1626 En
438 1567 479 1626 eis
493 1565 628 1626 Bocchus
650 1584 716 1625 cum
740 1573 846 1635 cetera,
870 1574 932 1628 tum
956 1586 1091 1630 maxume

106 1652 319 1727 benignitatem
337 1658 366 1710 et
380 1650 508 1710 studium
525 1649 622 1711 Sullae
641 1649 746 1710 lubens
761 1653 881 1727 0000011.
922 1649 1117 1730 1101ῃο00001

106 1735 212 1814 legatis
233 1735 310 1805 eius,
332 1741 487 1812 postquam
509 1752 623 1794 errasse
644 1752 745 1811 regem
763 1740 791 1794 et
805 1734 965 1810 Iugurthae
980 1734 1093 1796 scelere

106 1818 225 1899 lapsum
240 1820 389 1898 deprecati
411 1826 493 1887 sunt,
517 1819 671 1878 amicitiam
694 1826 722 1878 et
740 1818 844 1878 100000
856 1819 1024 1896 petentibus
1036 1820 1094 1879 hoc

69 1923 98 1965 00
108 1903 198 1963 modo
212 1902 423 1981 respondetur:
438 1902 572 1963 ‘Senatus
587 1910 616 1963 et
633 1902 759 1980 populus
770 1901 919 1962 Romanus
933 1902 1049 1963 benilici
1065 1910 1095 1963 et

106 1988 232 2047 iniuriae
248 2004 362 2047 memor
380 2003 443 2046 esse
459 1985 541 2047 solet.
576 1986 712 2047 Ceterum
728 1986 855 2053 Boccho,
873 1988 1012 2064 quoniam
1025 2005 1094 2065 pae-

106 2072 190 2139 nitet,
210 2070 307 2131 delicti
320 2072 442 2146 gratiam
454 2071 538 2130 lacit:
554 2070 658 2131 foedus
670 2078 699 2130 et
712 2071 836 2131 amicitia
855 2070 1011 2141 dabuntur,
1026 2088 1093 2131 eum

108 2155 271 2215 meruerit!

194 2237 306 2308 Quibus
317 2236 406 2297 rebus
419 2240 540 2314 cognitis
552 2238 687 2299 Bocchus
698 2256 751 2317 per
765 2236 877 2298 litteras
888 2257 904 2298 0
917 2238 1009 2299 Μο110
1025 2256 1076 2315 00·
1086 2236 1136 2297 10

68 2326 221 2391 0111110101,
236 2323 280 2382 011
300 2322 337 2382 ad
359 2339 390 2381 se
410 2324 538 2383 mitteret
557 2322 676 2392 Sullam,
697 2324 780 2383 cuius
800 2323 942 2383 arbitratu
958 2323 993 2383 de
1013 2340 1093 2382 0010-

106 2406 248 2469 munibus
269 2407 393 2483 negotiis
414 2406 626 2467 consuleretur.
672 2406 701 2466 ls
723 2409 829 2467 missus
855 2425 922 2467 cum
948 2406 1120 2484 praesidioa

109 2491 242 2569 equitum
253 2496 340 2567 atque
355 2488 509 2569 [peditum.
522 2489 605 2569 item]
620 2491 801 2551 funditorum
815 2489 997 2552 Balearium:
1010 2508 1095 2568 prae·

108 2584 193 2635 terea
212 2574 273 2634 iere
291 2575 431 2650 sagittarii
447 2582 475 2634 et
497 2574 604 2634 cohors
618 2574 755 2651 Paeligna
775 2592 843 2635 oum
865 2573 1032 2634 velitaribus
1047 2592 1096 2633 ar·

108 2658 182 2724 mis,
205 2657 315 2717 itineris
336 2659 515 2736 properandi
529 2675 645 2725 caussa,
661 2676 758 2740 neque
772 2660 815 2718 010
828 2676 914 2718 00000
930 2665 1017 2735 atque
1032 2655 1097 2717 eliis

69 2742 201 2803 00010110
222 2742 363 2803 advorsus
382 2742 439 2803 tela
461 2742 588 2803 bostium
614 2741 708 2822 [qnod
730 2761 764 2803 ea
786 2742 859 2802 levia
876 2740 958 2821 sunt]
982 2742 1094 2800 muniti.

108 2826 161 2887 Set
172 2826 202 2885 in
213 2826 318 2887 itinere
330 2828 431 2905 quinto
443 2827 568 2906 denique
583 2827 629 2886 die
641 2826 743 2895 Volux,
757 2825 833 2886 filius
844 2824 962 2893 Bocchi,
974 2828 1122 2902 repented

108 2913 141 2971 in
161 2911 272 2987 campis
293 2909 460 2988 patentibus
476 2929 541 2971 0010
564 2909 715 2979 millenon
732 2909 855 2987 amplius
870 2907 1016 2986 equitibus
1030 2924 1096 2969 sese

109 2993 250 3063 ostendit,
274 2995 325 3072 qui
342 3000 450 3055 temere
474 2994 607 3055 01011000
623 3002 725 3055 000100
741 2993 838 3054 Sullae
860 2991 981 3070 aliisque
1001 2992 1095 3051 omni-

108 3076 167 3137 bus
178 3084 207 3137 01
222 3094 379 3138 numerum
391 3096 460 3137 vero
478 3078 651 3155 amphorem
666 3084 695 3137 et
709 3077 845 3137 hostilem
860 3082 972 3135 metum
987 3074 1095 3135 efficie-

68 3183 97 3229 00
107 3160 190 3222 hant.
214 3160 306 3239 lgitur
320 3179 352 3221 se
367 3163 489 3240 quisque
502 3161 657 3239 expedire,
670 3178 750 3220 arma
765 3168 852 3238 etque
867 3158 924 3219 tela
940 3164 1122 3236 temptaret

106 3245 279 3309 intendere:
291 3247 379 3305 timor
393 3243 570 3323 aliquantus,
587 3252 632 3305 set
648 3261 715 3321 spes
730 3243 867 3321 amplior,
884 3244 992 3321 quippe
1007 3243 1095 3302 victo-

107 3328 193 3390 ribus
211 3336 240 3390 et
253 3330 395 3390 advorsus
416 3346 556 3407 eosquos
574 3346 661 3407 saepe
676 3330 814 3389 deerant.
848 3326 1121 3404 1010110100011005

108 3411 294 3491 exploratum
306 3414 459 3493 praemissi
469 3430 543 3483 rem,
556 3413 598 3473 uti
609 3419 680 3481 erat,
693 3414 820 3492 quietam
830 3413 973 3473 nuntiant.
987 3408 1081 3471 Volux
1092 3405 1129 3467 10
