2272 4176
10 39 110 117 μ..
173 40 193 57 ,

491 186 606 247 LIBER
619 187 656 246 V.
1016 182 1058 248 93

167 333 329 398 XXXVIII.
344 340 409 399 Hae
419 339 547 400 victoria
557 338 695 399 sublatus
703 338 862 398 Ambiorix
874 337 973 398 statim
988 355 1055 400 eum

89 421 222 495 equitatu
235 422 267 480 in
274 424 462 497 Aduatucos,
479 424 532 498 qui
547 428 632 482 erent
646 423 712 481 elus
726 438 821 494 regno
835 423 970 498 finitumi,
985 440 1055 499 pro-

88 505 248 575 ficiscitur3
275 522 376 582 neque
398 515 519 567 noctem
540 522 642 580 neque
661 506 740 564 dlem
762 506 925 565 intermittit
939 507 1055 580 pedita-

88 596 210 663 tumque
230 590 379 665 subsequi
400 591 491 650 Iubet.
527 591 572 649 Re
598 591 805 648 demonstrata
824 590 1057 669 Aduatucisque

87 673 243 733 concitatis
257 680 383 748 postero
400 675 450 734 die
465 674 495 732 in
506 672 634 732 Nervios
646 672 784 747 pervenit
795 673 1002 749 hortaturque,
1017 689 1057 734 ne

86 755 132 814 sui
145 756 176 814 in
190 764 371 831 perpetuum
386 757 534 816 liberandi
549 764 641 830 atque
655 755 984 817 ulciscendiltomanos
998 775 1055 833 pro

88 839 130 911 iis,
148 856 226 912 quas
241 841 423 916 acceperint,
440 840 557 900 inluriis
574 840 769 900 occasionem
785 840 947 899 dimittant:
963 842 1054 902 inter·

87 923 181 983 lectos
204 939 275 983 esse
297 926 414 998 legatos
436 925 515 984 duos
535 938 738 998 magnamque
762 930 878 997 partem
903 926 1054 987 exercitus

86 1005 225 1066 interisse
240 1008 442 1076 demonstran
458 1007 531 1066 nihil
546 1022 617 1066 esse
632 1007 745 1081 negotii
758 1006 858 1066 subito
875 1024 1054 1082 oppressam

87 1090 250 1164 legionem,
278 1108 358 1167 quae
380 1107 448 1151 cum
470 1091 616 1152 Cloerone
637 1091 762 1164 hiemet,
788 1091 932 1160 interfioi;
959 1108 994 1152 se
1015 1094 1053 1153 ad

87 1188 151 1231 earn
164 1189 229 1233 rem
243 1175 404 1249 profitetur
418 1176 597 1236 adiutorem.
624 1174 726 1234 Facile
746 1173 804 1233 hac
826 1175 962 1235 oratione
981 1176 1041 1235 Ner

85 1256 140 1316 viis
154 1259 331 1332 persuadet.

165 1341 296 1401 XXXIX.
326 1343 432 1417 ltaque
453 1343 613 1402 confestim
633 1341 767 1400 dimissis
790 1337 902 1416 nuntiis
924 1342 964 1400 ad
978 1343 1052 1404 Ceu·

86 1431 201 1498 trones,
224 1425 373 1500 Grndios,
392 1427 546 1501 Levaeos,
563 1424 775 1497 Pl'eumoxios,
793 1424 985 1500 Geldunnos,
1002 1443 1052 1501 qur

86 1523 190 1567 omnes
206 1509 264 1568 sub
280 1525 386 1569 eorum
400 1510 526 1584 imperio
548 1515 634 1582 sunt,
663 1524 754 1583 quam
775 1508 923 1568 maximas
944 1525 1052 1569 manus

84 1599 216 1666 possunt
231 1599 345 1666 cogunt
359 1600 389 1652 et
404 1594 443 1652 de
456 1593 614 1668 inproviso
630 1593 671 1652 ad
686 1591 841 1652 Ciceronis
857 1591 985 1650 hiberna
998 1594 1051 1653 ad·
1073 1594 1079 1607 “

84 1677 202 1750 volant,
229 1677 365 1736 nondum
386 1677 426 1735 ad
447 1692 516 1736 eum
537 1679 617 1735 lama
637 1676 676 1735 de
690 1675 794 1734 Titurii
815 1681 912 1734 morte
927 1676 1050 1750 perlata.

52 1756 58 1767 '
83 1759 159 1819 Huic
175 1774 301 1834 quoque
315 1760 433 1833 accidit,
451 1761 535 1835 quod
550 1759 605 1819 luit
620 1764 765 1832 necesse,
779 1765 813 1818 ut
826 1759 963 1818 nonnulli
977 1759 1052 1819 mili·

83 1850 145 1914 trs,
162 1842 214 1916 qui
229 1842 402 1916 lignationis
418 1844 656 1916 muniuonisque
671 1857 766 1900 eausa
779 1842 809 1900 in
825 1841 918 1900 silvas
935 1842 1037 1902 disces
1062 1893 1067 1901 .

84 1932 209 1999 sissent,
235 1926 394 2000 repentino
410 1927 545 2001 equitum
560 1928 694 1986 adventu
708 1925 967 1999 interciperentur.
997 1927 1049 1986 His

83 2009 295 2068 clrcumventis
317 2026 426 2084 magna
448 2026 539 2070 manu
560 2011 733 2082 EburoneS,
759 2009 875 2083 Nervii,
899 2009 1050 2069 Aduatuci

83 2100 174 2166 utque
194 2092 302 2152 horum
324 2095 458 2153 omnium
479 2095 556 2155 socii
577 2105 607 2152 et
627 2093 752 2153 clientes
777 2093 928 2166 legionem
954 2110 1049 2168 oppu-

82 2191 176 2249 gnare
191 2177 345 2251 iucipiunt.
361 2178 462 2238 Nostri
479 2179 616 2237 celeriter
630 2177 670 2235 ad
686 2192 769 2236 arma
780 2183 973 2250 concurrunt,
988 2179 1047 2236 val-

84 2262 143 2319 'um
158 2261 377 2320 conscendunt.
394 2264 496 2336 Aegre
508 2263 533 2320 is
547 2263 612 2319 dies
625 2268 819 2332 sustentatur,
837 2261 920 2334 quod
932 2274 1050 2321 ornnem

83 2358 168 2416 spem
183 2343 289 2403 hostes
304 2344 334 2402 in
350 2346 503 2403 eeleritate
519 2347 675 2419 ponebant
688 2352 781 2418 atque
795 2345 874 2402 hane
889 2344 990 2417 adepti
1009 2344 1048 2401 vi·

83 2426 208 2486 ctoriam
223 2427 252 2484 ln
269 2435 446 2501 perpetuum
462 2445 497 2487 se
512 2431 578 2487 lore
592 2428 725 2487 victores
742 2427 945 2486 confidebant.
1072 2488 1076 2495 ,

163 2511 223 2568 XL.
246 2509 404 2569 Mittuntur
425 2512 464 2569 ad
486 2512 646 2570 Caesarem
667 2511 828 2569 confestim
851 2511 889 2567 ab
906 2510 1050 2570 Cicerone

82 2594 196 2652 litterae
208 2595 325 2665 magnls
338 2595 503 2668 propositis
515 2594 666 2668 praemiis,
680 2595 706 2652 si
719 2593 928 2668 pertulissent:
942 2594 1048 2670 obses·

81 2677 124 2734 sis
141 2676 280 2740 omnibus
296 2677 355 2735 viis
376 2678 462 2736 missi
478 2678 718 2750 intercipiuntur.
747 2676 846 2734 Noctu
861 2692 900 2734 ex
914 2677 1048 2749 materia,

82 2776 172 2832 quarn
187 2760 361 2819 munitionis
378 2777 473 2819 causa
489 2766 753 2834 conportaverant,
771 2767 870 2818 turres
885 2759 1047 2819 admodum

82 2859 140 2900 cxx
155 2843 326 2901 excitantur
341 2843 510 2902 incredibili
526 2844 694 2912 celeritate;
722 2858 801 2917 quae
827 2842 938 2900 deesse
964 2842 1047 2916 operi

82 2926 269 3000 ridebantur,
286 2928 494 3000 perficiuntur.
517 2928 629 2986 Hostes
645 2933 768 3000 postero
785 2926 834 2984 die
848 2928 940 2983 multo
956 2926 1048 2986 maio·
1077 3004 1079 3007 Ι

82 3011 163 3068 ribus
186 3011 300 3068 coactis
324 3013 420 3084 copiis
438 3017 537 3069 castra
553 3017 739 3084 oppugnant,
757 3012 870 3068 lessam
886 3012 1040 3084 complent

82 3093 192 3151 Eadem
206 3095 324 3153 ratione
340 3111 401 3168 qua
417 3094 514 3168 pridie
530 3094 568 3152 ab
584 3094 696 3152 nostris
712 3092 872 3151 resistitur.
888 3093 1036 3153 Hoc'iden

81 3176 226 3250 deinceps
241 3178 368 3250 reliquis
385 3180 418 3235 lit
433 3177 562 3235 diebus„
587 3177 676 3235 Nulla
691 3193 762 3250 pars
778 3176 918 3234 nocturni
933 3184 1034 3252 tempo

19 3251 22 3258 '
82 3258 120 3317 tls
136 3259 176 3316 ad
190 3260 326 3319 laborem
343 3259 560 3326 intermittitur;
588 3276 648 3317 non
663 3260 780 3332 aegriS,
806 3274 866 3318 non
882 3261 1044 3321 vulneratis

82 3344 205 3402 incultas
223 3343 332 3417 quietis
349 3345 445 3403 datur.
477 3343 693 3416 Quaecumque
714 3344 753 3401 ad
775 3342 904 3417 proximi
920 3345 979 3403 diei
995 3361 1047 3419 op·
1069 3352 1079 3401 t

10 3438 14 3442 ·
83 3427 294 3500 pugnationem
307 3443 385 3501 opus
398 3432 478 3501 sunt,
493 3432 585 3487 noctu
597 3434 830 3504 comparantur,
841 3429 957 3488 multae
965 3444 1052 3503 quse-
