<?xml version="1.0" encoding="UTF-8"?>
<!DOCTYPE html PUBLIC "-//W3C//DTD XHTML 1.0 Transitional//EN"
    "http://www.w3.org/TR/xhtml1/DTD/xhtml1-transitional.dtd">
<html xmlns="http://www.w3.org/1999/xhtml" xml:lang="en" lang="en">
 <head>
  <title>
</title>
<meta http-equiv="Content-Type" content="text/html;charset=utf-8" />
  <meta name='ocr-system' content='tesseract 3.04.00' />
  <meta name='ocr-capabilities' content='ocr_page ocr_carea ocr_par ocr_line ocrx_word'/>
</head>
<body>
  <div class='ocr_page' id='page_1' title='image "./commentarii00caesgoog_0315.png"; bbox 0 0 2272 4176; ppageno 0'>
   <div class='ocr_carea' id='block_1_1' title="bbox 130 474 783 540">
    <p class='ocr_par' dir='ltr' id='par_1_1' title="bbox 130 474 783 540">
     <span class='ocr_line' id='line_1_1' title="bbox 130 474 783 540; baseline -0.008 0"><span class='ocrx_word' id='word_1_1' title='bbox 130 478 193 540; x_wconf 75' lang='lat'><strong>302</strong></span> <span class='ocrx_word' id='word_1_2' title='bbox 449 475 501 537; x_wconf 79' lang='lat' dir='ltr'><strong>DE</strong></span> <span class='ocrx_word' id='word_1_3' title='bbox 521 474 646 537; x_wconf 72' lang='lat' dir='ltr'><strong>autho</strong></span> <span class='ocrx_word' id='word_1_4' title='bbox 667 474 783 537; x_wconf 81' lang='lat' dir='ltr'><strong>clvlll</strong></span> 
     </span>
    </p>
   </div>
   <div class='ocr_carea' id='block_1_2' title="bbox 130 628 1127 3837">
    <p class='ocr_par' dir='ltr' id='par_1_2' title="bbox 130 628 1091 1130">
     <span class='ocr_line' id='line_1_2' title="bbox 130 628 1087 709; baseline 0.001 -18"><span class='ocrx_word' id='word_1_5' title='bbox 130 628 333 692; x_wconf 89' lang='lat' dir='ltr'><strong>benellclarlls</strong></span> <span class='ocrx_word' id='word_1_6' title='bbox 358 632 552 709; x_wconf 82' lang='lat' dir='ltr'><strong>superiorum</strong></span> <span class='ocrx_word' id='word_1_7' title='bbox 578 629 766 691; x_wconf 78' lang='lat' dir='ltr'><strong>exercituum</strong></span> <span class='ocrx_word' id='word_1_8' title='bbox 789 628 831 689; x_wconf 89' lang='lat' dir='ltr'><strong>ad</strong></span> <span class='ocrx_word' id='word_1_9' title='bbox 857 642 925 691; x_wconf 89' lang='lat' dir='ltr'><strong>eum</strong></span> <span class='ocrx_word' id='word_1_10' title='bbox 950 644 1087 693; x_wconf 75' lang='lat' dir='ltr'><strong>convene</strong></span> 
     </span>
     <span class='ocr_line' id='line_1_3' title="bbox 130 712 1083 792; baseline 0.002 -19"><span class='ocrx_word' id='word_1_11' title='bbox 130 721 215 787; x_wconf 87' lang='lat' dir='ltr'><strong>rant;</strong></span> <span class='ocrx_word' id='word_1_12' title='bbox 239 731 317 792; x_wconf 88' lang='lat' dir='ltr'><strong>quae</strong></span> <span class='ocrx_word' id='word_1_13' title='bbox 338 723 403 779; x_wconf 87' lang='lat' dir='ltr'><strong>tota</strong></span> <span class='ocrx_word' id='word_1_14' title='bbox 423 718 489 779; x_wconf 88' lang='lat' dir='ltr'><strong>acie</strong></span> <span class='ocrx_word' id='word_1_15' title='bbox 510 720 706 791; x_wconf 77' lang='lat' dir='ltr'><strong>disperserat.</strong></span> <span class='ocrx_word' id='word_1_16' title='bbox 732 712 882 789; x_wconf 81' lang='lat' dir='ltr'><strong>Reliquae</strong></span> <span class='ocrx_word' id='word_1_17' title='bbox 903 714 1083 777; x_wconf 83' lang='lat' dir='ltr'><strong>eohortisae</strong></span> 
     </span>
     <span class='ocr_line' id='line_1_4' title="bbox 132 798 1088 880; baseline 0.003 -21"><span class='ocrx_word' id='word_1_18' title='bbox 132 808 213 875; x_wconf 86' lang='lat' dir='ltr'><strong>ptem</strong></span> <span class='ocrx_word' id='word_1_19' title='bbox 234 801 265 860; x_wconf 92' lang='lat' dir='ltr'><strong>in</strong></span> <span class='ocrx_word' id='word_1_20' title='bbox 286 802 396 863; x_wconf 88' lang='lat' dir='ltr'><strong>castris</strong></span> <span class='ocrx_word' id='word_1_21' title='bbox 412 802 656 880; x_wconf 86' lang='lat' dir='ltr'><strong>propinquisque</strong></span> <span class='ocrx_word' id='word_1_22' title='bbox 676 798 812 859; x_wconf 85' lang='lat' dir='ltr'><strong>castellis</strong></span> <span class='ocrx_word' id='word_1_23' title='bbox 828 798 984 875; x_wconf 86' lang='lat' dir='ltr'><strong>praesidio</strong></span> <span class='ocrx_word' id='word_1_24' title='bbox 1000 801 1088 877; x_wconf 85' lang='lat' dir='ltr'><strong>dispo</strong></span> 
     </span>
     <span class='ocr_line' id='line_1_5' title="bbox 132 882 1090 961; baseline 0 -16"><span class='ocrx_word' id='word_1_25' title='bbox 132 892 244 945; x_wconf 85' lang='lat' dir='ltr'><strong>suerat.</strong></span> <span class='ocrx_word' id='word_1_26' title='bbox 264 886 411 946; x_wconf 86' lang='lat' dir='ltr'><strong>Dextrum</strong></span> <span class='ocrx_word' id='word_1_27' title='bbox 427 903 524 948; x_wconf 91' lang='lat' dir='ltr'><strong>cornu</strong></span> <span class='ocrx_word' id='word_1_28' title='bbox 537 888 604 947; x_wconf 89' lang='lat' dir='ltr'><strong>eius</strong></span> <span class='ocrx_word' id='word_1_29' title='bbox 617 885 703 944; x_wconf 87' lang='lat' dir='ltr'><strong>rivus</strong></span> <span class='ocrx_word' id='word_1_30' title='bbox 720 882 846 958; x_wconf 86' lang='lat' dir='ltr'><strong>quidam</strong></span> <span class='ocrx_word' id='word_1_31' title='bbox 860 883 1015 961; x_wconf 88' lang='lat' dir='ltr'><strong>impeditis</strong></span> <span class='ocrx_word' id='word_1_32' title='bbox 1027 884 1090 961; x_wconf 84' lang='lat' dir='ltr'><strong>n&#39;pia</strong></span> 
     </span>
     <span class='ocr_line' id='line_1_6' title="bbox 131 967 1091 1045; baseline 0.003 -17"><span class='ocrx_word' id='word_1_33' title='bbox 131 968 300 1039; x_wconf 59' lang='lat' dir='ltr'><strong>muniebam</strong></span> <span class='ocrx_word' id='word_1_34' title='bbox 317 987 407 1045; x_wconf 90' lang='lat' dir='ltr'><strong>quam</strong></span> <span class='ocrx_word' id='word_1_35' title='bbox 422 973 462 1032; x_wconf 93' lang='lat' dir='ltr'><strong>ob</strong></span> <span class='ocrx_word' id='word_1_36' title='bbox 479 986 603 1033; x_wconf 88' lang='lat' dir='ltr'><strong>causam</strong></span> <span class='ocrx_word' id='word_1_37' title='bbox 618 975 759 1029; x_wconf 90' lang='lat' dir='ltr'><strong>cunctum</strong></span> <span class='ocrx_word' id='word_1_38' title='bbox 773 967 957 1044; x_wconf 78' lang='lat' dir='ltr'><strong>equitatum,</strong></span> <span class='ocrx_word' id='word_1_39' title='bbox 983 969 1091 1044; x_wconf 82' lang='lat' dir='ltr'><strong>sagitta·</strong></span> 
     </span>
     <span class='ocr_line' id='line_1_7' title="bbox 131 1053 1046 1130; baseline -0.001 -17"><span class='ocrx_word' id='word_1_40' title='bbox 131 1055 195 1115; x_wconf 92' lang='lat' dir='ltr'><strong>rios</strong></span> <span class='ocrx_word' id='word_1_41' title='bbox 212 1054 444 1130; x_wconf 73' lang='lat' dir='ltr'><strong>funditoresque</strong></span> <span class='ocrx_word' id='word_1_42' title='bbox 462 1072 569 1117; x_wconf 89' lang='lat' dir='ltr'><strong>omnes</strong></span> <span class='ocrx_word' id='word_1_43' title='bbox 584 1055 615 1114; x_wconf 92' lang='lat' dir='ltr'><strong>in</strong></span> <span class='ocrx_word' id='word_1_44' title='bbox 631 1053 755 1113; x_wconf 89' lang='lat' dir='ltr'><strong>sinistro</strong></span> <span class='ocrx_word' id='word_1_45' title='bbox 770 1066 869 1113; x_wconf 85' lang='lat' dir='ltr'><strong>coma</strong></span> <span class='ocrx_word' id='word_1_46' title='bbox 883 1053 1046 1114; x_wconf 89' lang='lat' dir='ltr'><strong>obiecerat.</strong></span> 
     </span>
    </p>

    <p class='ocr_par' dir='ltr' id='par_1_3' title="bbox 132 1136 1127 2634">
     <span class='ocr_line' id='line_1_8' title="bbox 214 1136 1091 1215; baseline 0.002 -18"><span class='ocrx_word' id='word_1_47' title='bbox 214 1137 369 1198; x_wconf 82' lang='lat' dir='ltr'>LXXXIX.</span> <span class='ocrx_word' id='word_1_48' title='bbox 393 1140 505 1201; x_wconf 88' lang='lat' dir='ltr'><strong>Caesar</strong></span> <span class='ocrx_word' id='word_1_49' title='bbox 524 1138 668 1215; x_wconf 89' lang='lat' dir='ltr'><strong>superius</strong></span> <span class='ocrx_word' id='word_1_50' title='bbox 688 1136 859 1197; x_wconf 88' lang='lat' dir='ltr'><strong>institutum</strong></span> <span class='ocrx_word' id='word_1_51' title='bbox 880 1151 1010 1199; x_wconf 86' lang='lat' dir='ltr'><strong>servans</strong></span> <span class='ocrx_word' id='word_1_52' title='bbox 1024 1138 1091 1199; x_wconf 88' lang='lat' dir='ltr'><strong>deci·</strong></span> 
     </span>
     <span class='ocr_line' id='line_1_9' title="bbox 132 1221 1091 1298; baseline 0.002 -17"><span class='ocrx_word' id='word_1_53' title='bbox 132 1239 211 1282; x_wconf 87' lang='lat' dir='ltr'><strong>mam</strong></span> <span class='ocrx_word' id='word_1_54' title='bbox 226 1223 376 1298; x_wconf 79' lang='lat' dir='ltr'><strong>legionem</strong></span> <span class='ocrx_word' id='word_1_55' title='bbox 391 1224 421 1284; x_wconf 89' lang='lat' dir='ltr'><strong>in</strong></span> <span class='ocrx_word' id='word_1_56' title='bbox 437 1226 545 1286; x_wconf 90' lang='lat' dir='ltr'><strong>dextro</strong></span> <span class='ocrx_word' id='word_1_57' title='bbox 562 1240 673 1298; x_wconf 90' lang='lat' dir='ltr'><strong>cornu,</strong></span> <span class='ocrx_word' id='word_1_58' title='bbox 695 1237 806 1282; x_wconf 90' lang='lat' dir='ltr'><strong>nonam</strong></span> <span class='ocrx_word' id='word_1_59' title='bbox 823 1222 854 1281; x_wconf 92' lang='lat' dir='ltr'><strong>in</strong></span> <span class='ocrx_word' id='word_1_60' title='bbox 870 1221 998 1284; x_wconf 88' lang='lat' dir='ltr'><strong>sinistro</strong></span> <span class='ocrx_word' id='word_1_61' title='bbox 1012 1222 1091 1283; x_wconf 84' lang='lat' dir='ltr'><strong>collo</strong></span> 
     </span>
     <span class='ocr_line' id='line_1_10' title="bbox 134 1305 1093 1387; baseline 0 -22"><span class='ocrx_word' id='word_1_62' title='bbox 134 1314 270 1382; x_wconf 88' lang='lat' dir='ltr'><strong>caverat,</strong></span> <span class='ocrx_word' id='word_1_63' title='bbox 294 1310 413 1369; x_wconf 86' lang='lat' dir='ltr'><strong>tametsi</strong></span> <span class='ocrx_word' id='word_1_64' title='bbox 434 1317 499 1371; x_wconf 90' lang='lat' dir='ltr'><strong>erat</strong></span> <span class='ocrx_word' id='word_1_65' title='bbox 519 1306 737 1387; x_wconf 81' lang='lat' dir='ltr'><strong>Dyrrhachinis</strong></span> <span class='ocrx_word' id='word_1_66' title='bbox 759 1305 889 1381; x_wconf 87' lang='lat' dir='ltr'><strong>proeliis</strong></span> <span class='ocrx_word' id='word_1_67' title='bbox 910 1306 1093 1367; x_wconf 88' lang='lat' dir='ltr'><strong>vehementer</strong></span> 
     </span>
     <span class='ocr_line' id='line_1_11' title="bbox 133 1391 1093 1469; baseline 0.002 -19"><span class='ocrx_word' id='word_1_68' title='bbox 133 1393 303 1469; x_wconf 82' lang='lat' dir='ltr'><strong>adtenuata,</strong></span> <span class='ocrx_word' id='word_1_69' title='bbox 314 1398 344 1452; x_wconf 90' lang='lat' dir='ltr'><strong>et</strong></span> <span class='ocrx_word' id='word_1_70' title='bbox 363 1392 433 1453; x_wconf 89' lang='lat' dir='ltr'><strong>huic</strong></span> <span class='ocrx_word' id='word_1_71' title='bbox 454 1394 499 1453; x_wconf 92' lang='lat' dir='ltr'><strong>sic</strong></span> <span class='ocrx_word' id='word_1_72' title='bbox 514 1391 652 1454; x_wconf 90' lang='lat' dir='ltr'><strong>adiunxit</strong></span> <span class='ocrx_word' id='word_1_73' title='bbox 673 1397 827 1465; x_wconf 86' lang='lat' dir='ltr'><strong>octavam,</strong></span> <span class='ocrx_word' id='word_1_74' title='bbox 853 1396 887 1450; x_wconf 91' lang='lat' dir='ltr'><strong>ut</strong></span> <span class='ocrx_word' id='word_1_75' title='bbox 901 1405 1002 1465; x_wconf 89' lang='lat' dir='ltr'><strong>paene</strong></span> <span class='ocrx_word' id='word_1_76' title='bbox 1015 1406 1093 1451; x_wconf 89' lang='lat' dir='ltr'><strong>unam</strong></span> 
     </span>
     <span class='ocr_line' id='line_1_12' title="bbox 133 1475 1093 1554; baseline -0.002 -19"><span class='ocrx_word' id='word_1_77' title='bbox 133 1492 172 1535; x_wconf 90' lang='lat' dir='ltr'><strong>cx</strong></span> <span class='ocrx_word' id='word_1_78' title='bbox 187 1476 306 1537; x_wconf 89' lang='lat' dir='ltr'><strong>duabus</strong></span> <span class='ocrx_word' id='word_1_79' title='bbox 327 1477 477 1552; x_wconf 82' lang='lat' dir='ltr'><strong>efficeret,</strong></span> <span class='ocrx_word' id='word_1_80' title='bbox 503 1485 594 1554; x_wconf 87' lang='lat' dir='ltr'><strong>atque</strong></span> <span class='ocrx_word' id='word_1_81' title='bbox 615 1477 740 1536; x_wconf 91' lang='lat' dir='ltr'><strong>alteram</strong></span> <span class='ocrx_word' id='word_1_82' title='bbox 760 1475 846 1535; x_wconf 87' lang='lat' dir='ltr'><strong>alteri</strong></span> <span class='ocrx_word' id='word_1_83' title='bbox 861 1475 1021 1549; x_wconf 89' lang='lat' dir='ltr'><strong>praesidio</strong></span> <span class='ocrx_word' id='word_1_84' title='bbox 1034 1489 1093 1537; x_wconf 81' lang='lat' dir='ltr'><strong>esse</strong></span> 
     </span>
     <span class='ocr_line' id='line_1_13' title="bbox 133 1558 1094 1635; baseline -0.003 -15"><span class='ocrx_word' id='word_1_85' title='bbox 133 1561 273 1620; x_wconf 90' lang='lat' dir='ltr'><strong>iusserat.</strong></span> <span class='ocrx_word' id='word_1_86' title='bbox 291 1560 438 1621; x_wconf 88' lang='lat' dir='ltr'><strong>cohortes</strong></span> <span class='ocrx_word' id='word_1_87' title='bbox 452 1563 482 1621; x_wconf 88' lang='lat' dir='ltr'><strong>in</strong></span> <span class='ocrx_word' id='word_1_88' title='bbox 497 1563 563 1623; x_wconf 90' lang='lat' dir='ltr'><strong>acie</strong></span> <span class='ocrx_word' id='word_1_89' title='bbox 576 1578 659 1621; x_wconf 83' lang='lat' dir='ltr'><strong>cxxv</strong></span> <span class='ocrx_word' id='word_1_90' title='bbox 670 1560 852 1621; x_wconf 90' lang='lat' dir='ltr'><strong>constitutas</strong></span> <span class='ocrx_word' id='word_1_91' title='bbox 865 1558 1011 1635; x_wconf 84' lang='lat' dir='ltr'><strong>habebat,</strong></span> <span class='ocrx_word' id='word_1_92' title='bbox 1027 1572 1094 1635; x_wconf 89' lang='lat' dir='ltr'><strong>quae</strong></span> 
     </span>
     <span class='ocr_line' id='line_1_14' title="bbox 134 1643 1094 1718; baseline -0.001 -14"><span class='ocrx_word' id='word_1_93' title='bbox 134 1659 251 1704; x_wconf 88' lang='lat' dir='ltr'><strong>summa</strong></span> <span class='ocrx_word' id='word_1_94' title='bbox 267 1650 332 1705; x_wconf 87' lang='lat' dir='ltr'><strong>erat</strong></span> <span class='ocrx_word' id='word_1_95' title='bbox 345 1646 457 1706; x_wconf 89' lang='lat' dir='ltr'><strong>milium</strong></span> <span class='ocrx_word' id='word_1_96' title='bbox 472 1663 557 1718; x_wconf 82' lang='lat' dir='ltr'><strong>xx11;</strong></span> <span class='ocrx_word' id='word_1_97' title='bbox 573 1646 715 1708; x_wconf 79' lang='lat' dir='ltr'><strong>cohortes</strong></span> <span class='ocrx_word' id='word_1_98' title='bbox 731 1645 808 1704; x_wconf 93' lang='lat' dir='ltr'><strong>duas</strong></span> <span class='ocrx_word' id='word_1_99' title='bbox 824 1643 937 1705; x_wconf 89' lang='lat' dir='ltr'><strong>castris</strong></span> <span class='ocrx_word' id='word_1_100' title='bbox 951 1644 1094 1718; x_wconf 87' lang='lat' dir='ltr'><strong>praesidia</strong></span> 
     </span>
     <span class='ocr_line' id='line_1_15' title="bbox 134 1726 1092 1804; baseline 0.001 -16"><span class='ocrx_word' id='word_1_101' title='bbox 134 1729 305 1804; x_wconf 87' lang='lat' dir='ltr'><strong>reliquerat.</strong></span> <span class='ocrx_word' id='word_1_102' title='bbox 335 1728 463 1791; x_wconf 88' lang='lat' dir='ltr'><strong>Sinistra</strong></span> <span class='ocrx_word' id='word_1_103' title='bbox 488 1747 584 1792; x_wconf 87' lang='lat' dir='ltr'><strong>cornu</strong></span> <span class='ocrx_word' id='word_1_104' title='bbox 597 1730 779 1803; x_wconf 82' lang='lat' dir='ltr'><strong>Antonium,</strong></span> <span class='ocrx_word' id='word_1_105' title='bbox 807 1728 918 1789; x_wconf 88' lang='lat' dir='ltr'><strong>dextro</strong></span> <span class='ocrx_word' id='word_1_106' title='bbox 933 1726 967 1787; x_wconf 87' lang='lat' dir='ltr'><strong>P.</strong></span> <span class='ocrx_word' id='word_1_107' title='bbox 984 1726 1092 1803; x_wconf 86' lang='lat' dir='ltr'><strong>Sullam,</strong></span> 
     </span>
     <span class='ocr_line' id='line_1_16' title="bbox 135 1812 1094 1891; baseline -0.001 -18"><span class='ocrx_word' id='word_1_108' title='bbox 135 1813 234 1873; x_wconf 87' lang='lat' dir='ltr'><strong>media</strong></span> <span class='ocrx_word' id='word_1_109' title='bbox 248 1814 315 1875; x_wconf 87' lang='lat' dir='ltr'><strong>acie</strong></span> <span class='ocrx_word' id='word_1_110' title='bbox 331 1815 551 1876; x_wconf 78' lang='lat' dir='ltr'><strong>Cullomitium</strong></span> <span class='ocrx_word' id='word_1_111' title='bbox 568 1819 799 1891; x_wconf 86' lang='lat' dir='ltr'><strong>praeposuerat.</strong></span> <span class='ocrx_word' id='word_1_112' title='bbox 816 1812 889 1887; x_wconf 90' lang='lat' dir='ltr'><strong>Ipse</strong></span> <span class='ocrx_word' id='word_1_113' title='bbox 906 1812 1094 1875; x_wconf 83' lang='lat' dir='ltr'><strong>contraPon</strong></span> 
     </span>
     <span class='ocr_line' id='line_1_17' title="bbox 136 1896 1127 1974; baseline 0.001 -18"><span class='ocrx_word' id='word_1_114' title='bbox 136 1898 235 1974; x_wconf 73' lang='lat' dir='ltr'><strong>prelum</strong></span> <span class='ocrx_word' id='word_1_115' title='bbox 251 1900 393 1960; x_wconf 90' lang='lat' dir='ltr'><strong>constitit.</strong></span> <span class='ocrx_word' id='word_1_116' title='bbox 427 1899 520 1960; x_wconf 89' lang='lat' dir='ltr'><strong>Simul</strong></span> <span class='ocrx_word' id='word_1_117' title='bbox 536 1900 584 1961; x_wconf 91' lang='lat' dir='ltr'><strong>his</strong></span> <span class='ocrx_word' id='word_1_118' title='bbox 599 1900 692 1959; x_wconf 87' lang='lat' dir='ltr'><strong>rebus</strong></span> <span class='ocrx_word' id='word_1_119' title='bbox 710 1896 944 1972; x_wconf 87' lang='lat' dir='ltr'><strong>animadversis,</strong></span> <span class='ocrx_word' id='word_1_120' title='bbox 961 1913 1039 1973; x_wconf 91' lang='lat' dir='ltr'><strong>quas</strong></span> <span class='ocrx_word' id='word_1_121' title='bbox 1051 1897 1094 1957; x_wconf 87' lang='lat' dir='ltr'><strong>de·</strong></span> <span class='ocrx_word' id='word_1_122' title='bbox 1124 1902 1127 1907; x_wconf 87' lang='lat'>&#39;</span> 
     </span>
     <span class='ocr_line' id='line_1_18' title="bbox 134 1981 1094 2061; baseline 0 -19"><span class='ocrx_word' id='word_1_123' title='bbox 134 1984 379 2059; x_wconf 88' lang='lat' dir='ltr'><strong>monstravimus,</strong></span> <span class='ocrx_word' id='word_1_124' title='bbox 395 1985 513 2061; x_wconf 89' lang='lat' dir='ltr'><strong>timens,</strong></span> <span class='ocrx_word' id='word_1_125' title='bbox 528 2000 566 2044; x_wconf 90' lang='lat' dir='ltr'><strong>ne</strong></span> <span class='ocrx_word' id='word_1_126' title='bbox 583 1982 803 2044; x_wconf 89' lang='lat' dir='ltr'><strong>amullitudine</strong></span> <span class='ocrx_word' id='word_1_127' title='bbox 817 1981 956 2056; x_wconf 88' lang='lat' dir='ltr'><strong>equitum</strong></span> <span class='ocrx_word' id='word_1_128' title='bbox 968 1983 1094 2043; x_wconf 83' lang='lat' dir='ltr'><strong>dextrum</strong></span> 
     </span>
     <span class='ocr_line' id='line_1_19' title="bbox 135 2065 1094 2144; baseline -0.003 -16"><span class='ocrx_word' id='word_1_129' title='bbox 135 2084 230 2129; x_wconf 87' lang='lat' dir='ltr'><strong>cornu</strong></span> <span class='ocrx_word' id='word_1_130' title='bbox 251 2069 533 2144; x_wconf 87' lang='lat' dir='ltr'><strong>circumveniretur,</strong></span> <span class='ocrx_word' id='word_1_131' title='bbox 560 2069 698 2128; x_wconf 84' lang='lat' dir='ltr'><strong>celeriter</strong></span> <span class='ocrx_word' id='word_1_132' title='bbox 718 2083 757 2126; x_wconf 89' lang='lat' dir='ltr'><strong>ex</strong></span> <span class='ocrx_word' id='word_1_133' title='bbox 772 2065 861 2126; x_wconf 87' lang='lat' dir='ltr'><strong>tertia</strong></span> <span class='ocrx_word' id='word_1_134' title='bbox 880 2067 950 2125; x_wconf 89' lang='lat' dir='ltr'><strong>acie</strong></span> <span class='ocrx_word' id='word_1_135' title='bbox 971 2066 1094 2142; x_wconf 88' lang='lat' dir='ltr'><strong>singulas</strong></span> 
     </span>
     <span class='ocr_line' id='line_1_20' title="bbox 135 2149 1092 2229; baseline 0.001 -18"><span class='ocrx_word' id='word_1_136' title='bbox 135 2153 276 2214; x_wconf 91' lang='lat' dir='ltr'><strong>cohortes</strong></span> <span class='ocrx_word' id='word_1_137' title='bbox 293 2155 422 2215; x_wconf 88' lang='lat' dir='ltr'><strong>detraxit</strong></span> <span class='ocrx_word' id='word_1_138' title='bbox 436 2160 528 2229; x_wconf 88' lang='lat' dir='ltr'><strong>atquc</strong></span> <span class='ocrx_word' id='word_1_139' title='bbox 544 2169 583 2212; x_wconf 89' lang='lat' dir='ltr'><strong>ex</strong></span> <span class='ocrx_word' id='word_1_140' title='bbox 594 2153 641 2213; x_wconf 92' lang='lat' dir='ltr'><strong>his</strong></span> <span class='ocrx_word' id='word_1_141' title='bbox 654 2158 790 2228; x_wconf 90' lang='lat' dir='ltr'><strong>quartam</strong></span> <span class='ocrx_word' id='word_1_142' title='bbox 802 2149 934 2211; x_wconf 86' lang='lat' dir='ltr'><strong>instituit</strong></span> <span class='ocrx_word' id='word_1_143' title='bbox 947 2150 1092 2227; x_wconf 85' lang='lat' dir='ltr'><strong>equitatui·</strong></span> 
     </span>
     <span class='ocr_line' id='line_1_21' title="bbox 136 2235 1096 2315; baseline -0.003 -19"><span class='ocrx_word' id='word_1_144' title='bbox 136 2253 196 2312; x_wconf 89' lang='lat' dir='ltr'><strong>que</strong></span> <span class='ocrx_word' id='word_1_145' title='bbox 218 2240 363 2313; x_wconf 89' lang='lat' dir='ltr'><strong>opposuit</strong></span> <span class='ocrx_word' id='word_1_146' title='bbox 378 2245 422 2315; x_wconf 90' lang='lat' dir='ltr'><strong>et,</strong></span> <span class='ocrx_word' id='word_1_147' title='bbox 451 2239 524 2314; x_wconf 88' lang='lat' dir='ltr'><strong>quid</strong></span> <span class='ocrx_word' id='word_1_148' title='bbox 545 2237 610 2297; x_wconf 88' lang='lat' dir='ltr'><strong>fieri</strong></span> <span class='ocrx_word' id='word_1_149' title='bbox 639 2239 744 2309; x_wconf 90' lang='lat' dir='ltr'><strong>vellet,</strong></span> <span class='ocrx_word' id='word_1_150' title='bbox 775 2235 910 2302; x_wconf 88' lang='lat' dir='ltr'><strong>ostendit</strong></span> <span class='ocrx_word' id='word_1_151' title='bbox 929 2236 1096 2311; x_wconf 78' lang='lat' dir='ltr'><strong>monuitque</strong></span> 
     </span>
     <span class='ocr_line' id='line_1_22' title="bbox 135 2319 1096 2384; baseline -0.005 -3"><span class='ocrx_word' id='word_1_152' title='bbox 135 2322 200 2381; x_wconf 91' lang='lat' dir='ltr'><strong>eius</strong></span> <span class='ocrx_word' id='word_1_153' title='bbox 217 2322 275 2381; x_wconf 91' lang='lat' dir='ltr'><strong>diei</strong></span> <span class='ocrx_word' id='word_1_154' title='bbox 290 2323 447 2384; x_wconf 87' lang='lat' dir='ltr'><strong>victoriam</strong></span> <span class='ocrx_word' id='word_1_155' title='bbox 468 2323 498 2381; x_wconf 90' lang='lat' dir='ltr'><strong>in</strong></span> <span class='ocrx_word' id='word_1_156' title='bbox 515 2338 619 2381; x_wconf 89' lang='lat' dir='ltr'><strong>earum</strong></span> <span class='ocrx_word' id='word_1_157' title='bbox 636 2319 805 2382; x_wconf 89' lang='lat' dir='ltr'><strong>cohortium</strong></span> <span class='ocrx_word' id='word_1_158' title='bbox 825 2319 939 2379; x_wconf 89' lang='lat' dir='ltr'><strong>virtute</strong></span> <span class='ocrx_word' id='word_1_159' title='bbox 955 2328 1096 2382; x_wconf 84' lang='lat' dir='ltr'><strong>constare.</strong></span> 
     </span>
     <span class='ocr_line' id='line_1_23' title="bbox 136 2402 1097 2481; baseline 0.003 -18"><span class='ocrx_word' id='word_1_160' title='bbox 136 2405 229 2464; x_wconf 85' lang='lat' dir='ltr'><strong>Simul</strong></span> <span class='ocrx_word' id='word_1_161' title='bbox 245 2406 350 2465; x_wconf 86' lang='lat' dir='ltr'><strong>tertiae</strong></span> <span class='ocrx_word' id='word_1_162' title='bbox 366 2406 441 2466; x_wconf 88' lang='lat' dir='ltr'><strong>aciei</strong></span> <span class='ocrx_word' id='word_1_163' title='bbox 457 2408 573 2481; x_wconf 89' lang='lat' dir='ltr'><strong>totique</strong></span> <span class='ocrx_word' id='word_1_164' title='bbox 589 2404 735 2466; x_wconf 87' lang='lat' dir='ltr'><strong>exercitui</strong></span> <span class='ocrx_word' id='word_1_165' title='bbox 750 2402 920 2478; x_wconf 73' lang='lat' dir='ltr'><strong>imperauit,</strong></span> <span class='ocrx_word' id='word_1_166' title='bbox 935 2419 976 2464; x_wconf 89' lang='lat' dir='ltr'><strong>ne</strong></span> <span class='ocrx_word' id='word_1_167' title='bbox 991 2406 1097 2465; x_wconf 84' lang='lat' dir='ltr'><strong>iniussu</strong></span> 
     </span>
     <span class='ocr_line' id='line_1_24' title="bbox 136 2488 1096 2566; baseline 0.002 -18"><span class='ocrx_word' id='word_1_168' title='bbox 136 2506 192 2549; x_wconf 91' lang='lat' dir='ltr'><strong>suo</strong></span> <span class='ocrx_word' id='word_1_169' title='bbox 209 2498 419 2551; x_wconf 59' lang='lat' dir='ltr'><strong>concurreret:</strong></span> <span class='ocrx_word' id='word_1_170' title='bbox 444 2507 493 2566; x_wconf 93' lang='lat' dir='ltr'><strong>se,</strong></span> <span class='ocrx_word' id='word_1_171' title='bbox 520 2507 588 2551; x_wconf 90' lang='lat' dir='ltr'><strong>cum</strong></span> <span class='ocrx_word' id='word_1_172' title='bbox 603 2491 633 2550; x_wconf 92' lang='lat' dir='ltr'><strong>id</strong></span> <span class='ocrx_word' id='word_1_173' title='bbox 649 2490 714 2550; x_wconf 89' lang='lat' dir='ltr'><strong>ficri</strong></span> <span class='ocrx_word' id='word_1_174' title='bbox 731 2490 834 2562; x_wconf 85' lang='lat' dir='ltr'><strong>uellet,</strong></span> <span class='ocrx_word' id='word_1_175' title='bbox 855 2488 972 2548; x_wconf 88' lang='lat' dir='ltr'><strong>vexillo</strong></span> <span class='ocrx_word' id='word_1_176' title='bbox 988 2490 1096 2565; x_wconf 86' lang='lat' dir='ltr'><strong>signum</strong></span> 
     </span>
     <span class='ocr_line' id='line_1_25' title="bbox 135 2575 283 2634; baseline 0 -3"><span class='ocrx_word' id='word_1_177' title='bbox 135 2575 283 2634; x_wconf 91' lang='lat' dir='ltr'><strong>daturum.</strong></span> 
     </span>
    </p>

    <p class='ocr_par' dir='ltr' id='par_1_4' title="bbox 135 2657 1101 3496">
     <span class='ocr_line' id='line_1_26' title="bbox 217 2657 1087 2734; baseline -0.001 -17"><span class='ocrx_word' id='word_1_178' title='bbox 217 2658 276 2717; x_wconf 82' lang='lat' dir='ltr'><strong>XC.</strong></span> <span class='ocrx_word' id='word_1_179' title='bbox 298 2659 470 2721; x_wconf 84' lang='lat' dir='ltr'><strong>Exercitum</strong></span> <span class='ocrx_word' id='word_1_180' title='bbox 484 2676 551 2719; x_wconf 91' lang='lat' dir='ltr'><strong>curn</strong></span> <span class='ocrx_word' id='word_1_181' title='bbox 563 2659 680 2719; x_wconf 89' lang='lat' dir='ltr'><strong>militari</strong></span> <span class='ocrx_word' id='word_1_182' title='bbox 693 2673 777 2718; x_wconf 91' lang='lat' dir='ltr'><strong>more</strong></span> <span class='ocrx_word' id='word_1_183' title='bbox 792 2658 830 2717; x_wconf 89' lang='lat' dir='ltr'><strong>ad</strong></span> <span class='ocrx_word' id='word_1_184' title='bbox 846 2674 985 2734; x_wconf 90' lang='lat' dir='ltr'><strong>pugnam</strong></span> <span class='ocrx_word' id='word_1_185' title='bbox 1000 2657 1087 2720; x_wconf 92' lang='lat' dir='ltr'><strong>cohor</strong></span> 
     </span>
     <span class='ocr_line' id='line_1_27' title="bbox 136 2742 1098 2820; baseline -0.002 -18"><span class='ocrx_word' id='word_1_186' title='bbox 136 2749 249 2803; x_wconf 81' lang='lat' dir='ltr'><strong>teretur</strong></span> <span class='ocrx_word' id='word_1_187' title='bbox 269 2759 386 2819; x_wconf 87' lang='lat' dir='ltr'><strong>suaque</strong></span> <span class='ocrx_word' id='word_1_188' title='bbox 406 2744 435 2803; x_wconf 92' lang='lat' dir='ltr'><strong>in</strong></span> <span class='ocrx_word' id='word_1_189' title='bbox 459 2760 527 2803; x_wconf 90' lang='lat' dir='ltr'><strong>eum</strong></span> <span class='ocrx_word' id='word_1_190' title='bbox 548 2744 688 2820; x_wconf 88' lang='lat' dir='ltr'><strong>perpetui</strong></span> <span class='ocrx_word' id='word_1_191' title='bbox 703 2743 849 2818; x_wconf 87' lang='lat' dir='ltr'><strong>temporis</strong></span> <span class='ocrx_word' id='word_1_192' title='bbox 866 2744 973 2804; x_wconf 91' lang='lat' dir='ltr'><strong>olficia</strong></span> <span class='ocrx_word' id='word_1_193' title='bbox 988 2742 1098 2820; x_wconf 88' lang='lat' dir='ltr'><strong>praedi·</strong></span> 
     </span>
     <span class='ocr_line' id='line_1_28' title="bbox 136 2824 1098 2903; baseline -0.002 -16"><span class='ocrx_word' id='word_1_194' title='bbox 136 2835 227 2902; x_wconf 90' lang='lat' dir='ltr'><strong>caret,</strong></span> <span class='ocrx_word' id='word_1_195' title='bbox 238 2828 375 2902; x_wconf 88' lang='lat' dir='ltr'><strong>inprimis</strong></span> <span class='ocrx_word' id='word_1_196' title='bbox 398 2829 660 2903; x_wconf 85' lang='lat' dir='ltr'><strong>cornuremoravit,</strong></span> <span class='ocrx_word' id='word_1_197' title='bbox 686 2827 816 2887; x_wconf 88' lang='lat' dir='ltr'><strong>testibus</strong></span> <span class='ocrx_word' id='word_1_198' title='bbox 838 2842 874 2888; x_wconf 92' lang='lat' dir='ltr'><strong>se</strong></span> <span class='ocrx_word' id='word_1_199' title='bbox 896 2828 1044 2889; x_wconf 89' lang='lat' dir='ltr'><strong>militibus</strong></span> <span class='ocrx_word' id='word_1_200' title='bbox 1062 2824 1098 2886; x_wconf 89' lang='lat' dir='ltr'><strong>uti</strong></span> 
     </span>
     <span class='ocr_line' id='line_1_29' title="bbox 136 2912 1099 2993; baseline 0 -22"><span class='ocrx_word' id='word_1_201' title='bbox 136 2928 240 2987; x_wconf 88' lang='lat' dir='ltr'><strong>posse,</strong></span> <span class='ocrx_word' id='word_1_202' title='bbox 256 2920 370 2988; x_wconf 80' lang='lat' dir='ltr'><strong>quatuo</strong></span> <span class='ocrx_word' id='word_1_203' title='bbox 386 2914 486 2973; x_wconf 88' lang='lat' dir='ltr'><strong>studio</strong></span> <span class='ocrx_word' id='word_1_204' title='bbox 502 2929 610 2989; x_wconf 88' lang='lat' dir='ltr'><strong>paoem</strong></span> <span class='ocrx_word' id='word_1_205' title='bbox 626 2913 769 2993; x_wconf 75' lang='lat' dir='ltr'><strong>petisset,</strong></span> <span class='ocrx_word' id='word_1_206' title='bbox 787 2927 866 2988; x_wconf 91' lang='lat' dir='ltr'><strong>quae</strong></span> <span class='ocrx_word' id='word_1_207' title='bbox 880 2927 939 2987; x_wconf 91' lang='lat' dir='ltr'><strong>per</strong></span> <span class='ocrx_word' id='word_1_208' title='bbox 953 2912 1099 2974; x_wconf 88' lang='lat' dir='ltr'><strong>Vatinium</strong></span> 
     </span>
     <span class='ocr_line' id='line_1_30' title="bbox 135 2995 1099 3074; baseline 0.001 -19"><span class='ocrx_word' id='word_1_209' title='bbox 135 2998 165 3055; x_wconf 90' lang='lat' dir='ltr'><strong>in</strong></span> <span class='ocrx_word' id='word_1_210' title='bbox 181 2998 351 3072; x_wconf 77' lang='lat' dir='ltr'><strong>colloquiis,</strong></span> <span class='ocrx_word' id='word_1_211' title='bbox 368 3014 446 3072; x_wconf 87' lang='lat' dir='ltr'><strong>quae</strong></span> <span class='ocrx_word' id='word_1_212' title='bbox 461 3013 517 3073; x_wconf 88' lang='lat' dir='ltr'><strong>per</strong></span> <span class='ocrx_word' id='word_1_213' title='bbox 530 2999 567 3057; x_wconf 90' lang='lat' dir='ltr'><strong>A.</strong></span> <span class='ocrx_word' id='word_1_214' title='bbox 585 2998 721 3058; x_wconf 89' lang='lat' dir='ltr'><strong>Clodium</strong></span> <span class='ocrx_word' id='word_1_215' title='bbox 737 3012 803 3057; x_wconf 88' lang='lat' dir='ltr'><strong>cum</strong></span> <span class='ocrx_word' id='word_1_216' title='bbox 821 2995 969 3072; x_wconf 89' lang='lat' dir='ltr'><strong>Scipione</strong></span> <span class='ocrx_word' id='word_1_217' title='bbox 984 2997 1099 3074; x_wconf 80' lang='lat' dir='ltr'><strong>egisset,</strong></span> 
     </span>
     <span class='ocr_line' id='line_1_31' title="bbox 137 3081 1099 3157; baseline 0 -16"><span class='ocrx_word' id='word_1_218' title='bbox 137 3082 248 3157; x_wconf 90' lang='lat' dir='ltr'><strong>quibus</strong></span> <span class='ocrx_word' id='word_1_219' title='bbox 268 3083 368 3142; x_wconf 90' lang='lat' dir='ltr'><strong>modis</strong></span> <span class='ocrx_word' id='word_1_220' title='bbox 389 3083 426 3142; x_wconf 89' lang='lat' dir='ltr'><strong>ad</strong></span> <span class='ocrx_word' id='word_1_221' title='bbox 444 3082 564 3143; x_wconf 88' lang='lat' dir='ltr'><strong>Oricum</strong></span> <span class='ocrx_word' id='word_1_222' title='bbox 587 3099 654 3143; x_wconf 90' lang='lat' dir='ltr'><strong>oum</strong></span> <span class='ocrx_word' id='word_1_223' title='bbox 668 3081 785 3141; x_wconf 91' lang='lat' dir='ltr'><strong>Libone</strong></span> <span class='ocrx_word' id='word_1_224' title='bbox 800 3081 838 3141; x_wconf 91' lang='lat' dir='ltr'><strong>de</strong></span> <span class='ocrx_word' id='word_1_225' title='bbox 852 3081 1011 3144; x_wconf 88' lang='lat' dir='ltr'><strong>mittendis</strong></span> <span class='ocrx_word' id='word_1_226' title='bbox 1026 3083 1099 3157; x_wconf 88' lang='lat' dir='ltr'><strong>lega·</strong></span> 
     </span>
     <span class='ocr_line' id='line_1_32' title="bbox 136 3166 1101 3243; baseline 0 -17"><span class='ocrx_word' id='word_1_227' title='bbox 136 3167 174 3226; x_wconf 89' lang='lat' dir='ltr'><strong>tis</strong></span> <span class='ocrx_word' id='word_1_228' title='bbox 196 3167 411 3227; x_wconf 81' lang='lat' dir='ltr'><strong>contendisset.</strong></span> <span class='ocrx_word' id='word_1_229' title='bbox 440 3168 545 3243; x_wconf 87' lang='lat' dir='ltr'><strong>Neque</strong></span> <span class='ocrx_word' id='word_1_230' title='bbox 567 3183 603 3227; x_wconf 88' lang='lat' dir='ltr'><strong>se</strong></span> <span class='ocrx_word' id='word_1_231' title='bbox 622 3182 763 3241; x_wconf 87' lang='lat' dir='ltr'><strong>umquam</strong></span> <span class='ocrx_word' id='word_1_232' title='bbox 786 3166 868 3225; x_wconf 90' lang='lat' dir='ltr'><strong>abuti</strong></span> <span class='ocrx_word' id='word_1_233' title='bbox 888 3167 1018 3228; x_wconf 88' lang='lat' dir='ltr'><strong>militurn</strong></span> <span class='ocrx_word' id='word_1_234' title='bbox 1038 3181 1101 3226; x_wconf 85' lang='lat' dir='ltr'><strong>san·</strong></span> 
     </span>
     <span class='ocr_line' id='line_1_33' title="bbox 135 3250 1098 3327; baseline 0.003 -18"><span class='ocrx_word' id='word_1_235' title='bbox 135 3250 226 3326; x_wconf 86' lang='lat' dir='ltr'><strong>guina</strong></span> <span class='ocrx_word' id='word_1_236' title='bbox 247 3267 348 3326; x_wconf 89' lang='lat' dir='ltr'><strong>neque</strong></span> <span class='ocrx_word' id='word_1_237' title='bbox 368 3253 585 3327; x_wconf 87' lang='lat' dir='ltr'><strong>rempublicam</strong></span> <span class='ocrx_word' id='word_1_238' title='bbox 607 3253 749 3312; x_wconf 90' lang='lat' dir='ltr'><strong>alterutro</strong></span> <span class='ocrx_word' id='word_1_239' title='bbox 765 3250 899 3310; x_wconf 89' lang='lat' dir='ltr'><strong>exercitu</strong></span> <span class='ocrx_word' id='word_1_240' title='bbox 915 3251 1038 3326; x_wconf 86' lang='lat' dir='ltr'><strong>privare</strong></span> <span class='ocrx_word' id='word_1_241' title='bbox 1051 3266 1098 3312; x_wconf 83' lang='lat' dir='ltr'><strong>ro</strong></span> 
     </span>
     <span class='ocr_line' id='line_1_34' title="bbox 136 3335 1101 3411; baseline -0.001 -16"><span class='ocrx_word' id='word_1_242' title='bbox 136 3335 242 3396; x_wconf 89' lang='lat' dir='ltr'><strong>luisse.-</strong></span> <span class='ocrx_word' id='word_1_243' title='bbox 270 3337 334 3396; x_wconf 89' lang='lat' dir='ltr'><strong>llac</strong></span> <span class='ocrx_word' id='word_1_244' title='bbox 358 3335 460 3395; x_wconf 84' lang='lat' dir='ltr'><strong>habita</strong></span> <span class='ocrx_word' id='word_1_245' title='bbox 482 3337 618 3397; x_wconf 88' lang='lat' dir='ltr'><strong>oratione</strong></span> <span class='ocrx_word' id='word_1_246' title='bbox 640 3335 880 3411; x_wconf 89' lang='lat' dir='ltr'><strong>exposcentibus</strong></span> <span class='ocrx_word' id='word_1_247' title='bbox 904 3336 1051 3397; x_wconf 88' lang='lat' dir='ltr'><strong>militibus</strong></span> <span class='ocrx_word' id='word_1_248' title='bbox 1075 3340 1101 3394; x_wconf 91' lang='lat' dir='ltr'><strong>el</strong></span> 
     </span>
     <span class='ocr_line' id='line_1_35' title="bbox 137 3420 896 3496; baseline -0.004 -16"><span class='ocrx_word' id='word_1_249' title='bbox 137 3421 238 3481; x_wconf 87' lang='lat' dir='ltr'><strong>studio</strong></span> <span class='ocrx_word' id='word_1_250' title='bbox 252 3436 373 3496; x_wconf 77' lang='lat' dir='ltr'><strong>pargnac</strong></span> <span class='ocrx_word' id='word_1_251' title='bbox 389 3421 564 3482; x_wconf 87' lang='lat' dir='ltr'><strong>ardentibus</strong></span> <span class='ocrx_word' id='word_1_252' title='bbox 580 3423 653 3482; x_wconf 90' lang='lat' dir='ltr'><strong>tuba</strong></span> <span class='ocrx_word' id='word_1_253' title='bbox 668 3422 788 3495; x_wconf 89' lang='lat' dir='ltr'><strong>signum</strong></span> <span class='ocrx_word' id='word_1_254' title='bbox 804 3420 896 3479; x_wconf 89' lang='lat' dir='ltr'><strong>dedit.</strong></span> 
     </span>
    </p>

    <p class='ocr_par' dir='ltr' id='par_1_5' title="bbox 137 3500 1100 3837">
     <span class='ocr_line' id='line_1_36' title="bbox 218 3500 1100 3580; baseline -0.005 -15"><span class='ocrx_word' id='word_1_255' title='bbox 218 3505 292 3565; x_wconf 81' lang='lat' dir='ltr'>XCI.</span> <span class='ocrx_word' id='word_1_256' title='bbox 304 3505 377 3565; x_wconf 85' lang='lat' dir='ltr'><strong>Erat</strong></span> <span class='ocrx_word' id='word_1_257' title='bbox 383 3504 539 3566; x_wconf 80' lang='lat' dir='ltr'><strong>Crastinus</strong></span> <span class='ocrx_word' id='word_1_258' title='bbox 549 3506 732 3568; x_wconf 88' lang='lat' dir='ltr'><strong>evocatusin</strong></span> <span class='ocrx_word' id='word_1_259' title='bbox 741 3504 878 3564; x_wconf 88' lang='lat' dir='ltr'><strong>exercitu</strong></span> <span class='ocrx_word' id='word_1_260' title='bbox 886 3503 1038 3580; x_wconf 86' lang='lat' dir='ltr'><strong>Caesaris,</strong></span> <span class='ocrx_word' id='word_1_261' title='bbox 1053 3500 1100 3580; x_wconf 88' lang='lat' dir='ltr'><strong>qui</strong></span> 
     </span>
     <span class='ocr_line' id='line_1_37' title="bbox 137 3588 1099 3667; baseline 0 -20"><span class='ocrx_word' id='word_1_262' title='bbox 137 3590 296 3663; x_wconf 90' lang='lat' dir='ltr'><strong>superiore</strong></span> <span class='ocrx_word' id='word_1_263' title='bbox 316 3606 396 3652; x_wconf 90' lang='lat' dir='ltr'><strong>anno</strong></span> <span class='ocrx_word' id='word_1_264' title='bbox 418 3591 500 3666; x_wconf 90' lang='lat' dir='ltr'><strong>apud</strong></span> <span class='ocrx_word' id='word_1_265' title='bbox 523 3607 591 3651; x_wconf 89' lang='lat' dir='ltr'><strong>eum</strong></span> <span class='ocrx_word' id='word_1_266' title='bbox 612 3592 742 3667; x_wconf 88' lang='lat' dir='ltr'><strong>primum</strong></span> <span class='ocrx_word' id='word_1_267' title='bbox 764 3590 858 3666; x_wconf 89' lang='lat' dir='ltr'><strong>pilum</strong></span> <span class='ocrx_word' id='word_1_268' title='bbox 873 3588 902 3647; x_wconf 89' lang='lat' dir='ltr'><strong>in</strong></span> <span class='ocrx_word' id='word_1_269' title='bbox 916 3588 1039 3665; x_wconf 83' lang='lat' dir='ltr'><strong>legione</strong></span> <span class='ocrx_word' id='word_1_270' title='bbox 1052 3588 1099 3648; x_wconf 83' lang='lat' dir='ltr'><strong>de</strong></span> 
     </span>
     <span class='ocr_line' id='line_1_38' title="bbox 138 3670 1099 3751; baseline 0.003 -21"><span class='ocrx_word' id='word_1_271' title='bbox 138 3671 216 3731; x_wconf 86' lang='lat' dir='ltr'><strong>aima</strong></span> <span class='ocrx_word' id='word_1_272' title='bbox 230 3674 374 3750; x_wconf 90' lang='lat' dir='ltr'><strong>duxerat,</strong></span> <span class='ocrx_word' id='word_1_273' title='bbox 388 3675 436 3735; x_wconf 86' lang='lat' dir='ltr'><strong>vir</strong></span> <span class='ocrx_word' id='word_1_274' title='bbox 450 3676 595 3751; x_wconf 83' lang='lat' dir='ltr'><strong>singulari</strong></span> <span class='ocrx_word' id='word_1_275' title='bbox 609 3677 729 3735; x_wconf 74' lang='lat' dir='ltr'><strong>uirtute.</strong></span> <span class='ocrx_word' id='word_1_276' title='bbox 758 3675 815 3734; x_wconf 88' lang='lat' dir='ltr'><strong>llic</strong></span> <span class='ocrx_word' id='word_1_277' title='bbox 829 3672 917 3747; x_wconf 86' lang='lat' dir='ltr'><strong>signo</strong></span> <span class='ocrx_word' id='word_1_278' title='bbox 933 3674 1022 3750; x_wconf 90' lang='lat' dir='ltr'><strong>dato,</strong></span> <span class='ocrx_word' id='word_1_279' title='bbox 1046 3670 1099 3733; x_wconf 80' lang='lat' dir='ltr'><strong>Se·</strong></span> 
     </span>
     <span class='ocr_line' id='line_1_39' title="bbox 137 3754 1099 3837; baseline 0 -22"><span class='ocrx_word' id='word_1_280' title='bbox 137 3757 261 3828; x_wconf 75' lang='lat' dir='ltr'><strong>quimint</strong></span> <span class='ocrx_word' id='word_1_281' title='bbox 278 3774 339 3835; x_wconf 83' lang='lat' dir='ltr'><strong>me,</strong></span> <span class='ocrx_word' id='word_1_282' title='bbox 359 3759 471 3834; x_wconf 86' lang='lat' dir='ltr'><strong>inquil,</strong></span> <span class='ocrx_word' id='word_1_283' title='bbox 496 3762 768 3837; x_wconf 67' lang='lat' dir='ltr'><strong>munqraloresmci</strong></span> <span class='ocrx_word' id='word_1_284' title='bbox 777 3754 950 3835; x_wconf 73' lang='lat' dir='ltr'><strong>polluistis,</strong></span> <span class='ocrx_word' id='word_1_285' title='bbox 967 3766 998 3821; x_wconf 82' lang='lat' dir='ltr'><strong>et</strong></span> <span class='ocrx_word' id='word_1_286' title='bbox 1014 3762 1099 3819; x_wconf 72' lang='lat' dir='ltr'><strong>reste</strong></span> 
     </span>
    </p>
   </div>
   <div class='ocr_carea' id='block_1_3' title="bbox 0 0 1153 4176">
    <p class='ocr_par' dir='ltr' id='par_1_6' title="bbox 0 0 1153 4176">
     <span class='ocr_line' id='line_1_40' title="bbox 0 0 1153 4176; baseline 0 0"><span class='ocrx_word' id='word_1_287' title='bbox 0 0 1153 4176; x_wconf 95' lang='lat' dir='ltr'><strong> </strong></span> 
     </span>
    </p>
   </div>
   <div class='ocr_carea' id='block_1_4' title="bbox 1132 1735 1138 2337">
    <p class='ocr_par' dir='ltr' id='par_1_7' title="bbox 1132 1735 1138 2337">
     <span class='ocr_line' id='line_1_41' title="bbox 1132 1735 1138 2337; baseline 0 0"><span class='ocrx_word' id='word_1_288' title='bbox 1132 1735 1138 2337; x_wconf 95' lang='lat' dir='ltr'><strong> </strong></span> 
     </span>
    </p>
   </div>
  </div>
 </body>
</html>
