2272 4176
10 39 74 241 l
441 174 556 237 tmen
576 174 642 237 vn.
975 175 1035 241 145
1063 140 1067 149 ’

55 329 232 409 legionibus
246 331 447 407 praefecerat,
464 330 537 406 quid
553 329 620 390 lteri
632 330 706 392 velit
726 329 874 392 ostendit:
898 329 1036 407 inprimis

55 422 170 491 monet,
185 424 222 477 ut
236 415 411 477 contineant
425 415 551 490 milites,
566 430 605 474 ne
620 416 722 476 studio
736 415 892 491 pugnandi
911 424 962 477 aut
980 434 1037 493 spe

55 501 194 578 praedae
215 501 340 576 longius
362 500 614 576 progrediantum
642 499 715 574 quid
737 500 881 576 iniquitas
903 501 961 561 loci
982 501 1034 561 ha-

54 588 126 648 beat
139 585 329 646 incommodi
345 586 504 662 proponit:
530 583 589 645 hoc
609 600 671 644 una
694 585 847 646 celeritate
861 600 958 659 posse
972 602 1035 646 mu·

55 671 127 742 tari;
144 670 323 732 occasionis
337 685 408 730 esse
422 685 496 743 rem,
512 685 574 730 non
589 671 708 744 proelii.
733 668 788 729 His
803 669 897 728 rebus
913 672 1036 744 exposi-

53 755 92 816 tis
114 755 241 830 signum
264 756 366 815 dotet
386 755 424 815 ab
446 755 555 814 dextra
575 760 663 829 parte
683 754 743 814 alio
768 770 901 814 ascensu
928 755 1035 815 eodem

10 911 12 921 Ι
55 848 196 915 tempore
211 839 358 900 Haeduos
374 839 470 899 mittit.

10 936 13 983 t
138 924 248 984 XLVI.
273 923 385 999 Oppidi
399 940 504 984 murus
520 925 559 985 ab
574 922 705 998 planicie
721 930 814 1000 atque
828 923 913 984 initio
928 939 1035 985 ascen·

58 1025 109 1070 sus
125 1015 216 1068 recta
228 1008 371 1083 regione,
398 1009 424 1069 si
439 1011 540 1070 nullus
556 1008 720 1067 amfractus
735 1009 954 1084 intercederet,
979 1024 1037 1069 uec

59 1109 174 1170 passus
201 1092 323 1152 aberat:
351 1093 497 1169 quidquid
525 1094 585 1153 huc
614 1091 758 1153 circuitus
781 1092 820 1152 ad
841 1094 1036 1154 meillendum

59 1179 170 1238 clivum
185 1184 376 1251 accesserat,
400 1178 430 1237 id
446 1178 578 1253 spatium
593 1176 709 1236 itineris
724 1177 864 1252 augebat.
893 1181 922 1238 A
935 1179 1036 1239 medio

59 1264 118 1322 lere
134 1263 218 1322 colle
233 1261 261 1320 in
279 1262 512 1339 longitudinem,
539 1270 573 1322 ut
586 1267 694 1320 natura
708 1262 819 1322 montis
836 1262 968 1337 serebat,
996 1279 1034 1323 ex

58 1346 229 1422 grandibus
245 1347 329 1406 saxis
346 1362 402 1405 sex
416 1347 530 1421 pedum
544 1362 672 1419 murum,
687 1346 739 1421 qui
751 1351 926 1407 nostrorum
941 1348 1035 1422 impe-

58 1439 117 1492 tum
128 1431 277 1505 tardaret,
290 1431 602 1506 praeduxerantGalli
614 1435 707 1505 atque
718 1430 862 1492 interiore
875 1432 956 1505 omni
964 1449 1034 1507 spa-

58 1516 95 1577 tio
108 1531 214 1576 vacuo
230 1515 337 1576 relicto
350 1516 541 1590 superiorem
562 1521 680 1590 partem
697 1516 899 1592 collisusque
916 1517 955 1576 ad
970 1535 1033 1577 mu·

13 1630 17 1655 ¹.
60 1616 120 1661 mm
148 1600 258 1675 oppidi
285 1600 479 1660 densissimis
505 1600 614 1660 castris
642 1602 881 1675 compleverant.
923 1601 1034 1662 Milites

60 1686 128 1747 iate
145 1685 238 1759 signo
261 1685 401 1745 celeriter
422 1685 462 1744 ad
483 1686 680 1745 munitionem
701 1686 886 1760 perveniunt
906 1702 1035 1762 eamque

10 1776 15 1825 i
61 1768 247 1843 transgressi
268 1768 356 1829 trinis
378 1771 486 1829 castris
509 1771 682 1845 potiuntur3
709 1786 745 1830 ac
766 1776 850 1829 tanta
871 1770 927 1829 luit
941 1770 969 1829 in
986 1787 1032 1831 ca-

10 1914 12 1935 ,
60 1854 178 1915 ciendis
195 1854 306 1913 castris
323 1855 472 1928 celeritas,
488 1861 521 1913 ut
535 1856 741 1928 Teutomatus,
756 1870 812 1914 rex
826 1854 1033 1932 Nitiobrigum,

63 1939 161 1999 subito
182 1938 214 1997 in
235 1938 434 1998 tabernaculo
450 1950 638 2014 oppressus,
663 1945 697 1999 ut
710 1937 836 1999 meridie
851 1940 1033 2014 conquieve-

62 2030 114 2099 rat,
131 2023 297 2098 superiore
312 2023 452 2098 corporIs
468 2033 555 2099 parte
570 2025 698 2099 nudata,
713 2025 872 2084 vulnerato
888 2038 969 2099 equo
983 2025 1034 2083 vix
1064 2044 1067 2049 >

63 2124 94 2168 se
108 2124 150 2167 ex
164 2108 306 2167 manibus
322 2108 533 2183 praedantium
548 2111 672 2168 militum
687 2110 827 2183 eriperet.

10 2257 12 2267 ¹
142 2191 262 2251 XLVII.
280 2193 470 2252 Consecutus
486 2194 516 2252 id
534 2195 616 2268 quod
632 2195 732 2253 animo
749 2194 1035 2269 proposueratCae-

10 2286 13 2299 '
64 2293 109 2338 sar
122 2277 263 2352 receptui
278 2277 346 2336 cani
360 2277 457 2352 iussit,
474 2278 647 2353 lchonique
660 2278 805 2352 decimae,
819 2295 950 2354 quacum
962 2285 1035 2353 erat,

64 2363 254 2423 contionatus
270 2363 359 2436 signa
374 2363 538 2421 constituit.
554 2364 600 2422 Ac
615 2363 800 2437 reliquarum
812 2364 967 2438 legionum
981 2364 1035 2422 mi-

71 2447 125 2507 ttes
143 2463 205 2506 nen
222 2446 368 2506 exaudito
383 2447 475 2506 tubae
494 2463 590 2521 sono,
617 2446 702 2522 quod
723 2447 797 2506 satis
812 2464 923 2522 magna
937 2449 1034 2507 valles

10 2554 14 2567 ·
64 2531 284 2603 ntercedebat,
310 2530 470 2590 tamenab
492 2532 621 2591 tribunis
642 2531 769 2590 militum
789 2532 977 2607 legatisque,
1002 2550 1037 2594 ut

63 2624 122 2677 erat
136 2632 155 2675 a
170 2616 304 2675 Caesare
319 2621 533 2690 praeceptum,
558 2616 774 2675 retinebantur.
805 2615 867 2675 Sed
888 2616 958 2676 elati
979 2632 1036 2692 spe

10 2724 12 2747 =
63 2701 168 2761 celeris
184 2699 334 2759 victoriae
348 2707 378 2760 et
391 2699 524 2759 hostium
536 2702 608 2774 luga
619 2706 650 2760 et
660 2700 853 2774 superiorum
864 2707 1034 2776 temporum

62 2785 206 2846 secundis
222 2785 348 2858 proeliis
364 2785 438 2845 nihil
453 2785 530 2844 adeo
546 2784 673 2844 arduum
689 2785 746 2843 sibi
758 2799 829 2844 esse
841 2785 1035 2845 existimave-

62 2876 143 2943 runt,
171 2870 258 2943 quod
278 2885 339 2929 non
360 2872 471 2930 virtute
493 2870 643 2944 consequi
657 2876 801 2945 possent,
828 2886 928 2943 neque
944 2870 1035 2930 finem

62 2953 145 3029 prius
166 2954 321 3028 sequendi
342 2956 494 3027 lecerunt,
528 2970 619 3028 quam
638 2971 724 3015 muro
747 2953 853 3029 oppidi
873 2955 1034 3030 portisque

62 3038 354 3114 adpropinquarent.
384 3040 460 3099 Tum
480 3054 555 3099 vero
578 3054 617 3097 cx
639 3039 779 3098 omnibus
795 3039 880 3099 urbis
895 3039 1034 3112 partibus

62 3132 125 3183 orto
148 3125 284 3184 clamore
304 3124 356 3198 qui
372 3124 491 3198 longius
507 3124 634 3183 aberant
647 3125 806 3198 repentino
822 3124 951 3183 tumultu
964 3139 1033 3199 per-

14 3256 17 3261 .
62 3207 168 3282 territi,
192 3224 262 3266 cum
276 3207 396 3268 hostem
412 3210 490 3268 intra
506 3214 611 3282 portas
625 3224 696 3268 esse
712 3207 946 3282 existumarent,
962 3224 1034 3270 sese

62 3307 98 3351 ex
113 3292 233 3368 oppido
254 3292 417 3352 eiecerunt.
439 3292 686 3352 Matreslamiliae
700 3292 738 3351 de
752 3308 839 3352 muro
856 3300 971 3353 vestem
986 3310 1032 3354 ar-

61 3384 247 3452 sertumque
263 3376 415 3437 iactabant
430 3385 460 3436 et
473 3384 599 3452 pectore
614 3377 697 3437 nudo
712 3377 918 3452 promInentes
930 3379 1033 3454 passis

62 3460 200 3521 manibus
224 3461 456 3522 obtestabantur
470 3463 643 3541 Romanos,
667 3468 703 3525 ut
715 3460 777 3526 sibi
789 3470 1024 3542 parcereutner

103 3561 128 3601 o.
146 3560 245 3602 notros
265 3561 392 3605 causan.
804 3559 842 3613 ib
