2272 4176
10 39 182 125 W

382 224 385 229 -
422 184 617 245 EPISTOLAE
944 184 1007 251 465

109 342 153 410 (α
167 336 223 411 55)
237 338 351 397 Εαποκ.
359 356 461 415 μακορ.
473 342 510 413 4,
525 341 582 413 11,
598 341 632 403 2ι
655 341 744 409 Quam
759 341 876 414 Caesen,
898 344 943 399 ilie
956 361 1005 402 ιιιι-

31 430 85 483 nor
99 425 190 485 vestii
200 425 336 503 nomime,
358 441 422 482 eum
433 424 624 483 Romanorum
637 427 743 500 primus
758 428 900 498 intrasset,
922 429 1006 486 aliun

30 524 57 567 te
67 510 171 567 orbem
186 514 324 565 terrarum
339 511 449 583 scripsit
464 513 605 584 reperisse
618 518 711 568 tentae
724 511 920 585 magnitudinis
933 515 1005 569 erbi-

30 596 129 667 Ιιιιιιιε,
151 598 184 649 ut
197 610 255 650 non
265 595 431 651 circumfusa
443 594 571 668 Oceano
593 596 645 653 sed
657 598 803 669 complexe
814 597 905 670 ipsum
917 595 1005 654 Oeen·

28 694 91 735 num
106 678 266 737 videretur.

105 766 150 834 (α.
165 758 353 861 (tomento)
375 763 539 821 Plutones.
556 763 613 825 31:
646 752 737 861 Παρὰ
761 747 952 867 Καίσαρος
932 783 1007 863 ηκον

24 840 178 905 ἐπιστολαὶ
198 836 359 947 μετριάζειν
382 844 563 916 δοκοῦντος·
584 835 668 924 ἠξίου
680 836 747 945 γὰρ
772 832 855 922 ἇφελς
875 836 911 904 τὰ
933 839 1006 905 ἅλλα

18 920 124 989 πάντα
131 919 198 1028 τὴν
217 919 318 1001 ένιὸς”
310 932 436 989 Αλπεοιν
446 920 536 988 καλ
507 950 541 989 το
547 919 710 1029 Ἰλλυρικὸν
721 950 791 1028 μετα
781 923 885 989 δοεῖν
895 922 1005 1009 ταγμά-

17 1034 80 1074 τοαν
97 1002 187 1091 αὐτῷ
205 1011 408 1091 «tonnam
372 1036 393 1091 μ
407 1035 455 1093 tte
471 1033 507 1072 ον
509 1003 579 1114 τὴν
590 1005 753 1117 (λεντέρμν’
738 1014 877 1074 οπατείαν
874 1013 1004 1114 μέτεισι.

108 1104 154 1171 (α.
124 1072 223 1170 αλδ)
236 1101 307 1157 Ρλαλ.
318 1102 414 1174 Pomp
428 1102 482 1162 68:
509 1088 655 1199 Ἐοιθινης
669 1094 701 1158 δὲ
718 1100 853 1199 φυλακῆς
867 1089 940 1179 λιπλρ
954 1101 1006 1158 τοῦ

12 1182 179 1263 Καίσαρος
206 1180 402 1279 στρατοπέδου
429 1173 558 1281 πολλὴν
569 1174 734 1262 ἡσυχίαν’
721 1176 843 1282 λέγοντος
865 1180 1006 1261 ἐξέλαμψε

10 1264 99 1347 μέγα
111 1267 190 1346 φῶς,
212 1262 244 1324 έκ
256 1262 288 1326 δέ
298 1259 402 1326 τούτου
413 1257 529 1367 λαμπὰς
541 1255 676 1347 ἀρθεῖσα
679 1258 854 1367 φλογοειδὴς
864 1265 910 1366 ἐπὶ
920 1270 1005 1365 Πομ

10 1352 118 1453 τηγῖον
142 1346 327 1449 κατέσκηψε·
347 1349 398 1410 καλ
416 1352 500 1410 τοῦτο
518 1350 592 1410 ἰδεῖν
606 1368 679 1430 φησι
690 1353 807 1432 Καῖσαρ
818 1342 905 1423 αὐτὸς
916 1343 1006 1412 ἕπιολν

10 1428 72 1508 ιλις
88 1426 240 1512 φνλακολς.

111 1524 155 1591 (α.
168 1516 224 1589 48)
238 1523 357 1594 Appiae.
370 1523 395 1577 λ.
408 1526 457 1579 civ.
469 1522 518 1592 ΙΙ,
541 1523 597 1583 79:
626 1512 783 1619 Πομπήϊος
798 1512 1006 1595 δὲτιιιθόμενος

10 1600 141 1665 ἐκέλευε
161 1606 223 1674 τοῖς
242 1604 336 1675 πεζοῖς
358 1593 422 1759 μίηέ
444 1600 620 1663 έπεκθεῖν”
603 1624 644 1662 ετι
663 1596 720 1682 μήτ
718 1593 887 1702 ’ἐκτρέχειν
904 1599 936 1661 ἐκ
939 1605 1003 1702 τῖγς

10 1681 183 1767 φάλαγγος
193 1675 301 1785 μηδ”
282 1687 387 1746 ακοντί
385 1689 459 1785 ζειη,
483 1676 570 1746 ἆλλέ
570 1711 588 1746 ν
601 1689 732 1788 προβολῇ
747 1677 948 1757 διαστέντας’
931 1682 1003 1764 αμύ-

10 1777 135 1835 υεσθαι
155 1762 205 1831 ιλια
222 1761 315 1869 χειρὸς
329 1775 390 1842 τοῖς
405 1764 509 1850 δόρασι
522 1763 588 1871 τολης
600 1768 742 1872 έμιόντας.
785 1769 845 1830 Καὶ
855 1763 921 1830 τόδε
931 1768 1003 1841 τινὲς

10 1849 120 1919 αυτοῦ
130 1845 165 1915 τὸ
177 1849 364 1935 στρατήγημα
375 1847 574 1915 έπαινοῦσιν“
557 1879 595 1927 ως
608 1849 727 1936 ἄριστον
739 1853 770 1915 ἐν
781 1848 1004 1954 περικμκλώσει·

10 1966 33 2005 ο
11 1934 93 2003 ’δὲ
111 1941 233 2039 Καῖσριρ
253 1935 284 1999 έν
301 1943 364 2010 ταῖς
383 1937 545 2011 ἐπιστολαῖς
562 1939 787 2019 καταμέμφεται.
833 1932 892 2010 Τοῖς
909 1959 938 1996 τε
949 1960 1005 2018 γαρ

10 2015 157 2131 πληγὰς
154 2014 214 2083 leel
220 2025 275 2117 τῖγς
285 2014 416 2102 βολης’
386 2024 577 2104 ειιτονωτέρας
588 2025 769 2124 γίγνεσθαι
756 2021 805 2082 καὶ
817 2044 884 2122 τομς
895 2014 1006 2102 ολνὸρας

10 2106 83 2173 υπὸ
100 2128 157 2169 τον
143 2100 285 2187 δρόμου
300 2105 562 2207 προθμμοτέροος·
575 2107 697 2180 ἑστῶτας
714 2098 740 2167 6'
734 2098 963 2207 αποψιλχεσθαλ
976 2128 1006 2167 τε

10 2193 75 2258 :tal
94 2196 160 2263 τοῖς
177 2189 346 2251 ἐπιθέουσιν
358 2183 515 2292 εὐβλήτους
523 2181 583 2253 δι’
567 2193 668 2296 ατρεμλ
668 2214 705 2251 αν
716 2185 763 2251 οἷα
775 2208 901 2262 σκοπονς
913 2185 1004 2250 εἶναι·

10 2304 35 2343 ο
15 2268 153 2339 “’καλ
118 2296 184 2376 τρτε
194 2274 341 2374 γενέσθαι.
368 2267 406 2335 Τὸ
418 2269 475 2356 γὰρ
488 2275 610 2336 δέκατον
620 2274 699 2348 τέλος
710 2273 766 2336 σνν
776 2267 857 2375 αιλτῳ
844 2277 1005 2380 περιδρα-

10 2384 96 2460 μειν
110 2351 151 2421 τὰ
166 2351 235 2420 λαιλι
250 2381 303 2420 τοο
290 2358 504 2464 Πομπηῖοη”
487 2382 579 2440 ερημα
595 2359 706 2420 ἱππέων
717 2354 858 2441 γενόμενα
869 2358 919 2419 καὶ
930 2380 1005 2418 παν-

10 2439 163 2550 ταχόθεν
179 2435 373 2542 ἆτρεμοῖιντας
395 2441 423 2515 ές
444 2466 480 2504 τα
501 2436 613 2524 πλεορα
630 2443 831 2521 ἐσακοντίζειν,
854 2442 936 2543 μέχρι
950 2448 1005 2502 θο-

15 2527 244 2617 ρνβονμενοις
230 2546 403 2607 εμπεσοντας
409 2529 461 2611 βια
467 2550 500 2608 τρ
504 2527 637 2607 ψασθαι
645 2551 695 2588 και
705 2551 757 2609 της
763 2529 846 2630 νίκης
856 2521 1004 2632 κατάρξαι.

113 2621 156 2687 (α.
168 2614 264 2687 48)P
263 2620 310 2674 l.ut
263 2617 389 2674 l.Caes
402 2612 456 2677 48:
475 2618 556 2686 Τοῖς
574 2611 606 2673 δὲ
625 2613 765 2690 φίλοις’
739 2635 778 2684 εις
789 2605 937 2718 Ρμλμην”
920 2633 1005 2709 εγρα·

19 2722 100 2801 φιν,
122 2692 169 2758 ὅτι
186 2700 237 2797 τῆς
247 2697 338 2796 νίκης
357 2689 502 2757 ἀπολαύοι
516 2701 601 2758 τοῦτο
612 2695 747 2777 μέγιστον
758 2720 808 2757 και
799 2690 952 2776 λγλιστον,
973 2686 1005 2756 τὸ

21 2779 132 2860 σώζειν
143 2804 226 2855 τινας
237 2771 334 2842 olel
293 2803 352 2841 των
362 2776 604 2860 πεπολεμηκότων
614 2784 741 2842 πολιτῶν
753 2771 841 2864 αοτιγῖ.

110 2875 153 2942 (α.
125 2865 220 2942 (148)
237 2870 290 2928 Cic.
302 2871 402 2926 αιλΑλλ.
414 2871 474 2940 XI,
492 2869 526 2941 6,
548 2871 582 2930 7·
605 2842 919 2938 QuaereexDi6ehare,
936 2866 1004 2925 Cae·

24 2960 100 3017 saris
112 2957 211 3012 liberto
220 2971 325 3027 ‚quern
337 2972 390 3027 ego
403 2972 459 3010 non
472 2954 529 3011 vidi
537 2956 606 3026 ‚qui
618 2955 684 3010 istas
695 2954 890 3012 Alexandreas
901 2954 1005 3009 litteras

25 3044 124 3103 attulit

10 3168 22 3183 .
113 3130 155 3197 (ο.
128 3120 222 3195 ο48)
236 3123 315 3182 Idem
325 3123 387 3180 τλιλιλ.
401 3121 499 3195 17,3=
520 3124 599 3180 Illum
610 3125 645 3181 eb
656 3122 829 3180 Alexandria
840 3122 1005 3179 discessisse

27 3229 113 3271 nemo
125 3210 239 3281 nuntiat,
251 3215 412 3281 constatque
424 3225 460 3264 ne
470 3210 625 3282 proiectum
637 3208 749 3281 quidem
759 3207 826 3264 illim
838 3223 1005 3281 quemquam

28 3302 95 3371 post
109 3296 177 3353 Idus
195 3294 274 3351 Mart.
286 3310 339 3350 nee
348 3299 413 3368 post
423 3293 488 3349 Idus
498 3293 644 3350 Decembr.
658 3293 750 3349 abillo
764 3292 842 3349 dates
853 3294 923 3348 ullas
935 3293 1005 3349 litte·

31 3398 86 3440 res.
126 3381 171 3437 Ex
192 3396 247 3454 quo
268 3379 405 3452 intellegis
426 3379 494 3435 illud
516 3377 551 3434 de
568 3378 664 3436 litteris
682 3394 708 3434 e.
720 3377 747 3434 d.
762 3378 922 3435 vId.Febr.
934 3377 1005 3435 detis

33 3465 123 3540 (qnod
136 3466 220 3523 lnene
236 3469 324 3536 esset,
346 3465 452 3521 etiarnsi
466 3481 565 3522 verum
580 3459 669 3538 esset)
684 3480 739 3520 non
755 3480 853 3521 verum
869 3480 942 3522 esse.
