2272 4176
10 210 13 383 Ἠ
50 334 172 403 toroque
182 325 413 387 defendendam
424 326 625 399 suscepisset,
642 340 736 400 saepe
750 335 814 388 erat
828 327 947 388 senatui
960 330 1027 405 pol-

51 412 165 483 licitus,
192 410 221 471 si
237 426 331 487 quem
345 411 434 472 timor
447 425 600 470 armorum
616 410 755 471 Caesaris
768 412 925 491 laederet,
952 429 1027 489 quo-

52 496 128 556 niam
146 494 279 570 Pompei
301 495 465 555 dominatio
486 499 578 570 atque
600 511 684 554 arma
704 512 766 556 non
787 497 943 556 minimum
967 504 1027 557 ter·

53 597 149 641 rorem
163 580 235 640 foro
251 579 411 654 inferrent,
438 578 613 639 discederet
626 587 757 655 uterque
772 581 810 641 ab
832 581 924 640 armis
940 596 1027 641 exer-

56 666 193 740 citusque
217 663 394 738 dImitteret,
419 665 487 724 fore
513 679 550 724 eo
579 665 659 725 facto
680 664 806 724 liberam
835 672 865 725 et
884 665 932 725 sui
953 666 1027 725 iuris

56 750 214 810 civitatem.
254 748 361 823 Neque
380 748 440 808 hoo
461 754 577 809 tantum
597 748 750 823 pollicitus
772 757 834 824 est,
861 750 917 809 sed
938 750 1027 810 etiam

58 850 106 909 per
126 850 163 894 se
184 833 410 893 discessionem
430 834 532 893 facere
552 833 669 908 coepit;
696 834 780 909 quod
801 849 840 893 ne
854 834 941 894 fieret
955 850 1025 895 con·

59 920 135 978 sufes
157 917 310 992 amicique
332 917 459 993 Pompei
484 916 640 977 iusserunt
660 924 753 993 atque
773 919 815 978 ita
834 934 900 978 rem
921 919 1026 981 mode·

60 1002 147 1064 rando
164 1002 387 1062 discusserunt.

431 128 547 233 clena
568 173 648 233 vni.
966 172 1026 238 191

133 1129 208 1190 LIII.
240 1126 385 1202 Magnum
409 1128 469 1189 hoc
493 1127 698 1189 testimonium
722 1136 846 1189 senatus
874 1136 940 1189 erat
959 1145 1025 1189 um·

62 1214 134 1275 versi
160 1213 413 1289 convenIensque
443 1213 596 1288 superiori
628 1214 719 1273 facto.
761 1214 837 1272 Nam
861 1213 1024 1275 Marcellus

63 1300 192 1375 proximo
207 1314 288 1359 anno
305 1313 374 1357 cum
388 1297 570 1372 inpugnaret
585 1297 723 1357 Caesaris
739 1299 930 1373 dignitatem,
953 1314 1022 1359 con·

63 1391 102 1444 tra
112 1386 211 1459 legem
225 1381 351 1457 Pompei
366 1389 397 1443 et
412 1382 513 1442 Crassi
534 1390 581 1446 ret
568 1384 677 1446 tulerat
696 1390 766 1443 ante
786 1390 906 1457 tempus
922 1383 962 1442 ad
976 1399 1024 1444 se-

64 1474 155 1529 natum
176 1467 215 1528 de
236 1466 375 1527 Caesaris
397 1467 580 1542 provinciis,
607 1467 828 1542 sententiisque
850 1467 939 1528 dictis
961 1469 1023 1528 dis·

65 1552 228 1613 cessionem
242 1551 374 1611 faciente
386 1551 547 1612 Marcello.
573 1568 625 1631 qui
617 1551 698 1610 sibi
714 1567 833 1612 omnem
849 1551 1024 1626 dignitatem

64 1652 96 1698 ex
109 1632 246 1698 Caesaris
261 1636 376 1695 invidia
390 1620 572 1712 quaerebat,
599 1643 725 1695 senatus
747 1637 921 1732 frequens
913 1648 953 1695 ιιι
965 1635 1022 1697 alia

64 1722 154 1783 omnia
173 1719 301 1783 transiit
331 1720 446 1793 Quibus
468 1737 529 1781 non
550 1720 768 1795 frangebantur
782 1721 873 1780 animi
887 1720 1021 1780 inimico·

63 1823 120 1867 rum
135 1805 291 1880 Caesarie,
307 1806 364 1865 sed
378 1805 633 1878 admonebantur,
657 1821 718 1880 quo
733 1804 864 1865 maiores
880 1813 1024 1879 pararent

63 1890 262 1988 necessitates,
279 1889 390 1965 quibus
406 1891 474 1965 cogi
483 1897 592 1965 posset
603 1895 727 1950 senatus
739 1890 771 1950 id
781 1890 923 1966 probare,
940 1889 1024 1965 quod

63 1975 112 2051 ipsi
126 1975 366 2038 constituissent.

132 2102 210 2162 LIV.
224 2101 273 2161 Fit
287 2100 398 2160 deinde
411 2103 719 2175 senatusconsultum
733 2105 766 2160 ut
754 2102 818 2160 tad
831 2100 945 2161 bellum
951 2064 1021 2160 Par-

62 2185 164 2248 thicum
187 2185 269 2260 legio
295 2201 357 2244 una
382 2185 467 2244 aCn.
481 2184 644 2259 Pompeio,
671 2187 766 2244 altera
790 2201 809 2244 a
834 2184 865 2245 C.
892 2185 1023 2246 Caesare

60 2271 235 2339 mitteretur,
272 2285 372 2345 neque
402 2270 534 2330 obscure
567 2270 646 2328 duae
676 2270 815 2344 legiones
841 2270 894 2330 uni
922 2271 1021 2330 detra-

59 2355 171 2418 huntur.
199 2355 277 2413 Nam
292 2353 342 2413 Cn.
357 2353 521 2429 Pompeius
543 2355 694 2427 legionem
709 2355 851 2428 primam,
878 2355 1022 2429 quemad

59 2440 215 2501 Caesarem
228 2439 367 2512 miserat,
384 2439 552 2499 confectam
568 2454 607 2496 ex
622 2439 742 2498 delectu
756 2439 933 2513 provinciae
949 2438 1021 2498 Cae-

23 2534 26 2539 “
58 2526 135 2602 saris,
151 2539 222 2584 eam
235 2530 390 2598 tamquam
404 2539 444 2582 ex
458 2538 515 2582 suo
531 2538 656 2582 numero
672 2522 764 2582 dedit.
787 2522 898 2582 Caesar
911 2529 1021 2595 tamen,

57 2625 115 2671 cum
136 2610 178 2670 de
199 2609 355 2668 voluntate
375 2607 496 2666 minime
517 2606 642 2666 dubium
669 2614 753 2667 esset
777 2607 1022 2667 adversariorum

57 2687 345 2766 suorum,P0mpeio
368 2693 518 2766 legionem
543 2692 658 2751 remisit
684 2699 715 2751 et
739 2707 796 2751 suo
822 2690 946 2751 nomine
969 2708 1021 2766 xv,

57 2798 139 2856 quarn
166 2778 198 2837 in
216 2776 312 2837 Gallia
338 2776 479 2836 citeriore
498 2775 660 2850 habuerat,
686 2791 726 2835 ex
751 2779 1020 2836 senatusconsulto

56 2864 128 2926 iubet
142 2861 235 2925 tradi.
264 2862 298 2921 ln
318 2860 384 2920 eius
400 2864 500 2921 locum
512 2876 571 2918 xm
586 2860 737 2934 legionem
750 2861 781 2920 in
795 2860 910 2920 ltaliam
926 2859 1021 2936 mittit,

58 2965 126 3025 quae
142 2946 303 3023 praesidia
316 2954 458 3019 tueretur,
475 2962 513 3004 ex
529 2945 640 3018 quibus
655 2946 818 3020 praesidiis
830 2961 872 3004 xv
888 2945 1019 3005 deduce·

56 3032 142 3095 batur.
159 3033 234 3107 lpse
245 3030 392 3089 exercitui
404 3030 554 3090 distribuit
565 3028 706 3089 hibernas
720 3029 941 3089 C.'Irebonium
953 3045 1021 3090 cum
1115 3098 1117 3103 ,

18 3122 22 3165 :
56 3117 222 3193 legionibus
245 3120 387 3189 quattuor
406 3115 437 3174 in
457 3113 563 3188 Belgio
585 3116 728 3188 collocat,
754 3113 784 3173 C.
806 3113 932 3172 Fabium
953 3129 1021 3174 cum

56 3201 220 3264 eidemin
234 3200 380 3260 Haeduos
396 3200 528 3259 deducit.
558 3197 609 3258 Sic
628 3198 709 3258 enim
729 3197 921 3257 exIstimnhat
935 3198 1019 3259 tntis·
1103 3226 1106 3234 ·

10 3322 12 3331 ι
56 3286 154 3348 simam
167 3286 238 3347 fore
255 3283 395 3358 Galliam,
420 3283 446 3343 si
465 3283 595 3356 Belgae,
621 3297 750 3358 quorum
769 3281 901 3341 maxima
914 3282 1020 3359 virtue

11 3406 18 3418 ›
54 3369 174 3445 Baetim,
192 3383 325 3445 quorum
340 3368 503 3428 auctoritas
515 3382 634 3426 summa
644 3372 736 3441 esset,
752 3364 936 3429 exercitibus
948 3383 1019 3431 coo·

16 3532 19 3537 Ι
55 3453 224 3521 frerentur.
253 3453 327 3528 Ipse
339 3452 370 3513 in
383 3452 498 3513 Italiam
512 3451 670 3528 profectus
684 3456 742 3513 est.
