2272 4176
298 39 1076 429 ιη,

69 502 111 568 88
363 501 415 566 ele
434 501 560 566 BELLO
582 499 746 566 eleuet>
803 487 806 492 ⁵

69 657 170 720 Nervii
183 655 360 736 antiquitus,
377 674 446 735 cum
461 660 597 737 equitatu
610 659 683 720 nihil
699 665 830 735 possent
836 663 955 736 (neque
961 656 1042 725 enim
1068 682 1076 695 ·

69 745 109 805 ad
122 742 182 804 hoc
195 750 321 820 tempus,
332 748 360 804 ei
373 744 418 803 rei
433 746 564 819 student,
580 744 652 818 sed,
669 743 816 819 quicquid
829 751 972 821 possunt,
987 761 1039 820 pe
1074 772 1076 777 ·

69 828 223 890 destribus
238 830 340 889 valent
355 828 482 904 copiis),
506 845 566 903 quo
582 828 701 888 facilius
716 829 911 889 finitimermn
926 831 1040 907 equite·

68 921 141 988 tum,
157 913 183 973 si
197 913 367 989 praedandi
382 927 477 971 causa
491 912 531 971 ad
545 928 600 972 eos
615 913 783 988 venissent,
798 913 981 988 inpedirent,
997 922 1039 997 te

69 998 151 1057 nerIs
166 997 327 1057 arboribus
342 995 447 1054 inciSis
463 1001 554 1071 atque
569 994 691 1056 inflexis
708 997 888 1074 crebrisque
898 998 929 1057 in
942 1000 1038 1060 latitu-

69 1082 170 1142 dinem
191 1080 283 1140 ramis
306 1079 402 1138 enatis
425 1086 454 1139 ct
467 1081 553 1139 rubis
569 1081 769 1157 sentibusque
785 1082 951 1144 interiectis
966 1082 1037 1143 eise-

69 1173 188 1239 eerant,
213 1170 247 1223 ut
259 1164 355 1223 instar
369 1163 447 1222 muri
461 1163 519 1223 hae
535 1180 628 1240 sepes
644 1167 830 1225 munimenta
844 1167 1029 1240 praeberent

69 1267 130 1326 quo
146 1266 206 1309 non
222 1247 313 1307 modo
330 1263 391 1307 non
407 1247 526 1323 intrari,
548 1249 658 1308 sedne
673 1249 809 1324 perspici
826 1250 951 1324 quidem
965 1266 1036 1327 pos-

69 1340 125 1394 set.
153 1333 208 1392 HIs
223 1331 316 1390 rebus
333 1347 402 1391 cum
417 1332 473 1391 iter
487 1333 616 1407 angnis
638 1334 734 1393 nostri
748 1334 953 1408 inpediretur,
977 1351 1036 1396 non

68 1416 266 1478 omittendum
282 1415 339 1474 sibi
356 1417 516 1476 consillum
532 1416 633 1476 Nervii
649 1418 909 1477 existimaverunt.
1022 1416 1025 1421 '

127 1500 233 1560 XVIII.
255 1499 329 1559 Loci
344 1507 453 1559 natura
467 1506 531 1560 erat
542 1500 632 1575 haec,
650 1517 740 1576 quem
758 1503 858 1561 locum
878 1501 976 1563 nostri
988 1518 1036 1563 ce-

67 1584 138 1646 stris
154 1584 339 1657 delegerant.
369 1583 459 1644 Collis
482 1585 519 1644 ab
540 1600 658 1644 summo
674 1586 841 1660 aequaliter
856 1585 985 1647 declivis
999 1587 1038 1649 ad
1067 1618 1074 1625 ·

67 1669 180 1730 flumen
196 1667 314 1743 Sabim,
332 1669 416 1743 quod
430 1685 525 1744 supra
539 1669 778 1744 nominavimuS,
806 1670 960 1751 vergebat.
988 1670 1037 1731 Ab

67 1750 491 1826 eoilmninepariadclivitate
505 1753 591 1812 collis
605 1754 792 1813 nascebatur
803 1754 955 1815 adversus
967 1754 1037 1815 huid
1064 1776 1070 1787 ·

67 1844 97 1897 et
111 1835 297 1910 contrariuS,
324 1837 438 1911 passus
461 1837 580 1897 circiter
595 1836 746 1897 ducentos
761 1837 884 1896 iniimus
899 1845 1035 1915 apertus,
1073 1834 1076 1841 '

66 1923 104 1982 ab
120 1921 280 1995 superiore
295 1927 381 1994 parte
397 1922 556 1994 silvestris,
572 1926 606 1981 ut
620 1937 682 1980 non
696 1922 786 1981 lacile
800 1920 951 1983 introrsus
967 1939 1033 1998 per·

66 2006 144 2081 spici
158 2010 275 2080 posset.
305 2005 387 2064 Intra
401 2020 454 2063 eas
471 2006 565 2065 silvas
579 2005 686 2064 hostes
701 2005 731 2064 in
748 2007 867 2065 occulto
880 2021 952 2066 sese
964 2024 1034 2068 con·

67 2090 217 2159 tinebant;
233 2090 263 2148 in
278 2096 384 2163 aperto
399 2091 469 2150 loce
485 2091 654 2149 secundum
668 2087 782 2149 flumen
796 2105 916 2164 paucae
932 2092 1035 2152 statio-

65 2191 121 2235 nes
137 2175 271 2251 equitum
287 2174 477 2234 videbantur.
517 2173 664 2234 Fluminis
687 2180 752 2233 erat
766 2173 894 2234 altitudo
917 2176 1034 2237 circiter
1072 2190 1075 2195 ·

67 2260 177 2334 pedum
191 2258 288 2319 tritun.

126 2343 202 2401 XIX.
226 2342 338 2402 Caesar
349 2341 485 2416 equitatu
495 2341 668 2417 praemisso
681 2340 929 2417 subsequebatur
941 2344 1033 2405 omni·

67 2428 123 2486 bus
139 2427 253 2500 eopIIs3
280 2425 336 2484 sed
358 2425 433 2484 ratio
455 2426 593 2500 ordoque
610 2426 738 2500 agminis
754 2427 839 2486 aliter
854 2443 889 2486 se
904 2427 1033 2491 habebat

65 2526 102 2570 ac
115 2512 228 2583 Belgae
245 2508 419 2568 adNervios
432 2509 612 2569 detulerant.
627 2511 702 2569 Nam
718 2511 801 2585 quod
816 2511 855 2569 ad
871 2512 969 2571 hostis
982 2513 1034 2573 ad·

65 2593 304 2670 propinquabat,
321 2594 542 2653 consuetudine
556 2610 614 2654 sua
629 2595 741 2654 Caesar
756 2610 813 2654 sex
827 2596 965 2670 legiones
982 2612 1034 2657 ex-

66 2678 184 2753 peditas
201 2677 346 2747 ducebam
373 2684 445 2752 post
466 2693 519 2738 eas
540 2679 632 2739 totius
654 2679 806 2738 exercitus
827 2679 1035 2754 inpedimenta

65 2765 255 2831 conlocaram
281 2762 352 2822 inde
367 2762 446 2821 duae
460 2763 614 2837 legiones,
638 2779 717 2838 quae
733 2779 883 2837 proxume
899 2766 1035 2826 censeri-

67 2854 136 2922 ptae
151 2851 250 2921 erant,
276 2853 371 2906 totum
392 2862 501 2920 agmen
517 2847 699 2908 claudebant
713 2848 933 2923 praesidioque
948 2850 1033 2925 inpe-

66 2932 206 2991 dimentis
221 2937 315 2990 erant.
345 2929 471 3004 Equites
487 2933 583 2992 nostri
606 2948 675 2991 cum
690 2931 895 2992 funditoribus
910 2935 1033 3008 sagitta-

63 3016 179 3090 riisque
190 3013 304 3075 flumen
315 3016 501 3088 transgressi
513 3032 581 3075 cum
592 3015 725 3076 hostIum
738 3017 873 3091 equitatu
883 3019 1033 3091 proelium

65 3099 289 3160 commiserunt.
333 3098 406 3157 Cum
428 3113 462 3158 se
483 3099 525 3159 illi
545 3100 709 3163 identidem
729 3099 760 3158 in
782 3100 876 3160 silvas
898 3103 938 3160 ad
959 3119 1034 3163 suos

65 3184 236 3258 reciperent
257 3197 293 3241 ac
315 3199 422 3242 rursus
445 3198 484 3242 ex
506 3186 584 3243 silva
604 3184 634 3243 in
651 3190 774 3244 nostros
790 3185 937 3260 impetum
953 3187 1033 3247 Iace—
1070 3254 1073 3259 ,

65 3274 139 3343 rent,
155 3282 255 3342 neque
269 3267 364 3326 nostri
378 3268 508 3342 lonqus,
526 3284 616 3344 quam
630 3269 772 3342 quemad
786 3270 878 3328 linem
892 3278 1036 3344 porrecte

64 3353 133 3411 loca
146 3360 253 3428 aperta
268 3350 468 3426 pertinebant,
487 3353 631 3411 cedentes
647 3353 768 3427 insequi
783 3353 942 3429 auderent,
957 3355 1033 3414 inte

65 3435 118 3493 rim
134 3437 270 3510 legiones
287 3452 352 3499 sex.
370 3450 448 3510 quae
463 3436 579 3511 primae
592 3443 754 3510 venerant,
782 3452 876 3512 opere
893 3437 1033 3500 dimenso

64 3524 164 3577 castra
178 3521 296 3579 munire
311 3527 486 3594 coeperunt.
516 3521 575 3581 Ubi
589 3520 687 3595 prima
707 3520 915 3594 Inpedimenta
934 3523 1033 3585 nostri
1073 3554 1076 3561 ·

63 3602 217 3662 exercitus
238 3604 276 3662 ab
298 3605 349 3677 iis,
376 3603 427 3679 qui
441 3603 471 3662 in
486 3604 571 3664 silvis
587 3604 678 3663 abditi
694 3604 843 3679 latebant,
867 3605 937 3665 visa
951 3614 1031 3680 sunt,
1070 3664 1076 3671 .

64 3685 147 3760 quod
169 3692 287 3760 tempus
309 3688 386 3747 iuter
407 3702 461 3746 eos
483 3687 689 3748 committendi
709 3689 818 3762 proelii
833 3700 1031 3758 convenerat.

62 3783 96 3830 ιιι
109 3768 187 3828 intra
207 3768 300 3829 silvas
315 3772 412 3831 aciem
426 3771 612 3847 ordinesque
628 3772 848 3835 constituerant
860 3780 954 3852 atque
967 3774 1031 3853 ipsi
1070 3798 1073 3803 ·
