2272 4176
130 467 193 531 268
449 469 500 530 DE
520 467 645 531 BELLO
668 469 784 531 clvmt
818 538 821 543 ,

131 621 170 681 ab
191 619 229 681 iis
252 620 363 681 caesar
383 621 461 683 haec
480 624 561 683 facta
587 623 746 698 cognovit,
775 622 829 699 qai
856 622 989 687 sermoni
1012 623 1089 684 inter
1132 635 1134 657 ¹

130 707 269 774 luerunt3
297 713 424 768 conatus
444 713 545 768 tamen
559 708 652 769 nihilo
666 707 768 767 minus
782 714 833 769 est
845 708 914 771 aliie
926 708 1089 784 rationibus,
1132 708 1134 729 ²

130 806 187 866 per
202 791 365 867 colloquia,
381 793 420 852 de
434 800 512 867 pace
526 807 627 868 agere.

214 875 291 935 XIX.
327 877 408 936 Inter
419 877 492 936 bina
504 877 605 938 castra
615 875 742 951 Pompei
754 882 849 955 atque
860 874 1003 937 caesaris
1012 892 1090 937 unum

131 957 245 1020 flumen
259 966 375 1021 tantum
389 961 533 1022 intererat
546 963 662 1037 Apsus,
684 961 855 1037 crebraque
868 961 950 1021 inter
963 976 1000 1021 se
1014 962 1090 1023 collo

133 1044 205 1120 quia
230 1045 341 1106 milites
364 1044 533 1121 habebant,
560 1061 661 1121 neque
681 1046 776 1106 ullmn
796 1045 920 1105 interim
939 1047 1032 1107 telum
1048 1060 1091 1120 per

130 1128 290 1204 pactiones
313 1130 501 1205 loquentium
514 1130 719 1191 traiciebatur.
747 1129 837 1190 Mittit
850 1130 883 1189 P.
895 1130 1048 1190 Vatinium
1058 1131 1091 1189 le

131 1221 232 1289 gotum
247 1215 285 1273 ad
300 1216 398 1290 ripam
413 1214 513 1290 ipsam
528 1214 672 1289 fluminis,
694 1213 746 1289 qui
761 1230 806 1289 eu,
823 1229 907 1291 quae
920 1215 1049 1274 manime
1061 1214 1092 1273 ad

130 1314 239 1373 pacem
254 1301 406 1374 pertinere
419 1300 604 1373 viderentur,
621 1304 726 1373 ageret
743 1304 773 1358 et
787 1298 897 1358 crebro
909 1313 1021 1374 magna
1029 1312 1092 1358 voce

130 1384 353 1459 pronuntiaret,
380 1383 525 1443 liceretne
546 1384 664 1444 civibus
684 1383 725 1442 ad
740 1382 824 1443 cives
839 1382 880 1442 de
894 1398 976 1458 pace
990 1382 1092 1458 legatos

130 1467 256 1542 mittere,
273 1469 461 1544 quodetiam
476 1468 610 1545 fugitivis
625 1469 664 1528 ab
679 1468 760 1528 saltu
769 1467 933 1546 Pyrenaeo
944 1465 1090 1543 praedoni·

130 1550 251 1627 busque
272 1552 425 1627 licuisset,
451 1553 632 1628 praesertim
654 1567 723 1613 cum
744 1552 777 1612 id
797 1560 940 1627 agerent,
962 1567 1003 1611 ne
1024 1551 1092 1612 cives

132 1650 200 1695 cum
213 1637 330 1698 civibus
346 1637 437 1697 armis
452 1638 665 1698 decertarent?
680 1635 775 1696 Multa
788 1637 975 1711 suppliciter
988 1637 1092 1697 locutus

132 1728 192 1796 cst,
213 1727 247 1780 ut
261 1722 299 1780 de
315 1737 372 1781 sua
385 1729 477 1797 atque
492 1723 625 1784 omnium
640 1723 738 1781 salute
753 1721 900 1796 debebat,
924 1721 1093 1796 silentioque

130 1804 169 1864 ab
190 1807 328 1881 utrisque
348 1806 491 1867 militibus
512 1807 643 1867 auditus.
672 1807 871 1881 Responsum
889 1811 941 1866 est
960 1806 1001 1865 ab
1015 1807 1093 1865 alten

132 1897 218 1965 parte
232 1892 269 1950 A
285 1893 456 1952 Varronem
476 1891 613 1968 profiteri
629 1907 664 1951 se
679 1891 774 1950 altera
788 1890 838 1949 die
853 1890 894 1949 ad
909 1891 1092 1966 conloquiun
1131 1914 1134 1957 ε

130 1982 290 2035 venturum
312 1984 404 2052 atque
419 1977 572 2052 visurum,
594 1975 852 2051 quemadmodum
867 1981 934 2035 tuto
949 1975 1041 2050 legati
1052 1988 1093 2033 ve·

131 2059 196 2120 nire
217 2069 247 2121 et
262 2078 340 2136 quae
355 2064 469 2120 vellent
482 2076 639 2135 exponere
654 2068 800 2135 possent,
823 2067 1007 2135 certumque
1016 2060 1048 2119 ei
1058 2056 1092 2118 rei

132 2151 251 2220 tempus
274 2147 474 2207 constituitur.
504 2146 569 2219 Quo
585 2161 653 2207 cum
668 2151 752 2204 osset
766 2149 892 2219 postero
909 2144 960 2203 die
974 2149 1092 2217 ventur,

130 2245 242 2304 magna
261 2232 412 2306 utrimque
433 2231 591 2290 multitudo
607 2229 764 2303 convenit,
785 2243 960 2303 magnaque
976 2237 1042 2288 erat
1052 2242 1094 2288 ex·
1132 2232 1134 2245 '

131 2314 264 2387 pectatio
283 2316 349 2374 eius
373 2316 433 2387 rei,
468 2323 561 2389 atque
582 2314 715 2377 omnium
738 2313 828 2372 animi
849 2313 955 2372 intenti
976 2329 1047 2374 esse
1064 2310 1095 2371 ad

130 2413 238 2473 pacem
252 2399 442 2458 videbantur.
473 2401 540 2474 Qua
550 2417 589 2460 ex
602 2398 773 2475 frequentia
782 2399 814 2457 T.
827 2397 985 2458 Labienus
998 2396 1093 2474 prodit,

130 2483 295 2541 summissa
310 2484 448 2543 oratione
463 2485 548 2560 loqui
563 2486 601 2544 de
617 2500 694 2560 pace
709 2490 800 2556 atque
812 2483 954 2541 altercari
968 2498 1037 2543 cum
1046 2484 1095 2541 Va·

130 2566 202 2627 tinio
224 2566 338 2641 incipit.
374 2568 510 2641 Quorum
532 2571 662 2630 mediam
688 2567 858 2629 orationem
882 2566 1096 2643 interrumpunt

130 2652 230 2712 subito
245 2652 381 2727 undique
396 2655 457 2713 tela
471 2654 613 2723 inmissu;
629 2669 708 2729 quae
723 2652 928 2727 illeobteotus
946 2653 1040 2712 armis
1052 2650 1097 2708 nri-

130 2737 213 2796 litum
236 2737 354 2796 vitavit:
379 2739 577 2797 vulnerantur
596 2746 696 2798 tamen
712 2737 902 2811 complureS,
924 2736 955 2795 in
971 2736 1020 2796 his
1035 2735 1096 2796 Cor·

130 2822 228 2882 nelius
242 2820 367 2895 Balbus,
381 2823 421 2882 Μ.
437 2823 563 2898 Plotius,
584 2822 617 2880 L.
632 2821 794 2895 Tiburtius,
818 2821 1017 2880 centuriones
1032 2817 1096 2879 rnili-

131 2913 238 2979 tesque
253 2909 398 2966 nonnulli.
427 2909 503 2967 Tum
516 2907 685 2966 Labienus:
706 2906 837 2965 desiratae
851 2921 925 2978 erpo
943 2905 982 2965 de
992 2919 1096 2981 compe

128 2991 230 3050 atione
246 2993 341 3064 loqui:
358 3010 428 3052 aare
445 2994 526 3053 nobis
537 2995 597 3052 nisi
609 2991 745 3051 Caesaris
755 2992 959 3064 capiterclato
968 3007 1036 3065 poa
1045 3004 1097 3050 carc

130 3078 212 3135 natta
220 3082 322 3149 potest.

213 3159 276 3218 XX.
319 3160 421 3218 Isdem
439 3160 626 3233 temporibus
647 3158 686 3216 itt.
712 3158 832 3217 Coelius
854 3158 955 3218 Rulus
981 3164 1098 3232 praetor

131 3260 224 3303 causa
235 3242 405 3303 debitorum
418 3252 562 3317 suscepta
573 3243 656 3302 initio
668 3242 863 3316 magistratus
874 3242 1007 3302 tribunal
1017 3256 1098 3301 suum

129 3330 214 3388 iuxta
229 3328 259 3388 C.
271 3327 410 3400 Treboni,
426 3328 578 3403 praetoris
593 3326 709 3400 urbani,
726 3326 831 3386 sellam
847 3326 1012 3386 collocavit
1026 3332 1062 3400 et,
1075 3324 1097 3384 si

131 3415 199 3488 quis
226 3413 446 3489 appellavisset
470 3413 508 3472 de
534 3413 746 3473 aestimatione
771 3418 799 3470 et
824 3411 863 3470 de
888 3411 1097 3481 solutionibus,

130 3514 209 3572 quae
229 3514 285 3572 per
312 3497 456 3558 arbitrum
477 3498 599 3571 fierent,
624 3505 658 3557 ut
678 3497 792 3557 Caesar
819 3511 970 3570 praesens
992 3493 1098 3556 consti·

129 3588 243 3657 tuerat,
268 3583 334 3643 lore
359 3583 472 3645 auxilio
498 3583 709 3660 pollicebatur.
745 3580 808 3640 Sed
832 3580 926 3640 fiebat
950 3580 1098 3656 aequitate

130 3665 244 3724 decreti
266 3674 295 3727 et
314 3666 500 3729 humanitate
520 3667 660 3737 Treboni,
687 3665 739 3741 qui
760 3664 808 3725 his
829 3665 1023 3741 temporibus
1044 3666 1097 3726 cle

129 3756 245 3811 menter
260 3758 290 3811 et
303 3753 459 3813 moderate
473 3754 520 3813 ius
536 3752 700 3811 dicendum
715 3748 916 3826 existimabat,
932 3756 965 3812 ut
975 3746 1097 3828 reperiri
