2272 4176
68 468 110 534 34
361 470 413 533 DE
433 472 557 534 BELLO
582 471 745 534 adunco

68 642 128 704 que
142 626 263 703 idoneo,
280 628 365 703 quod
378 626 405 687 is
418 627 520 703 collis,
535 625 588 687 ubi
606 632 708 686 castra
723 625 826 702 posita
843 631 941 701 erant,
958 636 1017 701 pnt-

68 714 160 773 lulum
191 727 230 771 ex
260 714 391 788 planicie
416 715 515 775 editus
539 717 654 773 tantum
679 710 831 771 adversus
855 710 886 770 in
909 704 1019 771 latitudi-

68 813 136 857 nem
152 797 289 872 patebat,
317 805 462 872 quantum
475 797 536 858 loci
550 795 633 855 acies
650 795 801 857 instructa
815 809 964 871 occupare
975 806 1016 868 po·

67 888 159 955 terat,
184 887 277 958 atquc
292 897 331 940 ex
345 889 474 956 utroque
488 888 575 957 parte
589 879 693 940 lateris
710 878 849 939 deiectus
865 878 1017 940 habebatct

67 965 234 1026 inlrontenr
245 966 517 1040 leniteriastigatus
533 964 677 1040 paulatim
689 964 729 1023 ad
739 962 901 1039 planiciem
911 960 1024 1033 redibat.

66 1050 104 1110 ab
120 1057 251 1125 utroque
264 1050 358 1108 latere
373 1050 439 1109 cius
456 1050 542 1110 collis
557 1055 766 1109 transversum
781 1048 899 1108 iussam
912 1040 1019 1109 obduxit

67 1134 187 1193 circiter
202 1149 350 1208 passuum
366 1151 399 1192 cu
421 1141 451 1194 et
471 1135 512 1194 ad
527 1139 679 1193 extremas
700 1133 803 1192 fossas
827 1133 1019 1192 castellame-

66 1219 161 1277 stituit
174 1217 277 1291 ibique
291 1224 440 1278 tormenta
454 1218 639 1291 conlocavit,
655 1233 709 1290 nc,
732 1232 800 1275 cum
815 1217 912 1276 aciem
928 1216 1019 1276 insuu-

66 1304 172 1375 xisset,
188 1301 303 1375 hostes,
321 1303 405 1377 quod
420 1308 534 1363 tantun
548 1300 738 1363 multitudine
750 1306 901 1376 poterunt,
916 1300 952 1359 ab
962 1301 1020 1383 late¹

66 1387 151 1447 ribus
172 1392 344 1459 pugnantes
367 1403 442 1447 suos
466 1385 685 1447 circumvenire
707 1390 847 1458 possent.
876 1384 1021 1457 Hoclucto

66 1470 185 1529 duabus
199 1469 379 1547 legionibus
397 1488 473 1546 quas
485 1471 624 1547 proxime
636 1468 873 1544 conscripserat,
889 1463 1023 1529 incastris

64 1554 194 1625 relictis,
212 1562 257 1627 ut,
272 1555 299 1613 si
315 1573 376 1629 quo
393 1571 472 1631 opus
489 1561 581 1629 esset,
597 1552 737 1614 subsidio
752 1552 824 1613 duci
840 1558 1024 1628 possentne

66 1638 166 1712 liquas
182 1653 239 1696 sex
255 1639 392 1713 legiones
408 1656 465 1715 pro
482 1639 591 1699 castris
606 1638 636 1697 in
650 1636 716 1697 acie
732 1637 899 1698 constituit.
925 1637 1026 1697 Hostes

67 1721 136 1782 item
151 1738 224 1782 suas
241 1723 347 1797 copias
363 1741 402 1784 ex
418 1724 526 1784 castris
543 1724 670 1783 eductas
685 1721 903 1785 instruxerant.

149 1808 197 1866 lX.
221 1807 312 1866 Palus
334 1815 400 1868 erat
420 1824 481 1868 non
501 1823 611 1882 magna
632 1805 710 1865 inter
725 1810 864 1865 nostrum
879 1813 971 1881 atque
983 1804 1027 1864 hc

66 1890 157 1951 stiun
173 1892 348 1951 exercitum.
378 1894 465 1952 Hanc
488 1893 515 1952 si
530 1888 634 1951 nostri
649 1888 829 1965 transirent,
856 1890 963 1951 hostes
984 1903 1029 1948 cx·

67 1975 245 2050 pectebaut;
261 1977 357 2036 nostri
373 1984 482 2051 autem,
498 1976 524 2036 si
539 1976 577 2035 ab
591 1973 650 2034 illis
665 1972 782 2033 initium
789 1974 971 2035 transeundi
985 1973 1030 2033 fle·

66 2066 126 2134 ret,
152 2066 185 2120 ut
204 2060 369 2135 impeditos
385 2062 639 2136 adgrederentur,
664 2055 762 2132 parati
784 2057 923 2119 inarmis
945 2061 1031 2117 eraut

67 2144 187 2204 interim
207 2147 323 2220 proelio
344 2146 479 2222 equestri
498 2147 576 2205 inter
592 2145 670 2204 duos
686 2142 769 2202 acics
788 2142 1031 2203 contendebatur.

66 2228 124 2288 Ubi
140 2230 239 2289 neutri
250 2231 428 2289 transeundi
440 2230 556 2288 initium
568 2227 691 2302 iaciunt,
704 2226 891 2287 secundiore
904 2226 1031 2303 equitum

65 2313 184 2385 proelio
200 2314 313 2372 nostris
323 2314 435 2372 Caesar
451 2329 525 2372 suos
538 2313 568 2370 in
582 2313 684 2371 castra
692 2311 824 2371 reduxit.
840 2310 955 2373 Hostes
968 2327 1031 2387 pro

66 2395 147 2453 tinus
163 2410 254 2456 exeo
271 2396 339 2456 loco
356 2397 395 2454 ad
410 2395 523 2455 llumen
537 2397 679 2455 Axonam
694 2396 933 2472 contenderunt,
957 2392 1031 2472 quod

65 2492 137 2536 esse
151 2485 224 2552 post
241 2487 347 2539 nostru
368 2488 468 2539 castra
489 2480 728 2539 demonstratum
743 2486 800 2540 est.
829 2480 874 2540 Ibi
888 2481 977 2541 vadis
991 2494 1031 2541 re

66 2561 161 2635 pertis
177 2569 294 2637 partem
309 2579 433 2624 suarum
446 2563 604 2637 copiarum
616 2564 779 2625 traducere
791 2564 893 2625 conati
906 2571 986 2640 sunt,
1000 2578 1031 2625 eo

65 2645 209 2719 consilio,
227 2653 272 2722 ut,
289 2647 315 2707 si
331 2654 475 2722 possent,
493 2650 666 2724 castellum,
689 2648 738 2708 cui
753 2654 895 2724 praeerat
910 2649 943 2724 Q.
958 2650 1031 2710 'litu-

18 2773 21 2777 .
64 2728 128 2787 rius
144 2731 279 2805 legatus,
295 2737 508 2806 expugnarent
520 2738 709 2808 pontemque
724 2731 995 2803 interscinderent;
1010 2730 1031 2791 si

64 2813 164 2873 minus
180 2815 360 2889 potuissent,
376 2831 468 2889 agros
483 2817 648 2878 Remorum
662 2819 892 2893 popularentur,
909 2818 962 2893 qui
976 2832 1031 2876 ma

64 2913 123 2971 gno
140 2898 229 2958 nobis
244 2900 313 2959 usui
328 2901 368 2959 ud
382 2900 496 2960 bellurn
511 2903 679 2976 gerendum
694 2907 789 2977 erant,
805 2909 1031 2979 commeatuque

66 2990 187 3043 nestros
203 2984 411 3058 prohiberent.

146 3066 182 3124 X.
207 3067 319 3127 Caesar
341 3069 452 3129 certior
472 3071 572 3131 iactus
594 3070 633 3130 ab
654 3069 769 3130 Titurio
786 3085 906 3130 omnem
921 3072 1030 3147 equita·

65 3157 125 3209 turn
142 3156 172 3209 et
186 3151 262 3210 levis
284 3160 455 3213 armaturae
468 3154 629 3227 Numidas,
656 3154 826 3215 funditores
848 3156 1031 3230 sagittarios·

64 3250 124 3309 que
140 3242 263 3309 pontem
281 3237 411 3296 traducit
425 3243 516 3313 atque
536 3238 577 3297 od
598 3252 654 3297 eos
676 3238 840 3299 contendit.
870 3240 992 3300 Acriter
1006 3240 1031 3303 in

64 3334 102 3379 eo
117 3321 186 3380 loco
202 3327 369 3395 pugnatum
385 3328 441 3382 est.
456 3323 570 3383 Hostes
585 3321 740 3395 inpeditos
755 3321 852 3383 nostri
867 3322 898 3382 in
913 3323 1031 3384 iliuninc

63 3403 203 3477 adgressi
215 3422 357 3479 magnum
369 3422 475 3466 eorum
486 3420 645 3466 numerum
658 3406 850 3467 occiderunt=
863 3421 1031 3482 percorum

63 3501 196 3561 corpora
215 3490 352 3566 reliquos
375 3491 580 3551 audacissime
596 3488 726 3549 transire
742 3496 889 3551 conantes
903 3492 1031 3553 multitu·

63 3569 132 3628 dine
144 3574 477 3650 telorurnrepulerunt;
493 3574 619 3651 primos,
635 3574 885 3649 quitransierant,
901 3578 1031 3653 equitatu

63 3652 288 3718 circumventos
303 3659 529 3720 interfecerunt.
544 3659 658 3735 Hostes
673 3657 725 3717 ubi
737 3660 817 3719 etde
829 3662 1031 3735 expugnando

64 3738 179 3817 oppido
194 3745 225 3799 et
239 3741 279 3801 de
293 3741 420 3841 flumine
434 3742 621 3811 transeundo
636 3757 725 3821 spem
740 3759 776 3809 se
790 3742 939 3807 fefellisse
948 3745 1031 3809 intel·
