2272 4176
52 39 248 97 weverae-e·-
302 40 330 57 ··

53 88 66 127 1,
76 92 85 103 “·
167 86 180 97 ’“

370 116 373 123 ’
412 134 633 197 arrsrouan·
932 134 998 203 441
1039 110 1042 115 ’

52 308 131 365 teser
144 292 180 349 iis
199 290 311 363 litteris,
332 291 431 364 quibus
448 290 514 349 mibi
529 292 681 365 gratulatur
695 297 722 348 et
736 292 829 350 omnia
841 295 996 367 pollicetur,

52 377 168 438 comodo
183 378 286 434 exultat
301 373 411 433 Catonis
427 377 455 432 in
469 393 514 433 me
529 376 707 449 ingratissimi
720 377 834 433 iniuria!
860 368 863 375 ’

101 461 183 521 Idem
194 461 257 518 111.
271 458 308 532 3,
330 459 387 521 112
413 461 461 517 llle
477 461 543 517 mihi
556 462 659 517 litteras
674 461 791 518 blandas
807 462 892 519 mittit.

452 548 492 615 (a.
508 541 572 615 49.)

106 630 161 689 Cic.
173 631 213 687 od
224 630 276 687 mi.
294 629 366 701 VII,
387 630 444 700 21,
466 627 502 689 3:
524 630 586 702 lpse
601 647 645 685 me
658 628 761 686 Caesar
773 630 809 686 ad
819 648 920 703 pacem
930 632 997 690 hor·

52 720 103 773 tur.
146 713 207 772 Sed
221 716 388 786 antiquiores
404 715 524 784 litterae,
549 730 631 785 quarn
646 730 727 770 ruere
744 717 842 787 coepit.

103 797 185 857 Ide'm
194 800 256 856 ibid.
265 796 320 868 23,
334 796 370 858 3=
395 797 522 855 Caesaris
534 799 684 854 litterarum
696 802 854 872 exemplum
865 801 913 860 libi
923 803 995 860 misi.

102 883 183 941 Idem
196 884 259 940 ibid.
281 881 370 954 VIII,
392 882 426 951 2,
448 881 481 941 12
510 882 571 955 Ego
593 882 629 938 ad
645 880 794 939 Caesarem
815 901 885 941 unas
900 885 996 960 Capua

52 972 126 1025 teras
138 968 221 1038 dedi,
243 969 340 1039 quibus
356 967 393 1022 ad
408 973 447 1022 ea'
456 967 602 1039 rescripsi,
623 983 694 1038 quae
710 984 818 1024 mecum
830 970 874 1025 ille
886 970 922 1026 de
934 973 994 1045 gla-

52 1055 176 1109 atoribus
197 1053 255 1107 suis
270 1057 374 1124 egerat.
414 1052 524 1106 Alteras
540 1050 640 1106 eodem
657 1051 702 1107 die
718 1052 799 1122 dedi,
823 1069 876 1123 quo
891 1054 943 1111 has
957 1056 994 1112 ad
1071 1042 1075 1053 ’

52 1158 61 1192 ·.
92 1137 158 1192 Non
179 1137 256 1208 potui
277 1152 332 1191 non
353 1135 437 1205 dare,
464 1151 527 1190 cum
549 1135 655 1207 etipse
679 1136 715 1191 ad
736 1153 780 1192 me
795 1139 954 1211 scripsisset
968 1146 994 1196 et
1068 1179 1072 1185 -

52 1222 133 1279 albus.

101 1304 185 1364 Idem
203 1304 264 1360 ibid.
284 1301 339 1373 11,
361 1300 395 1364 5:
424 1303 505 1372 Quod
527 1305 653 1376 quaeris,
677 1304 744 1376 quid
765 1302 868 1361 Caesar
890 1308 992 1365 adme

52 1391 180 1464 ripserit,
202 1388 276 1460 quod
291 1404 392 1460 saepe,
414 1389 600 1461 gratissimum
611 1389 663 1444 sibi
678 1406 757 1457 esse,
780 1391 855 1460 quod
867 1392 991 1465 quierInr,

52 1482 152 1548 alque,
183 1474 211 1528 in
231 1490 264 1527 eo
286 1478 315 1526 ut
335 1488 524 1544 perseverem.
569 1473 670 1528 Balbus
691 1473 780 1527 minor
800 1474 871 1529 haec
892 1477 991 1533 eadem

52 1560 161 1617 indata.
196 1557 300 1614 Balbus
314 1557 353 1612 ad
366 1555 419 1613 Cic.
433 1558 496 1613 ibid.
509 1554 599 1625 1511,
620 1554 655 1616 3=
678 1557 755 1612 Balbi
771 1559 825 1612 mei
837 1559 929 1630 tuique
942 1562 991 1617 ad·

52 1650 102 1702 ntu
125 1643 293 1697 delectatum
313 1647 341 1697 te
362 1641 445 1698 valde
465 1641 585 1712 gaudeo.
629 1642 655 1695 ls
675 1657 866 1712 quaecumque
887 1645 934 1699 tibi
956 1645 989 1701 de

52 1744 141 1787 esarc
154 1723 238 1794 dixit,
261 1714 388 1796 duaeque
401 1724 504 1781 Caesar
515 1725 639 1796 scripsit,
660 1726 734 1793 scio,
756 1741 786 1780 re
798 1726 844 1781 tibi
855 1728 989 1799 probabit,

52 1826 215 1881 uocumque
229 1812 338 1865 fortuna
353 1811 411 1864 eius
426 1809 521 1878 luerit,
544 1810 690 1865 verissime
706 1809 861 1880 scripsisse.
898 1855 900 1860 .

101 1895 160 1954 Cic.
169 1895 208 1949 ad
216 1894 268 1950 Aa.
274 1892 326 1950 IX
327 1884 339 1965 ,⁴
350 1894 370 1954 6
380 1893 419 1949 A.-
440 1893 544 1951 Caesar
557 1896 621 1966 imp.
633 1909 655 1949 a.
668 1894 693 1948 d.
706 1893 830 1950 Ciceroni
838 1897 904 1969 imp.
926 1896 990 1953 Cum
1041 1932 1044 1938 -

52 1983 157 2039 mium
174 1985 296 2034 nostrum
316 1983 419 2034 lantum
439 1979 577 2047 oidi'asem,
599 1993 685 2050 aeque
700 1979 775 2050 loqui
789 1994 877 2052 neque
893 1982 990 2038 audire

52 2084 67 2124 e
90 2063 235 2122 commodo
249 2065 413 2134 potuissem,
434 2077 622 2134 properarem
643 2068 722 2134 alque
743 2077 829 2118 essem
848 2066 877 2121 in
896 2068 991 2122 itinere

52 2150 179 2208 remissis
193 2149 248 2202 iam
262 2148 420 2219 iepionibas,
436 2150 595 2218 praeterire
609 2153 697 2202 tomen
712 2163 766 2203 non
774 2151 868 2220 potui,
889 2154 952 2223 quin
967 2157 993 2207 et

52 2236 167 2291 aberent
183 2231 222 2286 ad
240 2236 265 2286 te
281 2237 307 2286 et
318 2233 393 2287 illum
407 2235 537 2287 mitterem
552 2234 711 2304 arctiusque
730 2247 856 2304 operem3
875 2238 926 2291 etsi
940 2236 991 2291 boc

52 2320 113 2381 feei
126 2330 214 2387 coepe
230 2320 256 2371 el
268 2318 378 2387 saepius
391 2317 458 2373 mibi
468 2316 597 2387 fecturus
611 2317 720 2372 videor:
740 2319 778 2372 ila
793 2319 826 2373 de
843 2333 885 2375 me
902 2335 990 2375 mere-

52 2444 58 2460 .
98 2400 245 2473 Imprimis
256 2417 273 2454 a
284 2405 309 2455 le
315 2408 395 2472 pelo,
412 2403 538 2473 quom'om
549 2401 653 2472 confido
664 2415 706 2456 me
717 2402 840 2458 celeriter
851 2404 890 2458 ool
898 2404 991 2459 orbem

52 2492 177 2554 iturum,
199 2490 228 2540 ut
246 2490 271 2540 te
291 2484 328 2540 ibi
342 2486 460 2554 videam,
482 2487 707 2555 cumconsilio,
727 2488 833 2558 prolia,
856 2488 991 2561 clipnitele,

52 2588 61 2629 t
75 2571 203 2629 omnium
216 2584 310 2624 rerum
323 2572 363 2624 uti
368 2571 481 2642 poesim.
523 2569 744 2641 Adpropoailum
754 2576 893 2626 revertar.-
912 2572 991 2644 festi·

52 2657 122 2714 tioni
137 2668 215 2709 meae
229 2653 400 2726 brevitatique
414 2657 565 2711 litterarum
578 2657 708 2726 ipnoacea.
740 2654 857 2727 Reliqua
867 2670 904 2712 ee
915 2656 991 2713 Fur·

52 2752 232 2811 wopnoaees.

98 2823 181 2879 Idem
194 2821 255 2877 ibid.
272 2818 327 2890 15,
348 2820 380 2881 1:
410 2824 472 2892 llle,
494 2827 523 2876 ut
537 2822 573 2878 ad
588 2840 632 2878 rne
647 2823 772 2895 scripsit,
794 2823 920 2895 legiones
934 2823 991 2879 sin·

52 2910 98 2966 las
113 2907 209 2979 posuit
222 2905 377 2976 Brundisii,
398 2907 524 2975 Tarenti,
546 2905 661 2978 Siponti.

98 2991 181 3048 Idem
190 2990 252 3044 ibid.
266 2989 321 3060 16,
342 2989 375 3048 1=
405 2991 507 3048 Caesar
526 2994 590 3063 imp.
608 2991 732 3048 Ciceroni
743 2995 807 3063 imp.
825 3007 847 3048 a.
861 2993 888 3047 d.
907 2991 992 3049 Recte

52 3078 171 3151 pararis
187 3075 220 3129 de
236 3089 279 3129 me
296 3075 375 3144 (bene
389 3079 458 3131 enim
470 3076 515 3130 tibi
524 3078 644 3148 cognitas
654 3072 727 3151 sain)
739 3077 806 3132 nibil
817 3093 835 3131 α
845 3092 887 3132 me
898 3077 992 3134 abesse

52 3163 125 3235 ipsias
145 3159 311 3215 emedelilole.
353 3160 439 3232 Atque
459 3174 506 3231 epo
524 3176 635 3216 cumeae
649 3163 710 3232 ipisci
724 3176 756 3216 re
770 3178 898 3233 maenam
913 3165 991 3234 capio

52 3247 197 3319 baptistam,
216 3248 271 3298 tum
289 3259 376 3300 meeum
388 3246 493 3317 foetam
505 3245 622 3315 probari
635 3245 683 3301 obs
698 3251 721 3301 le
736 3246 870 3317 triumpho
883 3249 991 3319 paedia.

52 3344 115 3403 apae
125 3330 244 3385 illudme
254 3335 353 3399 movet,
369 3330 440 3402 quod
450 3331 482 3399 ii,
497 3332 545 3402 qai
554 3347 571 3384 e
581 3344 623 3385 me
634 3331 737 3385 dimissi
744 3335 821 3400 aunt,
837 3331 992 3388 discessisse

52 3419 156 3485 amiur,
170 3418 201 3470 ui
211 3412 278 3470 milti
286 3429 386 3471 rursus
396 3415 492 3471 bellum
503 3415 652 3486 inferrem.-
670 3415 737 3473 nibai
747 3416 818 3472 enim
828 3416 898 3490 melo
910 3431 992 3493 quom
