2272 4176
461 109 576 171 LIBER
596 110 662 170 Vll.
979 110 1040 173 159

62 260 121 322 viis
142 266 176 323 et
193 259 338 323 Aulercis
358 260 582 323 Eburovicibus
605 269 707 332 terna;
734 271 821 323 terna
842 266 987 324 Rauracis
1009 271 1039 323 et

60 346 164 417 Boiis;
190 362 259 407 xxx
278 346 432 407 universis
454 347 641 421 civitatibus,
675 363 754 422 quae
777 348 930 407 Oceanum
951 350 1036 408 attin-

61 438 136 506 gunt
150 445 298 507 quaeque
320 447 425 492 eorum
447 432 669 493 consuetudine
682 432 860 493 Armoricae
883 434 1037 508 appellan-

61 524 116 590 tur,
130 532 195 592 quo
208 522 283 576 sunt
296 517 327 575 in
339 533 464 577 numero
475 517 681 591 Curiosolites,
695 517 850 592 Redones,
861 516 1039 591 Ambibarii,

61 601 192 676 Caletes,
210 600 332 675 Osismi‚
347 601 536 675 Lemovices,
552 602 661 662 Unelli.
675 601 723 659 Ex
730 601 777 661 his
785 602 940 661 Bellovaci
949 617 1038 661 suum

61 702 225 747 numerum
239 704 300 746 non
317 689 561 761 compleverunt,
584 686 666 762 quod
684 702 718 746 se
734 703 791 747 suo
808 687 930 746 nomine
945 694 1038 761 atque

60 770 186 833 arbitrio
209 787 280 831 cum
293 772 439 832 Romanis
460 772 571 831 bellum
597 778 740 846 gesturos
767 771 910 831 dicebant
936 786 1038 846 nequc

60 857 247 932 cuiusquam
274 857 401 931 imperio
434 856 716 931 obtemperaturos;
748 857 846 930 rogati
872 863 972 916 tarnen
998 855 1036 915 ab

57 940 197 1003 commta
213 956 272 1016 pro
288 941 354 1000 eius
370 940 503 1016 hospitio
519 942 580 1001 duo
596 941 677 1000 milia
691 957 754 1000 una
767 941 924 1001 miserunt.

140 1025 278 1087 Lxxvr
298 1025 396 1086 Huius
419 1041 515 1101 opera
530 1025 726 1099 Commii,tu
713 1032 830 1085 tantea
845 1026 1035 1086 demonstra-

60 1112 176 1185 vimus,
200 1110 337 1171 fidelit
306 1118 398 1187 atque
419 1111 483 1171 utili
504 1110 715 1185 superioribus
730 1111 819 1170 annis
835 1117 900 1171 crat
914 1127 990 1171 usus
1005 1110 1034 1169 in

58 1196 217 1255 Britannia
233 1195 362 1264 Caesar,
390 1186 512 1292 quibus·
523 1197 572 1255 ille
593 1212 649 1270 pro
672 1195 786 1255 meritis
803 1196 954 1255 civitatem
969 1195 1035 1257 eius

10 1298 12 1345 ι
60 1281 216 1341 inmunem
237 1295 309 1340 csse
329 1281 477 1354 iusserat,
504 1280 570 1339 iura
590 1282 738 1354 legesque
752 1280 929 1340 reddiderat
917 1287 1036 1356 tatque

58 1367 117 1440 ipsi
108 1365 273 1425 Morinos
289 1366 476 1425 attribuerat.
504 1365 615 1423 Tamen
638 1371 722 1423 tanta
741 1365 905 1424 universae
921 1366 1035 1425 Galliae

59 1451 227 1511 consensio
243 1449 299 1509 luit
313 1450 457 1510 libertatis
472 1449 675 1509 vindicandae
687 1456 717 1508 et
729 1449 873 1523 pristinae
886 1450 956 1509 belli
970 1453 1022 1509 lau

59 1536 105 1595 dis
125 1534 380 1610 recuperandae,
404 1541 438 1595 ut
459 1549 561 1608 neque
581 1533 740 1592 beneficiis
763 1550 864 1609 neque
885 1534 1033 1594 amicitiae

58 1620 207 1680 memoria
221 1627 425 1695 moverentur,
441 1633 611 1693 omnesque
626 1624 656 1676 et
671 1616 771 1678 animo
787 1626 817 1678 et
832 1619 943 1693 opibus
958 1620 988 1679 in
1003 1620 1032 1679 id

10 1757 12 1763 .
59 1704 173 1765 badum
186 1704 408 1764 incumberent.
439 1704 559 1764 Coactis
575 1703 711 1777 equitum
725 1719 783 1761 v111
798 1703 919 1762 milibus
937 1711 967 1763 et
979 1720 1032 1778 pe·

60 1788 152 1849 ditum
169 1789 291 1850 circiter
302 1804 352 1848 err.
363 1789 460 1849 hacc
451 1806 482 1848 m
489 1787 687 1848 Haeduorum
702 1787 814 1847 finibus
829 1788 1032 1847 recenseban-

10 1898 20 1943 ι,
59 1882 112 1971 tur,
127 1890 340 1948 numerusque
350 1875 491 1950 inibatur,
503 1890 577 1949 prae
579 1874 640 1933 ltec
639 1890 648 1930 ι
628 1872 933 1933 t'constituebantur.
947 1874 1031 1934 Com-

10 1944 13 2025 i
60 1976 115 2020 mro
122 1959 274 2033 Atrebati,
289 1960 483 2020 Viridomaro
499 1957 779 2033 etEporedorigiH
773 1957 890 2031 aeduis,
898 1960 1029 2018 Vercas

62 2043 228 2104 sivellauno
245 2045 401 2119 Arverno,
421 2045 606 2106 consobrino
624 2042 895 2116 Vercingetorigis,
915 2060 1032 2103 summa

63 2129 177 2204 imperii
197 2129 334 2189 traditur.
362 2091 417 2189 His
434 2129 544 2189 delecti
523 2137 604 2188 tex
626 2127 798 2188 civitatibus
820 2128 1030 2204 attribuuntur,

10 2208 21 2293 :i
63 2230 189 2289 quorum
205 2214 334 2274 consilio
356 2214 468 2274 bellum
485 2213 753 2273 administraretur.
785 2211 897 2271 Omnes
913 2216 1030 2273 alacres

10 2310 20 2341 ι’
63 2305 89 2357 et
105 2298 240 2359 fiduciae
261 2300 344 2372 pleni
365 2300 405 2357 ad
419 2299 554 2359 Alesiam
577 2297 828 2371 proficiscuntur,
852 2313 953 2373 neque
968 2305 1032 2359 erat

64 2383 192 2444 omnium
209 2383 383 2458 quisquam,
401 2384 453 2458 qui
468 2391 626 2457 aspectum
643 2382 735 2442 modo
751 2388 852 2442 tantae
866 2382 1029 2442 multitudi-

13 2494 16 2501 ·
67 2468 102 2528 ris
117 2468 264 2529 sustineri
279 2483 375 2542 posse
387 2469 591 2541 arbitraretur,
607 2468 787 2542 pracsertim
802 2466 925 2541 ancipiti
940 2482 1029 2541 proe-

22 2595 29 2633 ,
66 2554 110 2629 lio,
135 2570 208 2613 cum
228 2569 268 2612 ex
291 2553 406 2627 oppido
428 2552 586 2627 eruptione
609 2559 810 2626 pugnaretur,
840 2551 913 2611 loris
928 2559 1030 2612 tantae

25 2638 31 2719 3
67 2639 163 2714 copiae
178 2638 335 2712 equitatus
351 2637 567 2712 peditatusque
582 2643 787 2697 cernerentur.
868 2688 875 2703 ‚

25 2714 33 2778 ’ἑ
135 2723 284 2783 LXXVII.
307 2722 381 2780 Atii
389 2723 465 2796 ,qui
479 2723 603 2782 Alesiae
619 2721 838 2782 obsidebantur
844 2720 1026 2818 ,praeterita

18 2779 34 2865 Ιἰ
68 2806 112 2883 lie,
128 2825 193 2883 qua
208 2807 324 2866 auxilia
338 2822 464 2866 suorum
479 2813 732 2880 expectaverant,
749 2813 932 2880 consumpto
948 2806 1026 2865 omni

29 2868 230 2952 'lumento
221 2892 312 2951 inscii
329 2890 402 2965 quid
417 2891 764 2965 inllacduisgercretur,
782 2891 1028 2952 conciliocoacto

67 2974 186 3038 leexitu
199 2993 326 3036 suarum
338 2977 525 3036 fortunarum
538 2975 760 3035 consultabant.
776 2976 823 3035 Ac
834 2974 927 3033 variis
940 2974 1027 3035 dictis

67 3062 222 3136 calendie,
233 3077 362 3135 quarum
372 3077 444 3135 pars
453 3061 543 3120 dedit
526 3068 645 3134 tionem,
653 3076 735 3135 pars,
748 3063 819 3121 dum
826 3077 907 3121 vrres
916 3080 973 3137 sup
977 3082 1028 3137 pe-

67 3148 158 3221 terent,
166 3145 364 3221 eruptionem
379 3146 531 3216 censebat,
547 3161 607 3204 non
623 3147 849 3218 praetereunda
863 3148 959 3208 oratio
969 3149 1027 3209 Cri-

66 3232 298 3305 ogmuvidetur
305 3238 432 3305 propter
440 3231 505 3289 eius
515 3229 698 3303 singularem
707 3236 738 3287 et
747 3231 893 3291 nefariam
901 3233 1028 3293 crudeli-

65 3320 149 3379 litem
164 3320 224 3381 Hic
238 3334 360 3379 summo
373 3318 401 3376 in
412 3318 556 3376 Arvernis
566 3324 649 3376 ortus
658 3317 726 3375 loco
737 3324 767 3377 et
773 3318 936 3393 magnaebt
948 3318 957 3336 “
970 3318 989 3336 ··

14 3406 26 3517 1.·
65 3404 257 3467 inpuritatis:
273 3404 367 3477 ιιιιιιι,
379 3402 483 3481 inquit,
496 3405 533 3466 de
544 3406 800 3469 commaceratio
811 3406 932 3477 ιιιόιῑιιιι

10 3528 22 3599 l
