2272 4176
266 206 310 247 nu
331 205 433 247 nunno
457 204 657 247 1vovuru1uo
680 204 707 245 c.
726 198 769 249 50.
791 198 834 248 51.
1000 186 1040 248 69

57 374 116 438 pro
139 374 173 417 re
193 360 279 433 atque
298 353 373 423 loco,
391 353 474 413 sicuti
489 360 588 414 monte
602 352 802 419 descenderat,
819 353 955 430 paulatim
970 372 1038 431 pro-

60 442 178 507 cedere,
201 438 325 497 hiarium
343 442 409 513 post
426 438 568 515 principia
586 436 713 503 habere,
737 438 798 517 ipsc
819 454 885 496 cum
908 439 1039 496 sinistrae

58 524 123 585 alae
142 520 289 601 equitibus
307 537 380 588 esse,
400 522 448 598 qui
469 523 499 579 in
521 523 635 597 agmine
651 521 798 600 principes
815 520 882 579 lacti
904 529 994 579 erant.

145 607 182 665 At
195 603 344 680 Iugurtha,
363 602 415 664 ubi
429 610 590 663 extremum
607 622 711 681 agmen
726 603 832 666 Metelli
848 606 957 680 primos
972 614 1066 663 suasu

36 697 313 769 epraetergressum
335 688 420 756 videt,
440 688 585 763 praesidio
607 689 689 766 quasi
709 689 799 749 duum
818 688 928 746 milium
945 686 1039 765 [pedi-

56 772 137 854 tum]
157 777 286 833 montem
303 776 435 847 occupat,
458 789 514 847 qua
533 770 664 831 lletellus
686 771 883 838 descenderat,
905 789 941 829 ne
965 771 1039 829 forte

58 855 231 918 cedentibus
253 854 426 931 advorsariis
446 856 577 931 receptui
604 873 638 914 ao
665 864 730 931 post
749 858 929 915 uumimento
949 854 1038 914 soret:

57 942 128 1001 dein
148 945 269 1015 repente
291 940 374 1014 signo
394 937 462 996 dato
484 938 575 997 hostis
589 939 704 997 inuadit.
738 939 879 999 Numidae
898 938 943 997 alii
959 945 1064 1013 post-t

56 1038 161 1084 remos
179 1022 310 1088 caedere,
333 1038 402 1098 pars
417 1039 433 1080 a
449 1022 565 1080 sinistra
587 1039 620 1080 ac
643 1022 743 1082 dextra
758 1031 911 1098 temptare,
935 1022 1038 1081 intensi

17 1109 163 1169 coadesse
189 1111 275 1183 atque
296 1107 420 1171 instare,
452 1104 587 1163 omnibus
608 1104 680 1163 locis
700 1105 900 1165 Romanorum
923 1106 1040 1163 ordines

56 1188 255 1255 conturbare,
278 1205 403 1265 quorum
419 1189 504 1247 etiam
523 1190 571 1265 qui
586 1189 763 1249 firmioribus
779 1192 881 1249 animis
898 1189 973 1247 oluii
987 1189 1039 1247 ho-

56 1273 153 1333 stibus
171 1270 295 1339 lucrant,
310 1271 448 1331 luditicati
465 1273 578 1331 incerto
596 1272 716 1348 proelio,
741 1275 795 1351 ipsi
817 1274 904 1331 modo
927 1275 1039 1331 cutinus

56 1354 276 1423 sauciabantur,
292 1373 388 1432 nequo
409 1362 510 1413 eontra
525 1355 650 1414 leriuudi
666 1364 715 1416 aut
730 1356 905 1416 conserundi
920 1374 1038 1415 manum

58 1441 144 1517 copia
163 1445 238 1499 crat:
254 1444 320 1497 autc
337 1440 392 1497 iam
408 1438 484 1497 docti
500 1438 536 1497 ab
558 1438 699 1513 Iugurtha
721 1443 845 1517 equites,
864 1439 915 1497 ubi
934 1440 1064 1499 boma-5

22 1540 168 1583 asnorum
191 1529 286 1582 turma
308 1523 421 1599 insequi
447 1530 601 1598 coeperat,
630 1539 689 1581 non
713 1522 866 1581 confertim
891 1540 986 1597 neque
1010 1526 1037 1581 in

56 1625 153 1668 unum
168 1623 231 1666 sese
248 1604 437 1681 recipiebant,
454 1612 498 1664 set
512 1604 584 1665 alins
602 1604 658 1665 alio
673 1624 907 1683 quammaximae
922 1606 1037 1663 ‹lii-cusi.

57 1692 101 1750 lta
115 1707 239 1751 numero
253 1690 381 1765 prioreS,
406 1690 430 1747 si
446 1688 481 1747 ab
499 1690 702 1765 persequendo
718 1690 808 1748 hostis
823 1690 972 1747 deterrere
988 1702 1067 1751 rie-o

59 1775 224 1853 quiverant,
241 1773 375 1831 disiectos
389 1771 425 1831 ab
442 1778 525 1847 tergo
540 1781 591 1831 aut
604 1772 743 1833 lateribus
758 1771 1037 1832 circumveniebant:

60 1860 107 1917 sin
125 1857 298 1935 oportunior
311 1855 398 1932 fugae
410 1854 491 1917 collis
506 1874 593 1933 quam
610 1858 704 1933 campi
719 1856 823 1925 hierat,
839 1874 871 1915 ea
889 1872 957 1915 rere
970 1872 1038 1913 con-

21 1959 49 1998 eo
59 1942 137 2001 sueti
156 1938 346 2000 Numidarum
364 1957 431 2016 equt
446 1938 530 1999 facile
546 1942 621 2000 inter
636 1939 759 2016 virgulta
775 1940 907 2000 euadere.
924 1944 1039 1997 ruistros

58 2025 201 2101 asperitas
217 2031 246 2083 et
265 2022 415 2082 insolentia
434 2021 490 2082 looi
510 2023 663 2084 retinebat.
696 2024 832 2084 Ceterum
850 2024 1085 2088 lacicstotius51

57 2109 159 2183 negoti
174 2108 253 2167 varia
270 2108 388 2175 incerta,
405 2107 489 2168 loeda
505 2114 591 2185 atquc
607 2106 794 2167 miserabilis:
810 2108 931 2183 dispersi
948 2126 962 2163 a
980 2108 1039 2164 suis

57 2207 128 2269 pars
150 2191 254 2251 cedere
274 2189 321 2249 alii
340 2192 461 2268 insequi,
481 2208 577 2269 neque
592 2194 673 2269 sigua
688 2209 783 2268 nequo
803 2192 920 2249 ordines
938 2190 1025 2247 elieser

58 2293 138 2342 vare,
161 2274 211 2335 ubi
230 2292 375 2351 quemque
395 2273 557 2351 periculum
574 2282 692 2353 ceperat
710 2276 900 2335 ibi-resistere
919 2290 952 2331 ac
971 2289 1039 2348 pro-

27 2357 194 2436 ttpulsare:
217 2358 379 2426 armatela,
397 2360 464 2437 equi
480 2360 541 2426 riri,
565 2358 662 2418 hostes
685 2366 771 2435 atque
793 2360 870 2418 eires
893 2356 1037 2433 permixti,

58 2441 130 2503 nibil
149 2440 269 2500 consilio
286 2458 383 2519 nequo
397 2443 509 2519 inper'io
526 2444 588 2519 agi,
605 2442 666 2501 sors
681 2445 775 2501 omma
795 2458 907 2517 regere.
940 2439 1064 2514 ltnquoo

59 2524 185 2585 multum
208 2525 262 2584 dici
275 2532 474 2600 processerat,
499 2543 565 2584 cum
580 2527 729 2585 etiamtum
747 2534 866 2585 emulus
882 2525 909 2581 in
928 2524 1039 2581 incerto

60 2615 131 2669 erat.
168 2607 299 2685 Denique
320 2608 455 2669 omuibus
476 2608 577 2668 labore
599 2616 628 2668 et
643 2616 723 2667 aestu
747 2610 890 2685 languidis
908 2605 1064 2670 lietellusu

58 2692 111 2753 ubi
123 2690 205 2751 ridet
220 2690 359 2751 Numidas
372 2693 468 2751 minus
482 2695 605 2759 instare,
629 2692 765 2769 paulatim
783 2692 887 2749 milites
904 2692 931 2748 in
947 2706 1038 2748 cirrum

28 2786 51 2830 3⁰
61 2776 208 2843 conducit,
231 2775 349 2836 ordines
369 2778 493 2836 restituit
512 2782 540 2835 et
564 2776 691 2835 cohortis
709 2776 882 2852 legionarias
904 2780 1039 2850 quatumr

58 2861 217 2921 advorsum
241 2858 353 2936 pedites
378 2859 505 2919 hostium
528 2859 668 2919 conlocat.
711 2860 820 2919 Eortrm
845 2876 948 2934 inagna
973 2872 1040 2932 pars

58 2942 262 3022 superioribus
283 2941 354 3002 locis
371 2942 446 3004 sessa
462 2943 643 3003 consederat.
677 2943 768 3003 Simul
783 2960 869 3001 orare
886 2947 914 2999 et
928 2940 1066 3003 bertario

57 3026 167 3087 milites
179 3044 217 3087 ne
229 3026 389 3087 delicerent
402 3044 460 3087 neu
475 3033 645 3103 paterentur
656 3026 746 3085 hostis
759 3027 894 3103 itrgientis
907 3026 1037 3083 vincere:

57 3128 157 3189 neque
173 3109 229 3169 illis
250 3114 345 3169 castra
368 3126 431 3170 esse
452 3127 548 3187 noque
563 3112 774 3169 munimentum
790 3108 890 3175 ullum,
915 3126 973 3183 quo
992 3126 1039 3167 ec-

16 3195 165 3255 cadentes
183 3192 347 3261 tenderent,
365 3194 394 3252 in
422 3196 510 3252 armis
538 3196 634 3252 omnia
659 3195 721 3252 sita.
770 3192 820 3250 Set
841 3210 878 3251 ne
902 3190 1064 3267 lugurtbaa

58 3278 180 3356 quidem
202 3278 312 3337 interca
335 3278 450 3355 quietus
471 3285 552 3337 erat:
572 3278 727 3336 circumire
746 3274 874 3341 hortari,
899 3292 1039 3335 renouare

58 3362 206 3439 proelium
227 3361 338 3437 etipse
358 3378 424 3420 cum
447 3360 565 3421 delectis
586 3367 729 3437 temptare
751 3362 863 3418 omnia:
887 3358 1039 3419 subuenire

60 3447 132 3513 suis,
143 3442 278 3505 hostibus
292 3442 389 3504 dubiis
403 3446 520 3513 instare,
537 3461 610 3521 quos
624 3444 724 3502 lirmos
739 3450 914 3521 cognouerat
926 3445 1047 3501 eminus
