2272 4176
129 504 169 563 76
342 524 384 563 nn
406 522 509 565 annno
533 521 710 564 xxovnrmo
728 521 763 565 c.
784 512 829 568 62.
851 514 896 567 63.

79 668 182 738 62ret,
200 672 261 747 ipse
282 686 335 747 per
350 670 530 729 conditiones
549 670 584 729 ad
601 669 774 746 subplicium
790 670 967 731 traderetur.
997 668 1034 741 ls,
1053 671 1097 732 ubi

129 755 255 831 primum
276 759 453 833 oportunum
467 752 528 819 luit,
546 751 716 827 Iugurtham
735 755 853 813 anxium
872 771 907 815 ac
919 755 1098 815 miserantem

128 838 261 897 fortunas
283 855 350 897 suas
366 836 499 896 ¹adcedit:
524 842 624 896 monet
648 844 735 915 atque
756 835 925 897 lacrumans
946 836 1098 899 obtestatur

130 923 169 980 oti
192 920 346 999 aliquando
367 918 422 980 sibi
438 919 597 997 liberisque
619 926 648 979 et
664 920 743 996 genti
762 919 967 990 Numidarum,
989 927 1098 999 optume

128 1008 260 1074 merenti,
276 1004 439 1081 provideat:
456 1002 591 1062 omnibus
607 1001 725 1079 proeliis
739 1020 805 1063 sese
819 1004 920 1073 victos,
938 1022 1041 1083 agrum
1055 1024 1113 1065 vac

128 1096 244 1158 statum,
263 1089 371 1148 multos
391 1085 524 1147 mortalis
545 1091 645 1161 captos
660 1087 787 1154 occisos,
810 1089 896 1163 regni
911 1104 985 1165 opes
1000 1090 1099 1148 conmi-

127 1180 211 1231 nutas
224 1190 302 1232 esse:
318 1172 385 1231 satis
400 1186 488 1249 saepe
502 1172 558 1229 iam
574 1175 603 1229 et
617 1170 752 1229 virtutem
771 1169 897 1230 militum
914 1178 945 1230 et
961 1171 1099 1232 fortunam

126 1262 308 1332 temptatam:
326 1261 426 1316 caveat
440 1271 478 1313 ne
493 1252 541 1312 illo
557 1258 711 1312 cxmctante
722 1252 864 1313 Numidae
877 1252 934 1313 sibi
949 1254 1099 1324 consulant,

101 1340 179 1400 allis
199 1348 284 1417 atque
300 1338 407 1399 talibus
422 1337 483 1397 aliis
501 1337 537 1397 ad
553 1336 730 1396 deditionem
746 1338 825 1413 regis
840 1338 974 1398 animum
989 1338 1099 1417 inpellit.

100 1424 280 1484 allittuntnr
303 1422 339 1482 ad
360 1425 556 1500 inperatorem
576 1419 679 1496 legati,
712 1422 762 1496 qui
782 1419 958 1498 Iugurtham
979 1423 1099 1500 inperata
1107 1438 1124 1479 n

127 1508 272 1566 facturum
292 1507 424 1566 dicerent
444 1524 478 1565 ac
498 1506 560 1564 sine
587 1503 645 1564 ulla
674 1505 809 1580 pactione
835 1521 901 1565 sese
925 1522 1101 1585 regnumque

100 1602 213 1650 tsxxnm
234 1593 263 1649 in
285 1589 361 1649 illins
375 1589 463 1648 fldem
477 1588 602 1647 tradere.
634 1586 766 1647 Metellus
781 1604 912 1664 propere
928 1596 1051 1650 cunctos
1064 1606 1101 1649 se·

127 1674 232 1731 natorii
248 1673 357 1731 ordinis
372 1690 408 1732 ex
423 1670 553 1731 hibernis
571 1673 681 1731 accersi
696 1670 793 1731 iubet:
813 1689 919 1733 eorum
931 1679 961 1734 et
977 1672 1099 1741 aliorum,

102 1770 201 1833 cqnos
217 1757 336 1816 idoneos
351 1754 484 1823 ducebat,
501 1754 652 1814 consilium
670 1753 768 1814 habet.
801 1754 844 1815 lta
859 1773 947 1816 more
965 1759 1101 1817 maiorum

129 1857 164 1899 ex
183 1839 285 1899 consili
312 1838 430 1899 decreto
459 1855 513 1915 per
534 1838 644 1914 legatos
669 1838 829 1915 iugurthae
854 1839 974 1917 inperat
999 1841 1125 1917 argentio

127 1924 225 2000 pondo
245 1922 370 1983 ducenta
390 1921 483 1989 milia,
514 1921 684 1998 elephantos
706 1923 814 1990 omnis,
845 1941 994 2000 equorum
1016 1932 1044 1985 et
1063 1942 1101 1983 ar-

100 2018 243 2066 tnxorum
265 2007 452 2085 aliquantum.
471 2003 551 2074 erae
573 2012 728 2084 postquam
750 2008 811 2065 sine
833 2023 920 2065 mora
940 2007 1017 2068 sacta
1036 2014 1100 2068 sunt.

101 2091 208 2150 7iubct
230 2093 323 2150 omnis
336 2090 475 2167 perfugas
495 2091 607 2148 vinctos
627 2089 741 2149 adduci.
778 2089 889 2150 Eorum
908 2109 1017 2169 magna
1034 2109 1100 2168 pars.

126 2176 169 2233 nti
184 2173 293 2234 iussum
309 2179 380 2241 erat,
398 2173 522 2241 adducti,
545 2174 639 2249 pauci,
656 2175 865 2249 cumprimum
881 2174 992 2235 deditio
1009 2178 1101 2252 coepit

101 2258 164 2318 8ad
179 2274 280 2333 regem
298 2257 446 2316 bocchum
464 2258 492 2315 in
507 2256 707 2317 Mauritaniam
723 2256 863 2316 abierant.
900 2257 995 2336 Igitur
1011 2260 1125 2335 Iugur-a

22 2386 26 2391 .
127 2341 187 2407 tha,
209 2342 259 2400 ubi
281 2342 369 2400 armis
387 2342 514 2418 virisque
535 2347 565 2399 et
584 2341 707 2415 pecnnia
723 2339 862 2416 spoliatus
884 2348 943 2410 est,
969 2345 1102 2419 cumipse

16 2472 22 2478 .
129 2425 165 2484 ad
184 2425 377 2501 inperandnm
399 2423 538 2484 Tisidium
560 2429 727 2491 vocaretur,
751 2441 854 2484 rursus
877 2428 976 2503 coepit
996 2427 1101 2486 llecicxa

2 2568 5 2573 Δ
101 2510 256 2567 bammum
279 2525 365 2567 suum
387 2514 415 2566 et
434 2525 469 2566 ex
490 2506 565 2566 mala
582 2507 757 2565 conscicntia
774 2506 860 2584 digna
875 2510 993 2569 timere.
1027 2510 1100 2570 lieni·

128 2610 185 2669 que
200 2590 299 2651 multis
315 2590 417 2651 diebus
432 2608 486 2668 per
505 2590 714 2649 dubitationem
731 2594 922 2668 consumptis
940 2611 1009 2653 cum
1026 2592 1101 2659 modo

128 2676 222 2735 taedio
245 2692 346 2733 rerum
367 2675 555 2734 advorsarum
576 2675 672 2733 omnia
687 2672 764 2733 bello
782 2675 898 2752 potiora
918 2676 1049 2745 duceret,
1067 2679 1123 2735 in-tt

128 2759 244 2818 tortium
260 2775 359 2818 seriam
373 2760 433 2834 ipsc
448 2763 598 2834 reputaret
610 2775 697 2834 quam
711 2759 806 2834 granis
817 2775 903 2818 casus
919 2761 948 2818 in
965 2762 1100 2820 servitium

130 2862 165 2901 ox
179 2860 271 2918 regno
286 2842 370 2909 soret,
391 2840 489 2900 multis
504 2842 674 2918 magnisque
685 2841 837 2917 praesidiis
848 2844 1032 2921 nequiquam
1045 2860 1100 2921 per·

90 2930 122 2980 10
133 2927 197 2984 ditis
219 2926 254 2984 de
276 2927 389 3002 integro
412 2924 519 2984 bollum
536 2925 631 2984 sumit.
674 2924 710 2983 Et
724 2923 835 2985 Romae
850 2933 971 2986 senatus
991 2928 1026 2988 de
1043 2945 1100 3005 pro-

130 3010 230 3067 vinciis
250 3010 398 3068 consultus
413 3008 577 3068 Numidiam
594 3006 709 3067 Metello
727 3008 906 3069 decreverat.

2 3094 7 3119 ³
79 3088 119 3151 63
212 3092 268 3152 Per
290 3093 367 3153 idem
387 3098 502 3169 tempus
521 3091 621 3151 Uticae
650 3091 725 3161 sorte
745 3092 778 3152 G.
799 3092 892 3152 Mario
920 3112 976 3171 per
1005 3095 1125 3154 bostiasa

130 3179 190 3238 deis
214 3175 389 3252 subplicanti
411 3193 516 3252 magna
538 3181 625 3252 atque
650 3173 793 3234 mirabilia
820 3178 961 3253 portendi
988 3195 1103 3254 aruspex

130 3262 256 3321 dixerat:
282 3259 414 3337 proinde,
434 3275 509 3336 quae
528 3260 625 3318 animo
644 3258 778 3334 agitabat,
801 3260 896 3320 iratus
919 3261 983 3321 deis
1005 3268 1103 3340 ageret.

130 3347 277 3405 fortunam
301 3361 388 3420 quam
408 3343 585 3419 saepissume
608 3342 805 3418 experiretur,
837 3350 943 3403 cuncta
972 3362 1105 3425 prospere

106 3436 282 3489 terentum.
332 3428 369 3484 dt
397 3425 477 3485 illum
499 3428 556 3485 iam
586 3432 669 3485 antea
693 3425 859 3486 consulatus
880 3429 987 3505 ingens
1010 3428 1105 3507 cupido

131 3511 303 3589 exagitabat,
323 3510 461 3586 adquam
477 3510 652 3585 capiundum
667 3514 784 3585 praeter
798 3517 976 3572 xetxxstatem
992 3512 1129 3574 lamdiaon

132 3596 186 3655 alia
201 3596 297 3653 omnia
314 3591 430 3652 abunde
447 3598 538 3661 erant,
554 3593 695 3652 industria
709 3591 850 3669 probitas
866 3594 989 3658 militiae
1010 3613 1105 3674 magna

131 3680 248 3737 scientia
271 3678 385 3737 animus
406 3674 475 3735 belli
497 3677 613 3753 ingens:
642 3675 722 3734 domi
747 3676 896 3746 modicus,
926 3677 1064 3741 lubidinis
1083 3686 1108 3735 et

130 3758 418 3827 divitiarumvictor,
442 3765 555 3818 tantum
577 3759 665 3817 modo
686 3757 795 3834 gloriae
815 3761 927 3821 avidus.

734 4002 739 4009 '
811 4012 856 4054 aa*
874 4054 880 4062 ,

810 4045 964 4125 wag„
981 4110 984 4115 .

927 4135 938 4148 Ν
945 4132 956 4147 “Ι
