2272 4176
336 203 378 243 nx
399 201 565 245 merosus
586 202 786 246 excerebrare.
991 186 1053 248 119
1075 243 1088 251 .

65 371 118 416 res
140 359 170 412 et
191 349 286 428 ignavi
309 350 451 426 cuiusque
476 351 671 410 tenuissumas
697 368 764 428 spes
790 352 966 412 frustratur:
995 370 1053 432 qna
1069 363 1104 414 20

64 445 167 499 tamen
188 434 320 512 quamvis
341 432 451 510 ampla,
472 435 610 510 quoniam
631 436 729 495 serviti
750 436 876 512 pretium
889 442 1051 498 ostentare·

65 527 127 589 tur,
150 519 233 578 cuius
252 517 414 594 torpedinis
427 521 490 576 erat
511 515 650 594 decipiet
669 525 836 580 vostrarum
857 537 959 580 rerum
972 519 1051 581 ultro

66 604 192 664 iniuriae
208 602 331 678 gratiam
346 599 475 660 deberet
497 598 649 660 Gerendus
671 601 756 662 dolus
771 610 824 664 est.
846 603 979 682 Namque
994 603 1051 664 alio
1068 613 1102 664 21

67 685 158 747 modo
180 702 277 762 neque
298 680 395 744 valent
416 684 446 743 in
467 684 629 754 univorsos,
652 702 748 764 neque
771 686 964 747 conabuntur.
996 687 1052 748 lta·

68 788 128 850 que
148 767 236 830 simul
263 774 425 845 conparant
450 764 645 829 delenimenta
671 776 700 828 et
721 769 859 831 differunt
877 788 928 829 vos
949 773 979 830 in
1001 771 1051 831 ad·

67 859 189 915 ventum
207 851 263 912 Gn.
285 851 421 928 Pompei:
445 868 533 927 quem
555 852 664 928 ipsum,
688 853 739 913 ubi
760 856 939 931 pertimuere
954 854 1051 915 subla·

67 945 132 998 tum
153 938 184 997 in
206 935 335 997 cervices
354 950 431 1001 suas,
449 952 516 993 mou
536 933 654 1012 dempto
675 943 755 996 metu
775 937 913 999 lacerant.
950 937 1052 1016 Neque
1069 949 1104 1001 23

69 1038 122 1082 cos
142 1019 249 1098 pudet,
270 1018 398 1080 vindices
419 1019 462 1077 uti
484 1035 516 1078 se
539 1016 637 1078 lerunt
656 1019 812 1090 libertatis,
835 1027 878 1080 tot
897 1023 975 1081 viros
990 1023 1053 1083 sine

70 1121 129 1166 uno
146 1109 197 1164 aut
218 1104 368 1163 remittere
390 1101 524 1161 iniuriam
543 1118 603 1161 non
625 1102 733 1164 audere
755 1112 806 1164 aut
817 1106 862 1165 ius
880 1122 941 1164 non
964 1122 1052 1184 posse

69 1186 237 1249 defendere.
280 1184 350 1245 uuor·
372 1184 490 1263 quidem
515 1186 585 1245 satis
612 1193 776 1264 spectatum
801 1195 845 1248 est
866 1187 1049 1267 Pompeium,

67 1278 167 1331 mutae
196 1269 307 1346 gloriae
333 1268 559 1337 adulescentem,
597 1270 683 1332 malle
704 1273 869 1351 principem
888 1271 1053 1334 uolentibus

68 1354 152 1416 vobis
174 1371 252 1421 esse,
276 1369 364 1430 quam
386 1349 441 1412 illis
464 1351 667 1414 dominationis
687 1356 815 1424 socium,
843 1364 1053 1436 auctoremque

67 1438 221 1515 inprimis
242 1437 306 1497 fore
327 1434 502 1496 tribuniciae
524 1439 676 1514 potestatis
694 1441 903 1499 restituendae.
932 1440 1051 1510 Verum,
1071 1454 1105 1504 24

66 1520 213 1592 Quirites,
230 1526 315 1581 antea
330 1517 437 1595 singuli
452 1521 529 1580 cives
545 1521 576 1580 in
591 1519 741 1602 pluribus,
759 1540 818 1582 non
833 1524 866 1583 'in
881 1540 940 1583 uno
957 1524 1056 1584 cuncti

64 1604 212 1684 praesidia
232 1602 398 1671 habebatis,
422 1620 519 1680 neque
537 1604 706 1666 mortalium
735 1607 889 1684 quisquam
910 1605 982 1666 dare
1004 1612 1055 1667 aut

66 1690 185 1767 eripere
206 1686 274 1748 talia
297 1704 374 1747 unus
392 1694 517 1764 poterat.

152 1771 254 1850 ltaque
271 1770 430 1832 verborum
452 1772 522 1831 satis
540 1771 651 1832 dictum
674 1779 733 1832 est:
754 1774 946 1851 nequeenim
968 1775 1051 1850 igno-
1068 1785 1103 1836 25

64 1856 162 1917 rantia
181 1872 231 1916 res
250 1854 366 1916 claudit.
409 1854 519 1915 Verum
538 1857 690 1933 occupavit
710 1858 810 1917 nescio
831 1875 906 1935 quae
925 1874 977 1916 vos
992 1862 1052 1916 tor·
1070 1862 1106 1915 26

64 1939 161 2020 pedo,
184 1956 322 2018 quantur
344 1937 437 2015 glorie
457 1940 614 1999 movemini
643 1956 740 2018 neque
761 1939 869 2018 flagitio
890 1948 1054 2019 cunctaque

64 2023 218 2104 praesenti
242 2023 357 2099 ignaria
378 2022 547 2099 mutaristis,
570 2022 688 2084 abunde
706 2023 872 2085 libertatem
893 2026 963 2095 rati,
986 2025 1054 2103 quia

64 2108 159 2186 torgis
179 2105 343 2168 abstinetur
367 2112 396 2167 et
416 2105 476 2167 buc
493 2108 539 2168 ire
559 2105 628 2168 licet
649 2114 737 2186 atque
762 2107 846 2169 illuc:
868 2126 993 2169 munera
1011 2107 1054 2168 di·

64 2192 141 2253 tium
155 2190 350 2253 dominorum.
392 2189 479 2269 Atqui
497 2190 571 2252 baec
591 2191 693 2252 eadem
715 2208 775 2251 non
793 2199 861 2252 sunt
879 2191 1053 2270 agrestibus,
1072 2206 1105 2256 27

65 2282 113 2338 set
135 2275 298 2336 caeduntur
315 2275 392 2336 inter
413 2276 576 2353 potentium
597 2277 760 2336 inimicitias
787 2275 924 2355 donoque
947 2276 1055 2336 dantur

64 2361 98 2421 in
121 2359 287 2438 provincias
304 2357 532 2436 magistratibus.
561 2358 604 2419 lta
622 2366 771 2437 pugnatur
787 2366 817 2420 et
838 2361 964 2420 vincitur
982 2376 1055 2437 pau·

65 2444 124 2505 cis:
145 2441 262 2520 plebes,
285 2442 493 2522 quodcumque
512 2443 630 2512 accidit,
652 2461 708 2521 pro
730 2444 813 2504 victis
835 2449 878 2504 est
899 2449 928 2504 et
947 2445 977 2504 in
992 2443 1055 2504 dies
1072 2449 1108 2500 28

64 2527 163 2605 magis
180 2527 251 2596 erit,
272 2530 298 2588 si
318 2527 437 2606 quidem
458 2527 571 2588 maiore
589 2545 661 2588 cura
683 2527 909 2589 dominationem
927 2526 968 2588 illi
985 2528 1049 2588 reti·

64 2611 189 2672 uuerint
209 2629 296 2690 quam
314 2629 367 2671 ros
388 2611 582 2689 repetiveritis
602 2610 777 2673 libertatem.

386 2745 526 2822 Epistula
545 2748 737 2807 Mithridatis.

473 2846 520 2911 (rr.
537 2847 576 2898 1v
592 2844 645 2910 or.)

247 2945 311 3007 lter
330 2946 513 3009 Mithridates
533 2948 598 3022 regi
620 2945 722 3007 Arsaci
741 2946 876 3008 salntem.

153 3027 263 3092 Omnes
291 3031 342 3108 qui
367 3030 507 3108 secundis
529 3030 620 3092 rebus
641 3033 701 3092 suis
730 3031 769 3092 ad
788 3030 859 3093 belli
885 3031 1088 3092 societateml

64 3117 202 3197 omnir,
224 3113 412 3176 considerare
438 3114 565 3184 debent,
592 3114 716 3176 liceatne
743 3123 806 3176 tum
828 3132 932 3192 pacem
958 3131 1056 3193 agere,

64 3196 137 3260 dein
149 3198 229 3276 quod
244 3199 395 3278 quaesitor
415 3200 523 3260 satisne
542 3200 625 3276 pium
641 3206 755 3268 tutum,
778 3198 939 3276 gloriosum
960 3215 997 3258 an
1011 3198 1056 3256 in·

64 3282 210 3344 decorum
232 3283 277 3342 sit
302 3282 368 3343 'libi
389 3289 533 3361 perpetua
553 3301 626 3360 pace
644 3283 703 3344 frui
723 3283 807 3352 licet,
830 3283 948 3360 egregia
968 3283 1055 3350 lama,
1073 3297 1089 3346 2

64 3368 90 3427 si
111 3364 263 3426 Romanos
284 3366 478 3447 obpresseris,
501 3367 599 3427 futura
621 3373 674 3428 est.
709 3367 772 3428 Nisi
795 3367 895 3428 hostes
917 3367 1056 3444 oportuni

64 3455 95 3511 et
107 3448 334 3520 scelestissumi,
355 3468 454 3530 neque
468 3457 569 3529 petere
587 3449 711 3513 audeam
723 3453 892 3513 societatem
905 3457 934 3511 et
945 3449 1056 3512 frustra
