2272 4176
63 495 104 562 'lb
355 497 407 557 DE
428 495 553 557 BELLO
577 492 742 557 GALLICO

114 647 169 710 48,
188 665 203 699 a
223 648 328 702 caesare
345 650 511 716 profligentur
528 665 550 699 c.
561 645 672 701 49—51·
703 647 816 700 Senones
834 645 1001 699 nihilominus
1018 655 1040 699 ot

114 719 215 769 Treveri
232 736 274 770 res
292 735 371 770 novas
393 719 537 768 moliuntur.
577 716 628 767 Sed
655 719 787 769 interiecto
814 717 990 768 Indutiomaro
1015 717 1039 765 tit

114 788 194 838 Gallia
210 789 315 854 paulum
334 789 449 852 quietior.
469 803 491 837 c.
512 783 624 838 52—58.
820 784 827 803 '

146 909 168 966 Ι.
190 909 223 968 L.
240 908 387 983 Domitio,
402 910 461 983 Ap.
479 906 603 967 Claudio
620 903 800 965 oonsulibus
815 900 985 964 discedens
1000 904 1038 963 ab

63 993 197 1052 hibernis
209 992 322 1052 Caesar
337 993 367 1051 ln
381 993 506 1065 ltaliam,
521 998 555 1051 ut
571 988 735 1065 quotannis
748 989 851 1047 lacere
863 995 1037 1049 consuerat

64 1078 169 1151 legatis
192 1077 336 1151 imperat,
365 1091 444 1150 quos
465 1074 638 1150 legionibus
654 1072 862 1148 praefecerat,
890 1072 1036 1147 utiquam

63 1161 207 1234 plurimas
229 1168 359 1235 possent
379 1161 477 1218 hiemo
499 1173 595 1218 narres
617 1156 826 1217 aedificandas
854 1161 1037 1231 veteresque

63 1244 244 1303 reficiendas
260 1250 410 1302 curarent.
437 1244 549 1304 Earum
565 1242 688 1324 modum
705 1241 898 1314 formamque
913 1241 1036 1299 demon-

63 1335 145 1387 strat.
171 1327 221 1385 Ad
236 1327 420 1386 celeritatem
432 1326 579 1388 onerandi
592 1324 876 1397 subductionesque
888 1325 982 1397 paulo
996 1325 1034 1382 la-

63 1412 104 1470 cit
116 1410 307 1483 humiliores,
325 1427 415 1484 quam
434 1411 543 1485 quibus
560 1410 710 1468 innostro
726 1407 802 1466 mari
817 1407 860 1466 uti
875 1407 1033 1466 cousuevi-

63 1511 144 1568 mus,
160 1502 251 1568 atquc
267 1495 297 1552 id
312 1510 349 1554 eo
365 1495 471 1568 magis,
489 1494 571 1568 quod
587 1498 712 1567 propter
727 1491 852 1551 crebras
868 1499 1032 1552 commuta-

63 1580 160 1639 tiones
182 1584 320 1637 aestuum
342 1578 441 1637 minus
463 1592 591 1650 magnos
615 1576 656 1635 lbi
672 1574 783 1635 ssuctus
799 1575 866 1634 fieri
882 1589 1032 1649 cognove-

64 1669 122 1735 rat,
139 1661 179 1719 ad
194 1677 303 1733 onera,
319 1662 358 1719 ad
374 1662 593 1721 multitudinem
609 1661 811 1719 iumentorum
824 1665 1034 1734 transportan-

63 1748 130 1805 dam
145 1746 235 1819 paulo
252 1746 384 1820 latiores
401 1762 491 1819 quam
509 1744 618 1819 quibus
634 1745 664 1802 in
679 1743 805 1817 reliquis
820 1742 933 1803 utinmr
947 1742 1032 1802 mari-

63 1831 128 1889 bus.
157 1829 220 1887 Has
237 1845 343 1887 omnes
359 1828 510 1888 actuarias
533 1829 662 1902 imperat
682 1827 764 1900 ficri,
795 1843 888 1900 quam
910 1828 950 1886 ad
971 1842 1050 1889 rem·

65 1913 212 1973 aunulitas
227 1914 352 1971 inultum
369 1913 500 1971 adiuvat.
526 1912 579 1985 Ea,
597 1928 677 1985 quoe
692 1917 762 1971 sunt
775 1911 844 1971 usui
861 1910 901 1969 od
916 1926 1026 1971 arman-

65 1998 117 2056 das
134 2012 239 2070 naves,
256 2012 295 2054 cx
309 1996 459 2071 Hispania
473 1995 628 2070 adportari
640 1995 732 2055 iubet.
748 1995 819 2069 Ipse
831 1995 1032 2056 conventibus

65 2080 176 2139 Galliae
192 2080 340 2141 citerioris
356 2080 489 2155 peractis
503 2080 533 2138 in
549 2079 703 2156 illyricum
718 2078 933 2154 proficiscitur,
950 2078 1029 2154 qrmd

63 2181 80 2224 a
94 2164 221 2225 Pirustis
237 2165 403 2227 finitumam
418 2170 540 2241 partem·
552 2163 729 2238 provinciae
740 2163 970 2223 incursionibus
981 2178 1031 2222 va·

63 2250 135 2310 stari
151 2250 301 2309 audiebat.
321 2251 366 2309 Eo
384 2266 452 2311 cum
467 2248 612 2320 venisset,
629 2246 799 2306 civitatibus
813 2246 925 2307 milites
939 2247 1031 2322 impe·

63 2340 108 2392 rat
123 2342 300 2406 certumque
314 2333 344 2391 in
360 2336 460 2393 locum
476 2330 640 2392 convenire
655 2331 746 2390 iubet.
770 2329 883 2402 Quare
897 2331 1032 2390 mundata

64 2417 198 2477 Pirustae
214 2418 330 2489 legatos
346 2418 385 2476 ad
401 2433 469 2476 cum
484 2416 611 2490 mittunt,
628 2415 679 2489 qui
695 2414 827 2474 doceant
840 2412 913 2472 nihil
930 2429 1032 2475 carum

61 2516 162 2564 rorum
183 2499 306 2574 publico
329 2501 440 2561 lactum
456 2498 585 2559 consilio
602 2513 736 2571 seseque
750 2503 876 2571 paratos
892 2513 966 2558 esse
981 2499 1032 2558 de·

63 2589 232 2644 monstrant
247 2584 386 2644 omnibus
399 2584 566 2644 rollonibus
580 2582 618 2641 de
630 2581 746 2641 iniuriis
759 2581 947 2640 satisfacere.
962 2580 1032 2640 Pcr-

63 2676 152 2743 ccpta
167 2667 305 2727 oratione
326 2683 431 2728 corum
447 2669 560 2727 Cacsar
576 2667 702 2725 obsides
717 2666 846 2740 imperat
861 2681 980 2740 eosque
994 2664 1031 2723 ad

63 2760 176 2811 certam
191 2751 271 2810 diem
286 2752 396 2812 adduci
412 2753 511 2820 iubct;
527 2751 587 2810 uisi
601 2752 642 2809 ita
656 2749 791 2823 fecerint,
808 2765 880 2809 sese
895 2750 976 2809 bello
992 2749 1031 2808 ei-

61 2836 183 2895 vitatem
197 2841 428 2910 persecuturum
444 2835 640 2894 demonstrat.
661 2833 717 2892 llis
733 2833 773 2892 ad
788 2834 867 2892 diem
883 2834 1032 2907 adductio,

61 2928 94 2980 ut
118 2921 333 2994 imperaverat,
361 2919 490 2978 arbitros
516 2918 606 2977 inter·
619 2917 756 2976 civitates
781 2918 847 2990 dat,
875 2917 927 2990 qui
951 2918 1032 2977 litem

62 3010 233 3063 aestumcnt
248 3017 441 3077 poenamque
457 3002 648 3062 constituant.
970 3032 973 3037 -

141 3088 178 3144 ll.
211 3087 266 3145 His
289 3087 436 3145 conlectis
456 3086 549 3146 rebus
571 3084 835 3159 conventibusque
854 3085 989 3159 peractis
1004 3085 1032 3144 in

62 3171 233 3230 citeriorem
255 3170 381 3229 Galliam
406 3170 570 3229 revertitur
595 3175 687 3243 atque
709 3169 781 3227 inde
802 3168 841 3227 ad
867 3169 1034 3229 exercitum

61 3254 275 3330 proficiscitur.
303 3254 348 3312 Eo
366 3269 433 3313 cum
448 3254 601 3326 venisset,
628 3252 761 3312 circuitis
778 3252 920 3312 omnibus
935 3253 1032 3312 hiber-

62 3340 109 3399 nis
125 3337 271 3414 singulari
285 3337 411 3396 militum
426 3337 527 3398 studio
544 3337 574 3396 in
590 3352 710 3397 summa
724 3337 858 3395 omnium
872 3351 974 3396 rerum
989 3338 1031 3396 in-

62 3423 134 3497 opia
149 3423 268 3482 circiter
287 3438 323 3480 uc
338 3422 404 3481 eius
420 3421 558 3495 geberic,
585 3420 671 3480 cuius
695 3436 791 3495 supra
813 3420 1033 3481 demonstravi·

62 3522 139 3579 mus,
155 3522 250 3567 naves
267 3512 296 3566 et
310 3508 418 3581 longas
434 3521 535 3583 xavru
550 3504 665 3565 invenit
679 3504 1030 3578 instructasnequemul·

64 3597 125 3650 tum
150 3590 262 3651 abesse
287 3591 325 3651 ab
352 3606 389 3651 eo
416 3589 489 3665 quin
510 3589 617 3665 paucis
640 3588 749 3649 diebus
770 3588 881 3649 deduci
895 3593 1033 3663 possent.

43 3698 47 3705 ·
63 3673 259 3734 Conlaudatis
274 3674 417 3735 militibus
433 3680 526 3750 atque
540 3674 594 3748 iis,
621 3672 673 3748 qui
688 3673 812 3747 negotio
827 3674 1033 3748 praebuerant,

64 3757 136 3837 quid
157 3756 221 3818 fieri
245 3757 316 3818 velit
337 3759 470 3819 ostendit
491 3763 582 3833 atque
604 3777 711 3821 omnes
737 3762 775 3822 ad
802 3769 923 3837 portum
948 3760 1033 3823 Itium

1067 354 1075 383 d
