2272 4176
123 472 185 540 278
379 550 383 557 Ι
435 474 486 538 DE
506 474 631 538 BELLO
654 474 769 539 crvlm

123 641 203 698 stras
223 630 397 694 interiorem
417 631 447 692 in
467 637 589 708 portua
608 636 679 709 post
700 630 849 709 oppidum
866 632 988 698 reduxit
1008 638 1078 702 etad

124 727 235 782 terram
258 717 403 794 deligavit
428 717 630 794 faucibusque
654 725 763 793 portus
787 732 899 779 navem
921 723 1079 785 onerariun
1124 736 1128 772 τ

124 805 315 866 submersam
330 802 441 865 obiecit
451 808 481 863 et
493 801 565 862 huic
580 803 705 863 alteram
720 802 889 881 coniunxit,
904 820 999 882 super
1013 824 1079 884 quas

124 889 227 950 turrim
249 887 388 948 effectam
407 887 447 948 ad
466 887 568 962 ipsum
587 887 740 949 introitum
759 895 870 964 portus
895 892 1038 967 opposuit
1056 898 1081 955 el

125 973 265 1034 militibus
282 973 444 1049 complevit
455 972 662 1048 tuendamque
675 973 716 1033 ad
729 989 837 1035 omnes
850 975 1028 1051 repentinos
1040 990 1080 1037 oa·

125 1073 178 1120 sus
195 1058 327 1118 tradidit.

206 1142 266 1202 XL.
289 1141 404 1217 Quibus
423 1139 553 1217 cognitis
567 1141 660 1203 rebus
676 1140 728 1203 Cn.
743 1140 909 1219 Pompeius
924 1143 1020 1221 filius,
1039 1144 1081 1222 qui

125 1227 216 1289 classi
231 1227 404 1306 Aegyptiae
418 1231 572 1302 praeerat,
599 1226 639 1287 ad
654 1226 776 1288 Oricum
789 1228 876 1290 venit
889 1230 1081 1292 submersam-

125 1329 184 1390 que
199 1312 299 1371 navim
314 1312 448 1371 remulco
463 1311 627 1386 mutisque
648 1312 836 1373 contendens
858 1314 985 1375 funibus
999 1315 1082 1375 addu-

123 1399 167 1458 xit
182 1403 273 1471 atque
288 1398 410 1456 alteram
426 1411 545 1470 navem,
561 1410 640 1472 quae
655 1404 719 1458 erat
732 1397 774 1457 ad
786 1399 962 1459 custodiam
975 1399 1013 1460 ab
1022 1399 1082 1459 Aei-

123 1484 164 1544 lio
180 1482 294 1556 posita,
320 1480 458 1556 pluribus
480 1481 649 1555 adgressus
663 1481 809 1557 navibus,
831 1483 862 1543 in
879 1483 994 1559 quibus
1007 1483 1044 1544 ad
1055 1482 1082 1544 li·

123 1569 208 1628 braun
224 1567 336 1625 fecerat
349 1571 462 1640 turres,
485 1571 518 1625 ut
532 1581 571 1625 ex
586 1567 745 1641 superiore
766 1581 910 1642 pugnans
931 1570 1001 1630 loeo
1020 1567 1083 1628 inte

123 1665 260 1727 grosque
280 1665 402 1724 semper
422 1649 594 1725 defatigatis
610 1652 799 1712 summittens
815 1658 845 1713 et
857 1652 989 1729 reliquis
1003 1650 1083 1728 parti·

123 1736 181 1797 bus
195 1735 285 1796 simul
299 1749 338 1793 ex
351 1736 530 1796 terrascalis
539 1740 569 1795 et
575 1735 804 1797 classemoenia
815 1736 923 1813 oppidi
935 1744 1083 1813 temptans,

124 1822 166 1882 uti
181 1818 425 1880 adversariorum
440 1835 547 1880 manus
563 1819 728 1895 diduceret,
742 1820 848 1881 labore
863 1827 895 1882 et
905 1822 1085 1883 multitudine

125 1907 252 1967 telorum
260 1903 470 1978 nostrosvicit‚
484 1903 672 1980 deiectisque
684 1905 911 1981 defensoribus,
924 1907 979 1983 qui
991 1920 1083 1969 omnes

125 1991 249 2066 scaphis
281 1989 401 2064 excepti
431 1990 620 2064 refugerant,
657 2004 725 2049 earn
759 2006 869 2050 navem
908 1990 1085 2068 expugnavit

125 2077 296 2150 eodemque
316 2080 454 2150 tempore
474 2088 514 2133 ex
528 2075 623 2133 altera
636 2080 723 2149 parte
736 2075 847 2135 molem
862 2076 963 2138 tenuit
976 2082 1084 2139 natura

126 2163 182 2220 lem
209 2158 373 2234 obiectam,
401 2174 479 2236 quae
503 2173 601 2234 paene
626 2160 755 2219 insulam
777 2159 926 2235 oppidum
943 2161 1084 2233 effecerat

127 2250 268 2319 quattuor
287 2244 419 2303 biremes
441 2243 585 2304 subiectis
607 2244 721 2304 suculis
742 2244 883 2320 inpulsas
904 2246 1043 2307 vectibus
1060 2245 1086 2304 ia

126 2329 297 2388 interiorem
319 2334 436 2402 partem
456 2327 597 2388 traduxit.
629 2328 673 2389 lta
693 2344 732 2388 ex
751 2336 881 2405 utraque
897 2337 987 2405 parte
1002 2344 1085 2390 navas

126 2413 232 2487 longas
253 2412 436 2487 adgressus,
463 2427 541 2487 quae
557 2419 643 2472 eraut
657 2413 806 2488 deligatae
821 2413 861 2473 ad
876 2419 992 2476 terram
1006 2421 1087 2490 atque

125 2497 247 2571 inanes,
274 2501 414 2571 quattuor
429 2512 467 2556 ex
481 2495 529 2556 his
545 2496 685 2571 abduxit,
707 2498 841 2573 reliquas
856 2498 1003 2561 incendit.
1029 2499 1087 2558 Hoc
1126 2504 1128 2515 '

126 2583 265 2643 confecto
280 2581 402 2655 negotio
417 2580 595 2641 Dimallum
611 2580 648 2641 ab
663 2581 799 2642 Asiatica
813 2584 916 2643 classe
930 2585 1087 2645 abductum
1126 2602 1128 2609 ·

126 2667 259 2741 reliquit,
287 2666 337 2740 qni
353 2672 538 2726 commeatus
553 2666 672 2726 Bullide
686 2672 777 2741 atque
790 2668 935 2728 Amantia
949 2666 1088 2744 inportari

126 2753 156 2813 in
172 2750 318 2825 oppidum
331 2750 520 2825 prohibebat.
535 2750 733 2824 lpseLissum
744 2753 901 2827 profectus
914 2768 1012 2814 naves
1024 2766 1087 2814 one

126 2836 223 2896 rarias
238 2835 357 2910 triginta
372 2851 390 2894 a
404 2834 443 2894 Μ.
456 2835 589 2895 Antonio
605 2837 726 2896 relictas
740 2837 818 2896 intra
832 2843 956 2911 portum
972 2852 1087 2913 aggres-

127 2937 180 2982 sus
206 2935 311 2980 omnes
336 2919 485 2990 incendit;
511 2918 631 2979 Lissum
653 2935 830 2995 expugnare
846 2929 978 2982 conatus
993 2922 1088 2982 defen-

127 3005 267 3066 dentibus
284 3004 400 3064 civibus
415 3003 577 3078 Romanis,
595 3003 646 3077 qui
661 3005 727 3063 eius
744 3012 913 3066 conventus
930 3012 1026 3082 erant,
1041 3005 1089 3065 mi·

127 3091 300 3164 litibusque,
318 3104 396 3163 quos
411 3088 556 3164 praesidii
572 3104 667 3148 causa
680 3089 804 3151 miserat
819 3090 948 3165 Caesar,
965 3092 1090 3151 triduum

127 3181 261 3235 moratus
284 3175 391 3248 paucis
413 3174 443 3232 in
465 3173 692 3248 oppugnatione
713 3175 833 3234 amissis
848 3192 882 3235 re
897 3175 1013 3236 infecta
1026 3175 1090 3236 inde

127 3259 278 3319 discessit.

209 3343 283 3403 XLI.
313 3342 439 3416 Caesar,
465 3347 628 3418 postquam
642 3342 819 3418 Pompeium
834 3344 874 3403 ad
889 3343 1091 3420 Asparagium

128 3445 198 3488 esse
213 3428 371 3503 cognovit,
387 3427 496 3486 eodem
511 3444 580 3487 curn
596 3429 731 3488 exercitu
746 3430 903 3502 profectus
919 3435 1090 3506 expugnato

128 3513 157 3571 in
172 3512 278 3573 itinere
293 3511 408 3589 oppido
422 3512 648 3587 Parthinorum,
673 3512 703 3571 in
725 3529 786 3587 quo
799 3512 966 3588 Pompeius
984 3512 1089 3590 praesi-

129 3596 211 3655 dium
226 3597 370 3672 habebat,
396 3599 483 3657 tertio
510 3598 559 3657 die
579 3598 610 3656 in
631 3596 841 3657 Macedoniam
862 3599 902 3658 ad
917 3598 1091 3676 Pompeium

129 3682 267 3755 pervenit
287 3681 432 3757 iuxtaque
453 3698 520 3741 eum
536 3688 636 3741 castra
650 3682 754 3757 posuit
768 3688 797 3742 et
812 3683 963 3757 postridie
979 3681 1091 3745 eductis

130 3764 268 3825 omnibus
282 3766 378 3841 copiis
391 3766 456 3824 acie
467 3767 614 3825 instructa
624 3766 808 3826 decernendi
818 3773 1005 3842 potestatem
1011 3769 1090 3830 Pom·
