2272 4176
26 248 33 257 Ι
310 194 352 232 nx
372 193 537 235 nrsnoans
560 192 757 233 excusares.
963 175 1024 236 117

10 258 32 295 ;ιι

10 340 216 407 {interesset
237 339 334 400 multis
351 340 422 399 mihi
438 338 642 399 disserundum
664 339 733 407 luit,
757 339 937 417 docendique
952 359 1024 420 quas

10 416 116 485 iob·
108 422 228 482 iniurias
241 430 269 482 et
288 424 421 501 quotiens
434 441 450 481 a
465 420 597 517 patribus
611 428 720 481 armata
740 421 840 499 plebes
857 426 1024 484 secessisset

10 507 148 593 :utique
170 506 298 566 vindices
317 507 475 583 paravisset
490 505 582 563 omnis
605 507 676 564 iuris
698 507 743 564 sui
760 502 892 565 tribunos
908 505 1022 602 plebei:

10 606 129 649 :inuno
154 588 266 649 hortari
291 588 378 648 modo
405 588 527 647 relicum
554 593 598 646 est
624 594 653 647 et
677 589 720 647 ire
743 590 869 666 primum
889 591 942 657 via,
967 602 1057 667 qua2

10 662 259 749 -tcapessundam
272 672 398 732 arbitror
411 670 585 730 libertatem.
601 669 700 767 Neque
713 689 759 731 me
771 674 917 748 praeterit,
931 690 1022 748 quan·
1040 677 1057 728 3

10 762 93 815 :tas
119 771 190 832 opes
218 753 375 815 nobilitatis
398 751 478 813 solus
495 755 638 849 inpotens,
656 755 733 812 inani
753 757 849 832 specie
871 757 1022 831 magistra·

10 844 26 873 “
48 842 105 904 tus,
127 836 237 914 pellere
261 838 482 899 dominatione'
475 837 619 912 meipiam,
642 843 809 915 quantoque
830 838 919 898 tutius
935 838 1023 899 tactio

10 912 202 990 ἲιιιιιιιιιιιιιιι
225 928 291 996 agat
310 938 397 1000 quam
415 919 469 979 soli
488 920 666 980 innocentes.

10 990 29 1085 ᾗ,
135 1002 186 1063 Set
206 1010 289 1081 praet
291 1022 322 1063 er
342 1020 424 1080 spem
445 1001 551 1062 bonam
567 1019 604 1062 en
620 1001 710 1070 vohis,
732 1020 805 1080 qnae
818 1010 928 1064 metum
947 1005 1022 1072 vicit,
1040 1019 1058 1067 4

10 1087 137 1183 Ιιιιιιιιι
158 1087 323 1146 certaminis
344 1086 466 1146 advorsa
487 1102 541 1162 pro
562 1083 694 1145 libertate
716 1087 829 1162 potiora
862 1104 925 1146 esse
956 1086 1024 1147 lorti

10 1144 112 1233 {viro
138 1186 226 1247 quam
247 1171 364 1230 omnino
386 1186 461 1228 non.
468 1169 630 1243 certavisse
651 1169 833 1267 Quamquam
855 1186 955 1229 omnes
977 1169 1058 1236 aliis

19 1252 141 1313 creati
163 1268 218 1329 pro
243 1254 307 1312 iure
329 1258 426 1312 vostro
446 1254 504 1312 vim
525 1258 660 1311 cunctam
682 1254 737 1312 et
730 1254 841 1329 inperia
863 1270 916 1313 sua
932 1256 1023 1329 gratia

10 1340 101 1395 ιι--ιιι
121 1351 174 1412 spe
198 1343 249 1395 ant
268 1337 405 1414 praemiis
427 1335 562 1371 *****
555 1351 584 1394 ιιι
605 1353 656 1393 vos
672 1341 844 1396 convortere
863 1335 1024 1414 meliusque

17 1416 161 1479 liabent
179 1419 315 1479 mercede
329 1416 514 1514 delinquere
521 1434 608 1494 quam
628 1419 717 1494 gratis
735 1426 816 1478 recte
840 1420 946 1480 facere.
969 1420 1024 1479 lta·
1042 1427 1060 1479 d

10 1492 110 1587 {itque
132 1518 234 1561 omnes
256 1518 427 1561 concessere
438 1518 536 1561 iamin
549 1517 711 1578 paucorum
722 1500 957 1570 dominationem
976 1506 1026 1598 qui

10 1602 106 1667 per
127 1583 250 1644 militare
270 1602 377 1644 nomen
400 1586 546 1645 aerarium
567 1585 727 1651 exercitus,
748 1600 840 1659 regna
862 1586 1026 1661 provincias

49 1684 234 1744 occupavere
256 1673 284 1728 et
306 1686 404 1728 arcem
427 1667 537 1728 habent
562 1685 598 1726 en
622 1665 721 1744 spoliis
744 1668 863 1726 vostris:
893 1685 959 1727 cum
981 1669 1024 1726 in-

46 1752 138 1812 terim
150 1767 232 1810 more
244 1768 385 1828 pecorum
401 1768 451 1811 vos
463 1749 616 1811 multitudo
630 1748 749 1826 singulis
763 1749 938 1810 habendosl
936 1767 1025 1810 ruen-

49 1835 164 1913 desque
184 1833 340 1910 praebetis,
370 1835 447 1895 exuti
469 1832 604 1893 omnibus
626 1851 699 1912 quae
718 1835 844 1894 maiores
862 1832 1024 1910 reliquere:

10 1930 34 1981 ιι
47 1918 107 1979 nisi
127 1918 194 1994 quia
215 1916 390 1977 vobismet
382 1919 436 1993 rpsi
462 1934 518 1999 per
541 1917 692 1991 suffragia,
724 1923 757 1975 ut
778 1916 925 1993 praesides
946 1915 1023 1984 olirn,

28 2017 132 2061 nunc
151 1998 284 2059 dominos
306 2000 461 2060 destinatis
497 1999 597 2076 Itaque
622 2016 793 2059 concessero
818 1999 886 2061 illuc
908 2017 1059 2067 omnes17

48 2091 81 2145 at
103 2100 181 2151 mox,
204 2085 229 2141 si
250 2090 346 2142 vostra
370 2084 548 2159 receperitis,
570 2082 606 2140 ad
621 2099 670 2140 vos
686 2081 828 2160 plerique.
851 2082 935 2143 Raris
949 2086 1026 2144 enirn

48 2168 165 2228 animus
179 2166 266 2225 estad
279 2184 322 2233 ea,
337 2184 411 2243 quae
424 2167 526 2233 iacent,
540 2164 738 2224 defendunda:
753 2168 843 2226 ceteri
857 2166 1026 2226 validiorum

48 2254 130 2311 sunt.
164 2247 208 2307 dn
231 2248 352 2308 dubium
379 2247 505 2317 habetis,
528 2264 598 2308 num
625 2246 751 2307 obticere
770 2250 839 2324 quid
863 2248 945 2308 vobis
966 2259 1061 2310 unott

10 2340 36 2385 Β
49 2334 150 2395 annno
167 2331 356 2409 pergentibus
377 2333 476 2409 possit,
492 2348 565 2409 quos
581 2330 732 2406 languidos
749 2331 938 2409 socordisque
958 2349 1026 2408 per·

48 2415 195 2479 timuere?
236 2415 296 2475 Nisi
318 2415 394 2475 forte
416 2416 450 2478 G.
471 2414 567 2483 Cotta,
597 2432 632 2474 ex
654 2414 778 2474 lectione
799 2414 895 2474 media
917 2414 1026 2481 consul,

49 2500 137 2562 aliter
164 2516 252 2576 quam
272 2505 352 2559 metu
373 2501 437 2559 iura
458 2498 600 2575 quaedam
623 2496 746 2557 tribunis
770 2495 866 2573 plebei
893 2499 1026 2558 restituit.

50 2583 171 2644 Scilicet
192 2600 367 2660 quamquam
387 2583 419 2642 L.
442 2582 565 2641 Sicinius
587 2582 698 2657 primus
719 2579 755 2639 de
774 2585 916 2656 potestate
933 2580 1027 2640 trihu·

49 2668 127 2727 nicia
153 2665 234 2744 loqui
254 2683 342 2727 ansus
360 2665 557 2726 mussantibus
569 2663 650 2724 vobis
663 2664 876 2722 circumventus
892 2669 962 2732 erat,
985 2670 1027 2724 ta·

10 2760 120 2811 omen
142 2751 224 2827 prius
238 2748 277 2809 illi
290 2751 426 2811 invidiam
444 2756 576 2810 metuero
597 2764 683 2825 quam
704 2764 754 2806 vos
776 2747 898 2806 inIuriae
914 2752 1027 2823 pertae-

51 2850 119 2894 sum
142 2838 195 2892 est,
230 2830 313 2901 Quod
339 2853 393 2912 ego
416 2852 530 2913 nequeo
552 2832 620 2892 satis
646 2832 759 2898 mirari,
790 2827 930 2898 Quirites:
960 2847 1028 2889 narn

50 2933 137 2993 spem
157 2916 266 2976 trustra
288 2919 377 2980 luisse
403 2918 592 2980 intellexistis.
635 2913 713 2975 Sulla
734 2922 867 2981 mortuo,
893 2913 942 2990 qui
964 2926 1061 2976 sec-o

50 2998 159 3060 lestnm
182 3000 351 3075 inposuerat
372 3004 528 3071 servitium,
551 3001 639 3060 linem
656 2995 724 3057 mali
745 2996 921 3056 credebatis:
947 3002 1029 3055 ortus

50 3088 98 3142 est
116 3080 203 3158 longe
225 3087 337 3144 saevior
361 3086 487 3147 Catulus.
528 3083 682 3145 Tumultus
703 3081 866 3141 intercessit
887 3079 977 3139 Bruto
1001 3086 1030 3138 ct
1049 3091 1080 3142 lu

10 3166 201 3227 taMamerco
224 3168 405 3230 consulibus:
431 3171 498 3231 dein
521 3172 554 3232 G.
575 3168 662 3229 Curio
680 3165 715 3225 ad
737 3164 853 3224 exitium
875 3179 965 3240 usque
985 3164 1028 3220 in-

49 3250 144 3309 sontis
156 3248 266 3311 tribuni
280 3253 514 3327 dominatusest.
538 3251 674 3321 Lucullus
687 3249 838 3326 superiore
851 3263 926 3307 anno
938 3262 1028 3322 quan·
1050 3258 1081 3310 ιι

10 3330 20 3337 ”
49 3334 87 3393 tis
108 3333 213 3391 animis
233 3336 299 3396 ierit
319 3339 349 3397 in
373 3336 406 3396 L.
427 3334 591 3404 Quintium,
616 3335 739 3395 vidistis:
764 3337 887 3409 quantae
905 3329 1030 3403 denique

48 3432 130 3477 ιιιιιιιι
154 3415 224 3476 mihi
245 3419 349 3481 turbae
375 3420 572 3481 concitantur!
612 3418 692 3488 Quae
712 3415 844 3495 prolecto
866 3415 895 3473 in
916 3428 1032 3472 cassum
