2272 4176
478 182 592 246 LIBER
611 185 634 245 1.
999 190 1038 257 21

110 348 150 395 ue
164 332 267 395 aciem
285 336 449 397 oculorum
463 335 607 396 dicebant
621 336 702 396 ierne
716 336 856 413 potuisse
868 373 919 415 —‚
934 349 1036 405 tantus

64 418 158 487 ,nubilo
176 417 273 480 timor
289 435 410 480 omnem
426 419 591 480 exercitum
607 421 778 496 occupavit
801 429 833 483 ul
847 440 907 484 non
922 429 1032 489 madio-

72 502 148 563 triter
170 503 311 563 omnium
332 510 449 564 mentes
471 504 653 579 animosque
673 506 882 579 perturbaret·
903 509 960 570 llic
975 513 1036 587 prl-

74 600 141 648 naor
161 592 251 648 ortus
267 593 319 648 est
333 603 351 647 a
365 588 493 651 tribunis
505 587 640 663 militum,
652 591 817 663 praelectis
838 592 1036 670 reliquisque,

79 671 162 747 quiex
174 672 254 732 urbe
265 671 417 733 amicitiae
428 673 691 733 causaCaesarem
707 672 804 734 secuti
818 690 879 733 non
895 692 1035 752 magnum

74 752 146 821 bre
165 755 290 816 militari
312 772 402 818 usum
422 757 589 817 habebant=
617 773 748 833 quorum
770 758 848 818 alius
864 760 924 819 alia
943 777 1036 823 eausa

81 838 166 914 blata,
196 856 290 917 quam
311 841 370 901 sibi
392 841 432 900 ad
452 841 711 917 proficiscendum
735 843 942 903 necessariam
964 861 1035 906 esse

82 921 183 1000 deerat,
198 924 327 1000 petebat
340 932 375 986 ut
389 925 455 985 eius
469 926 625 986 voluntate
640 925 801 986 discedere
815 928 936 996 liceret;
959 946 1033 990 non·

83 1007 136 1073 lolli
145 1009 267 1083 pudore
281 1008 416 1083 adducti,
431 1015 465 1071 ut
479 1010 594 1091 umoris
610 1009 817 1084 suspicionem
832 1012 971 1088 vitarent,
986 1030 1031 1075 re·

36 1112 40 1121 ·
83 1092 230 1153 manebant.
260 1091 299 1153 Hi
321 1109 423 1170 neque
436 1095 552 1155 veritum
567 1094 682 1169 lingere
704 1109 804 1170 nequa
825 1096 975 1156 interdum
991 1099 1030 1158 la-

35 1210 40 1221 ·
82 1174 170 1236 uirtus
184 1183 293 1237 tenere
307 1184 465 1251 poterant=
488 1177 581 1239 abditi
597 1177 626 1237 in
648 1178 853 1240 tabernaculis
875 1188 928 1240 aut
943 1198 1030 1241 suum

36 1282 39 1317 ;
81 1256 153 1320 btum
174 1260 384 1337 querebantur
405 1269 457 1322 aut
477 1277 546 1322 cunr
565 1261 763 1322 familiaribus
785 1263 850 1324 suis
872 1280 1031 1326 commune

80 1343 228 1419 penicillum
250 1345 483 1406 miserabantur.
512 1345 614 1421 Vulgo
629 1346 700 1406 totis
722 1347 831 1407 casinis
851 1354 1031 1410 testamenta

79 1426 311 1503 obsignabantur.
334 1431 451 1491 Horum
465 1428 594 1490 vocibus
610 1445 647 1489 ac
662 1430 769 1491 timore
780 1431 926 1505 paulatim
942 1434 1029 1493 eliam

78 1508 98 1585 l,
115 1513 161 1588 qui
174 1529 319 1590 magnum
339 1513 371 1573 in
386 1513 494 1574 castris
507 1529 599 1574 usion
613 1513 780 1589 habebant,
803 1516 912 1576 milites
927 1525 1026 1577 centu-

77 1594 223 1673 tionesque
235 1599 353 1674 quique
365 1598 510 1674 equitatui
519 1599 956 1673 praeerantperturbabantur.
974 1601 1029 1674 Qui

76 1692 103 1741 tt
114 1696 148 1741 ex
161 1681 209 1742 liis
225 1682 327 1743 lirinus
344 1682 466 1743 tinridos
487 1681 654 1742 existimari
667 1682 826 1759 volebant,
848 1701 911 1744 non
925 1699 960 1744 se
974 1685 1026 1746 ho-

76 1768 137 1825 ilem
149 1765 264 1841 vereri,
287 1767 344 1826 sed
360 1766 517 1841 angustias
532 1766 664 1841 itineris,
686 1767 924 1841 magnitudinem
939 1769 1027 1828 silva-

76 1862 140 1923 tam,
161 1865 241 1926 quae
263 1851 490 1911 intercederent
510 1850 588 1910 inter
608 1851 696 1926 ipsos
718 1857 811 1927 atque
830 1851 1027 1922 Ariovistum,

75 1940 184 1994 tttrem
200 1933 437 2011 frumentariam,
453 1940 487 1995 ut
501 1935 575 1995 satis
592 1933 751 2001 commode
766 1936 941 2010 supportari
955 1952 1027 2013 pos-

74 2023 118 2093 sel,
136 2018 239 2080 timere
256 2019 407 2080 dicebant.
435 2019 575 2080 Nonnulli
592 2020 681 2079 etiam
697 2019 819 2079 Caesari
840 2021 1027 2096 nuntiabant,

73 2116 129 2162 curn
138 2110 238 2163 castra
250 2103 368 2163 moveri
379 2119 416 2164 ac
427 2103 514 2179 signa
525 2104 596 2163 lerri
615 2103 774 2179 iussisset,
793 2120 854 2164 noo
868 2106 933 2166 lore
946 2105 1027 2167 dioto
1046 2122 1051 2131 ·

50 2260 54 2265 Ι
72 2186 214 2248 audientes
231 2189 343 2249 milites
360 2204 462 2264 neque
477 2195 604 2262 propter
618 2187 756 2249 timorem
771 2189 859 2263 signa
873 2190 999 2250 laturos.

139 2272 198 2332 XL.
229 2273 315 2334 Haec
332 2289 400 2333 curn
416 2271 690 2347 animadvertisset,
713 2281 882 2333 convocato
898 2274 1027 2334 consilio

71 2357 253 2434 omniumque
273 2357 414 2418 ordinum
428 2357 468 2417 ad
482 2357 513 2416 id
528 2357 688 2417 consilium
710 2356 852 2417 adhibitis
875 2358 1026 2418 centurio-

69 2440 145 2502 nibus
159 2442 358 2502 vehementer
373 2457 427 2501 eos
441 2441 608 2501 incusavit:
624 2440 753 2516 primum
769 2441 854 2516 quod
869 2448 921 2502 aut
936 2458 1026 2516 quam

68 2522 92 2583 iu
109 2533 224 2600 partem
247 2533 301 2587 aul
316 2540 377 2602 quo
393 2526 520 2587 consilio
543 2526 726 2585 ducerentur
740 2525 797 2585 sibi
820 2527 1027 2601 quaerendum

50 2616 111 2681 ,eut
128 2611 324 2684 cogitandtun
345 2616 495 2685 putarent.
528 2609 716 2671 Ariovistum
737 2625 773 2669 se
794 2612 921 2671 consule
943 2611 1026 2685 cupi-

46 2691 180 2755 dissime
202 2695 312 2769 populi
333 2694 460 2755 Romani
482 2693 643 2754 amicitiam
664 2694 836 2769 appetisses
873 2711 927 2754 cur
946 2694 1028 2754 hunc

69 2780 117 2836 am
130 2785 246 2838 temere
267 2778 430 2854 quisquam
445 2778 483 2837 ab
505 2778 607 2838 cilicio
630 2779 838 2839 discessurum
861 2778 1028 2839 iudicaret?

70 2856 122 2920 Sibi
143 2863 269 2937 quidem
298 2862 478 2937 persuaderi
507 2862 636 2936 cognitis
659 2861 723 2924 suis
745 2864 907 2939 postulatis
935 2869 1027 2936 atque

54 2942 209 3021 ,aequitate
225 2946 438 3008 condicionum
455 2953 621 3023 perspecta
635 2962 703 3006 eum
715 2963 816 3023 neque
827 2963 913 3007 suam
926 2961 1027 3019 neque

52 3031 301 3104 ·topuliRorrrani
316 3032 442 3105 gratiam
456 3031 695 3106 repudiaturum.
718 3031 807 3105 Quod
822 3031 848 3090 si
864 3031 968 3089 surore
983 3035 1026 3090 at-

61 3128 118 3187 quo
131 3115 263 3174 amentia
277 3115 417 3189 inpulsus
433 3115 545 3176 bellum
561 3115 726 3190 intulisset,
750 3115 823 3191 quid
838 3113 960 3173 tandem
974 3129 1025 3174 ve·

96 3205 216 3259 renturt
244 3207 364 3260 auteur
380 3199 419 3259 de
434 3216 491 3260 sua
505 3200 616 3259 virtute
631 3205 683 3259 aul
698 3200 736 3259 de
757 3198 856 3274 ipsius
872 3196 1027 3272 diligentia

95 3289 280 3357 sperarent?
306 3283 429 3344 Factum
451 3285 516 3344 eius
533 3283 630 3344 lrostis
653 3284 822 3358 periculum
837 3289 956 3355 patrum
973 3298 1025 3343 no-

95 3378 189 3427 torum
204 3368 360 3442 memoria,
377 3384 444 3428 cunr
461 3369 588 3429 Cimbris
603 3375 633 3427 ct
646 3367 790 3427 Teutonis
806 3382 825 3426 a
840 3366 915 3427 Gaio
930 3366 1026 3427 Mario

91 3446 154 3513 ubis
167 3465 234 3513 noo
247 3451 394 3513 minorem
408 3453 528 3516 laudern
544 3451 696 3515 exercitus
713 3466 804 3532 quam
818 3452 889 3534 ipse
900 3451 1028 3530 iinqera-
1124 3500 1130 3509 .
