2272 4176
465 168 580 229 rrnnu
602 170 651 229 ur.
788 244 793 255 1
1011 170 1050 230 oa

57 386 60 393 ,
155 322 235 381 XVl.
260 321 330 407 Quo
347 320 462 395 proelio
477 321 592 381 bellum
601 321 792 381 Venetorum
806 321 963 396 totiusque
979 338 1051 380 orae

85 404 252 466 maritumae
279 406 451 467 coniectum
477 413 533 465 est.
575 404 652 465 Nam
679 422 748 465 cum
775 405 873 465 omnis
898 406 1050 479 iuventus,

85 500 179 549 omnes
194 491 289 551 ctiam
305 489 456 565 gravioris
471 490 594 564 aetatis,
619 491 650 549 in
673 490 785 564 quibus
801 490 916 564 aliquid
933 491 1050 549 consilii

85 580 128 633 aut
139 573 297 648 dignitatis
313 573 376 648 luit,
391 590 429 635 eo
444 582 660 648 convenerant,
675 582 738 633 turn
754 574 876 632 navium
890 575 972 647 quod
987 574 1050 633 ubi-

86 673 136 733 que
148 658 249 719 luerat
262 675 358 718 unum
373 658 518 718 inlocum
533 661 714 732 coegerant3
738 657 850 733 quibus
866 659 989 718 amissis
1003 673 1052 716 re·

86 740 150 817 liqui
162 757 268 819 neque
283 758 347 817 quo
363 758 397 801 se
411 742 593 817 reciperent,
608 757 710 816 neque
726 742 984 816 quemadmodum
996 759 1050 817 op-

85 826 148 901 pida
160 826 366 886 defenderent
378 824 663 909 habebunultaqne
678 842 713 885 se
728 841 848 901 suaque
864 826 966 885 onruia
978 827 1051 884 Cae·

84 909 137 971 sari
150 908 347 971 dediderunt
367 911 401 969 ln
418 927 497 986 quos
512 926 549 970 eo
564 912 690 984 gravius
706 911 820 970 Cacsar
833 910 1052 970 vindicandum

84 993 184 1068 statuit,
200 1010 264 1070 quo
282 994 456 1070 diligentius
471 994 502 1054 in
516 995 667 1069 reliquum
683 1003 805 1069 tempus
821 994 988 1054 abarbaris
1003 994 1052 1054 ius

49 1100 54 1107 ·
85 1078 244 1151 legatorum
259 1086 505 1140 conservaretur.
535 1079 643 1153 ltaque
658 1078 740 1139 omni
755 1086 865 1139 senatu
880 1086 988 1139 necato
1004 1093 1049 1136 re·

84 1161 174 1236 liquos
191 1164 250 1224 sub
267 1179 385 1224 corona
398 1163 543 1225 vendidit.

43 1246 46 1253 '
154 1246 250 1308 XVII.
274 1248 355 1308 Dum
368 1245 446 1307 haec
460 1247 625 1306 inVenetis
640 1254 796 1321 geruntur,
814 1247 987 1321 Q.Titur·ius
997 1246 1049 1306 Sa·

83 1327 164 1392 birrus
179 1348 251 1393 cum
266 1332 305 1393 iis
321 1331 436 1406 copiis,
459 1348 537 1406 quas
553 1348 572 1389 a
586 1331 718 1390 Caesare
734 1338 911 1405 acceperat,
928 1332 958 1389 in
974 1330 1052 1390 fines

43 1488 46 1493 Ι
84 1414 253 1476 Unellorum
267 1415 418 1491 pervenit
446 1414 502 1475 His
516 1423 659 1489 praeerat
673 1415 836 1474 Viridovix
846 1431 887 1493 ac
903 1431 1053 1474 summam

84 1498 192 1574 imperii
213 1500 340 1561 tenebat
361 1515 465 1560 earum
486 1499 620 1560 omnium
643 1499 810 1574 civitatum,
837 1515 916 1573 quac
932 1500 1051 1558 deiece-

84 1590 156 1658 rant,
178 1584 350 1658 exquibus
371 1583 539 1643 exercitum
559 1598 753 1657 magnasque
769 1583 877 1658 copias
893 1586 1053 1656 setigerum

84 1676 166 1742 atque
179 1666 230 1728 his
246 1668 358 1742 paucis
373 1668 482 1727 diebus
496 1667 639 1741 Aulerci,
655 1666 847 1726 Eburovices
862 1666 1054 1740 Lexouiique

83 1760 184 1811 senatu
199 1768 260 1812 suo
275 1751 451 1826 interiecto,
468 1751 709 1827 quod·auctores
726 1751 795 1810 belli
812 1767 883 1810 esse
899 1749 1053 1824 nolebant

85 1842 180 1909 portas
203 1837 385 1896 clauserunt
405 1852 503 1911 seque
525 1852 593 1895 cum
613 1834 791 1895 Viridovice
814 1834 1053 1903 coniunxerunt;

85 1934 252 1995 magnaque
271 1927 434 1995 praeterea
454 1920 613 1980 multitudo
633 1920 770 1994 undique
785 1935 823 1978 ex
840 1918 937 1977 Gallio
952 1919 1054 1991 perdi-

32 2032 37 2073 ς
85 2003 340 2064 torumlrominum
350 2005 563 2078 latronumque
579 2010 773 2076 convenerat
784 2020 862 2077 quos
877 2019 951 2076 spes
965 2018 1053 2076 prae-

84 2086 168 2146 dandi
185 2088 384 2162 studiumque
399 2088 533 2147 bellandi
549 2088 587 2147 ab
603 2088 787 2162 agricultura
802 2095 832 2147 et
847 2087 999 2147 cotidiano
1012 2088 1053 2146 lo-

84 2170 150 2231 trore
173 2173 353 2231 revocabat.
403 2171 535 2232 Sabinus
561 2172 674 2231 idoneo
701 2171 841 2232 onruibus
867 2171 959 2230 rebus
986 2173 1053 2230 loco

33 2316 35 2322 ,
83 2254 186 2314 castris
208 2270 283 2315 sese
307 2256 443 2328 tenebat,
470 2273 539 2315 cum
559 2256 723 2315 Viridovix
744 2263 852 2314 contra
872 2270 941 2313 eum
962 2256 1054 2314 duurn

33 2346 37 2385 Ξ
83 2338 190 2398 milium
205 2340 309 2415 spatio
322 2339 517 2400 consedisset
532 2340 706 2414 cotidieque
718 2340 876 2414 productis
889 2340 987 2412 copiis
999 2356 1052 2414 pu·

33 2424 37 2485 l
82 2422 191 2495 suendi
205 2430 393 2498 potestatem
409 2424 537 2497 iaceret,
554 2431 587 2483 ut
600 2424 660 2483 iam
676 2440 737 2484 non
754 2426 852 2485 solum
868 2423 1008 2482 hostibus
1024 2422 1054 2481 in

33 2492 37 2593 i
82 2506 337 2583 contemptionem
345 2506 477 2567 Sabinus
491 2508 618 2581 veniret
635 2508 691 2568 scd
707 2509 796 2568 etiam
812 2515 987 2567 nostrorum
1001 2506 1042 2565 mi
1093 2535 1097 2543 ·

33 2602 45 2645 r
81 2589 159 2650 litum
172 2591 307 2652 vocibus
319 2589 455 2651 nonnihil
473 2598 666 2666 carperetur3
689 2600 864 2665 tantamque
879 2591 1054 2664 opinionem

33 2670 37 2751 l
81 2673 194 2735 timoris
208 2675 368 2751 praebuit,
394 2682 426 2734 ut
440 2675 500 2734 iam
515 2677 554 2735 ad
569 2677 682 2735 vallum
698 2685 867 2735 castrorum
882 2673 988 2734 hostes
1005 2690 1054 2733 ae-

33 2758 37 2789 ²
81 2758 188 2817 cedere
199 2759 360 2819 auderent.
377 2758 410 2818 ld
424 2775 461 2818 ea
476 2760 515 2818 de
530 2775 626 2819 causo
640 2761 779 2833 iaciebat,
798 2759 881 2834 quod
893 2765 1055 2818 coartante

33 2848 38 2925 ξ
82 2843 269 2903 multitudine
284 2841 427 2916 hostium,
443 2844 625 2917 praesertim
642 2860 678 2903 eo
695 2845 824 2903 absente
840 2843 891 2917 qui
907 2859 1055 2902 summam

33 2972 36 2981 .
82 2924 195 3000 imperii
209 2934 345 3000 teneret,
366 2926 426 2985 nisi
441 2943 542 3001 aequo
558 2929 628 2987 loco
645 2935 696 2987 aut
711 2927 938 3002 opportunitate
953 2926 1054 3000 aliqua

33 3020 40 3095 J
82 3008 148 3070 data
161 3012 266 3085 legato
284 3011 490 3071 dimicandum
505 3028 566 3072 non
583 3011 786 3071 existimabat.

154 3094 266 3155 XVlll.
299 3094 367 3154 Hae
393 3096 573 3155 confirmata
598 3097 744 3170 opinione
768 3093 886 3154 timoris
911 3092 1055 3154 idoneum

34 3202 38 3215 ·
84 3180 232 3250 quendam
247 3179 404 3239 hominem
418 3188 449 3239 et
469 3180 611 3238 callidum
633 3179 761 3253 delegit,
790 3177 923 3251 Gallum,
949 3193 986 3236 ex
1009 3179 1056 3253 iis,
1122 3184 1125 3191 ’

34 3286 43 3343 ‚e
86 3275 157 3335 quos
172 3262 278 3323 auxilii
294 3278 390 3323 causa
404 3279 509 3323 secum
527 3262 669 3323 habebat.
684 3263 762 3322 Huic
778 3261 897 3334 magnis
910 3264 1055 3337 praemiis

87 3347 412 3423 pollicitationibusque
426 3349 609 3423 persuadet,
625 3348 667 3408 uti
683 3347 722 3406 nd
737 3345 845 3407 hostes
860 3353 1012 3424 transeat,
1029 3356 1059 3411 et

41 3456 45 3475 =
89 3430 153 3503 quid
167 3431 235 3492 fieri
248 3433 324 3492 velit
337 3432 455 3492 edocet.
483 3431 539 3507 Qui
553 3432 605 3493 ubi
619 3448 677 3508 pro
693 3432 826 3510 perfuga
840 3432 882 3493 ad
895 3448 951 3493 eos
966 3434 1056 3498 veni·-
