2272 4176
10 39 78 237 ἶ
438 173 554 235 LIBER
575 173 597 233 1.
967 170 1009 235 25

10 298 22 343 μ’
44 341 148 405 capere
161 325 332 411 iurebelli,
358 326 441 402 quod
455 325 590 386 victores
605 322 695 385 victis
710 322 861 400 inponere
877 343 1005 389 consue·

10 346 20 529 k
45 412 105 473 rint
132 412 197 473 Non
213 426 288 472 sese
304 411 412 486 Gallis,
438 410 494 470 sed
518 410 621 471 Gallos
644 407 701 468 sibi
724 410 836 471 bellum
850 411 1005 473 intulisset

49 512 142 556 ornnes
166 495 282 556 Galliae
303 495 440 555 civitates
462 495 502 554 ad
524 511 559 555 se
574 492 817 570 oppugnandum
831 497 957 557 venisse
972 512 1007 555 ac

52 588 144 641 eontra
157 596 192 640 se
207 585 311 640 eastra
330 578 494 648 habuisse;
520 595 575 640 111
598 592 705 640 omnes
729 580 836 653 copias
858 597 877 640 a
897 597 932 640 se
946 597 1006 640 uno

55 665 154 739 proelio
169 666 278 740 pulsas
294 680 331 724 ac
346 669 509 739 superatas
525 678 607 723 esse.
637 661 670 722 Si
686 661 794 722 iterum
809 665 943 738 experiri
955 681 1002 723 ve·

55 748 103 824 lint,
116 764 149 808 se
162 750 271 809 iterum
286 755 425 822 paratum
438 763 509 808 esse
525 748 698 816 decertare3
715 745 741 804 si
756 763 835 821 pace
847 748 893 807 uti
906 748 1009 823 velint,

55 831 172 907 iniquum
188 847 262 893 esse
276 833 315 892 de
331 833 485 907 stipendio
501 847 662 904 recusare,
685 830 769 904 quod
784 848 841 891 sua
854 834 1011 892 voluntate

57 916 85 975 ad
96 917 124 976 id
137 924 257 992 tempus
272 917 486 992 pependerint.
502 916 675 976 Amicitiam
689 915 796 989 populi
807 917 937 976 Romani
952 916 1009 975 sibi

58 1009 215 1061 ornamento
232 1007 263 1060 et
275 1001 448 1075 praesidio,
475 1017 537 1059 non
560 1000 741 1059 detrimento
763 1014 835 1059 esse
857 1006 1010 1075 oportere,

29 1092 34 1103 ·
58 1083 132 1160 idque
146 1101 180 1144 se
195 1101 233 1144 ea
247 1099 306 1159 spe
320 1085 448 1158 petisse.
489 1083 521 1144 Si
536 1099 593 1159 per
608 1084 756 1157 populum
771 1084 941 1144 Romanum
958 1083 1009 1143 sti·

58 1168 181 1241 pendium
193 1169 365 1227 remittatur
380 1175 410 1228 et
424 1167 557 1229 dediticii
573 1166 805 1241 subtrahantur,
832 1185 895 1228 non
909 1168 1019 1249 minus²

57 1251 163 1312 ibenter
173 1268 246 1313 sese
256 1259 469 1312 recusaturum
481 1252 587 1326 populi
598 1251 727 1311 Romani
742 1251 903 1312 amicitiam
919 1268 1009 1327 quam

34 1335 206 1415 Ι1111111111,
237 1335 326 1410 Quod
349 1336 570 1397 multitudinem
595 1336 815 1395 Germanorum
837 1337 867 1395 in
886 1337 1008 1396 Galliam

57 1420 188 1495 traducat,
215 1420 247 1480 id
268 1435 304 1479 se
325 1420 372 1480 sui
387 1420 559 1493 muniendi,
585 1435 647 1478 non
665 1419 779 1478 Galliae
793 1419 1011 1495 inpugnandae

56 1517 132 1563 eausa
142 1505 261 1564 lacerer
276 1504 343 1564 eius
354 1503 611 1564 reitestimonium
623 1518 703 1576 esse,
717 1505 802 1577 quod
814 1504 873 1563 nisi
885 1510 1009 1579 rogatus

56 1601 100 1647 non
113 1588 232 1649 venerit
246 1594 277 1646 et
292 1588 377 1662 quod
391 1588 504 1648 bellum
520 1604 583 1647 non
599 1587 740 1657 intulerit,
758 1588 815 1647 sed
831 1588 1009 1647 detenderit.

56 1666 183 1746 deprius
206 1672 237 1731 in
261 1672 386 1731 Galliam
406 1673 531 1731 venisse
553 1686 645 1747 quarn
666 1673 815 1746 populum
830 1671 1010 1732 Romanum.

56 1750 205 1831 Numquam
220 1762 292 1814 ante
306 1754 366 1816 hoe
377 1762 499 1830 tempus
511 1756 678 1815 exercitum
690 1755 796 1830 populi
805 1756 934 1815 Romani
944 1757 1010 1814 Gal-

56 1836 98 1899 lae
110 1839 289 1914 provinciae
303 1839 415 1899 finibus
430 1855 599 1914 egressum.
631 1838 709 1913 Quid
724 1839 783 1898 sibi
797 1841 897 1913 vellet,
914 1857 967 1899 cur
981 1840 1011 1899 in

56 1936 112 1982 snas
127 1923 349 1999 possessiones
370 1924 510 2000 veniret?
536 1923 726 1985 Provinciam
742 1938 829 1982 suam
845 1922 925 1982 hane
940 1939 1011 1983 esse

56 2004 177 2082 Galliam,
204 2009 286 2067 sieut
300 2007 381 2066 illam
396 2014 541 2068 nostram.
569 2008 609 2068 Ut
623 2007 683 2082 ipsi
699 2007 828 2068 concedi
844 2024 906 2067 non
921 2025 1010 2083 opor-

56 2094 127 2166 teret,
153 2093 180 2151 si
196 2093 227 2150 in
242 2098 366 2153 nostros
383 2093 460 2152 fines
477 2093 621 2166 impetum
637 2093 766 2164 laceret,
793 2092 838 2150 sic
860 2092 932 2152 item
953 2109 1011 2153 nos

55 2186 111 2234 esse
123 2176 256 2253 iniquos
273 2176 357 2250 quod
372 2177 401 2235 in
417 2194 474 2236 suo
490 2177 556 2235 iure
571 2192 606 2236 se
621 2176 896 2251 interpellaremus.
924 2178 1010 2251 Quod

26 2286 31 2293 ·
55 2256 145 2320 iratres
152 2261 302 2320 Haeduos
318 2263 489 2334 appellatos
506 2262 629 2333 diceret,
646 2276 707 2319 non
723 2266 833 2320 setam
848 2261 1011 2321 barbarum

53 2356 138 2419 neque
158 2351 220 2403 tam
242 2344 415 2418 imperitum
437 2360 508 2405 esse
529 2360 648 2417 rerum,
674 2352 783 2404 utnon
805 2345 897 2404 sciret
911 2362 1012 2421 neque

54 2422 119 2486 bollo
138 2427 341 2502 Allobrogum
367 2429 506 2503 proximo
526 2429 672 2487 Haeduos
694 2429 841 2488 Romanis
867 2431 1010 2490 auxilium

53 2511 144 2572 ulisse
156 2528 261 2587 neque
273 2512 361 2587 ipsos
376 2513 405 2571 in
420 2513 466 2572 his
483 2512 737 2585 contentionibus
747 2529 824 2586 quas
832 2513 951 2574 Haedui
964 2532 1010 2574 se-

54 2603 235 2659 1111111111
252 2595 403 2672 Sequanis
419 2596 614 2670 habuissent,
631 2597 744 2658 auxilio
761 2599 868 2671 populi
882 2600 1010 2659 Romani

53 2691 113 2740 usos
128 2695 210 2740 esse.
240 2681 360 2740 Debere
381 2697 416 2741 se
438 2682 590 2756 suspicari
605 2682 746 2741 simulata
762 2681 924 2741 Caesarem
939 2684 1011 2743 ami-

53 2762 122 2838 citia,
148 2765 234 2841 quod
256 2766 422 2832 exercitum
437 2767 467 2825 in
485 2767 581 2825 Gallia
595 2765 721 2839 habeat,
750 2765 796 2824 sui
820 2767 1010 2840 opprimendi

54 2859 132 2908 tonsa
145 2848 269 2908 babere.
300 2849 355 2922 Qui
371 2850 429 2909 nisi
445 2851 575 2910 decedat
589 2857 682 2924 atque
699 2849 865 2910 exercitum
881 2852 1011 2911 deducat

52 2943 81 2989 ex
92 2932 138 2992 bis
152 2933 350 3007 regionibuS,
373 2950 444 2994 1111
458 2935 541 2993 illurn
556 2950 617 2992 non
633 2951 691 3008 pro
708 2934 822 3009 amieo,
851 2937 905 2994 sed
923 2937 1012 2996 hoste

53 3010 219 3077 habitururn.
251 3017 340 3090 Quod
355 3019 382 3077 si
397 3034 465 3078 eum
481 3019 682 3093 interfecerit,
699 3019 800 3077 multis
818 3034 888 3077 sese
904 3020 1010 3078 nobili-

53 3095 95 3160 bus
119 3101 378 3177 principibusque
404 3103 510 3177 populi
531 3103 660 3161 Romani
682 3108 800 3176 gratum
823 3117 894 3160 esse
916 3104 1006 3163 lactu·

52 3195 116 3244 11111
131 3187 162 3246 id
176 3201 214 3245 se
228 3185 267 3245 ab
282 3187 358 3260 ipsis
372 3201 541 3263 percorum
555 3187 874 3260 nuntioscomperlum
888 3185 1011 3264 habere,

54 3280 166 3343 plorum
183 3270 322 3331 omnium
343 3271 470 3345 gratiam
486 3277 578 3346 atque
594 3270 755 3330 amicitiam
770 3269 836 3328 eius
852 3280 950 3331 morte
964 3288 1009 3331 re-

60 3346 149 3416 imere
161 3362 288 3432 posset.
318 3354 404 3428 Quod
426 3356 452 3415 si
474 3354 672 3416 discessisset
693 3359 723 3412 11
744 3353 868 3413 liberam
884 3372 1010 3431 posses-

64 3432 151 3503 ionem
167 3439 290 3503 Galliae
305 3439 363 3499 sibi
383 3440 574 3514 tradidisset,
600 3454 711 3513 magno
727 3452 762 3496 se
777 3437 860 3498 illum
877 3438 1010 3517 praemio
