2272 4176
128 480 188 545 124
416 482 467 545 ult
488 481 613 544 BELLO
637 482 800 545 Gntttco

126 653 181 713 pes
191 635 305 699 Galliae
320 636 456 701 conciliis
472 636 663 701 silvestribus
679 651 715 695 ac
729 637 854 701 remotis
869 637 949 700 locis
966 653 1089 716 querna

125 732 173 782 tur
188 722 227 781 de
241 724 375 785 Acconis
397 732 511 795 morte;
537 736 633 799 posse
647 720 728 781 hunc
745 738 849 783 casum
864 722 904 785 ad
919 724 1010 801 ipsos
1024 724 1098 785 reci·

125 807 198 866 dere
213 807 437 869 demonstrant:
465 810 647 869 miserantur
664 822 855 868 communem
874 808 992 870 Galliae
1007 810 1097 869 iortu·

125 907 210 951 nam:
240 894 381 954 omnibus
402 892 671 969 pollicitationibus
692 907 729 951 ac
749 892 893 967 praemiis
915 893 1098 969 deposcunt,

126 977 178 1052 qui
192 977 263 1037 belli
279 978 393 1039 initium
411 978 522 1039 iaciant
537 983 567 1036 et
580 976 628 1036 sui
644 976 752 1051 capitis
768 978 905 1053 periculo
927 978 1056 1039 Galliam
1069 978 1097 1038 in

124 1061 294 1123 libertatem
314 1063 478 1123 vindicent.
509 1060 649 1136 inprimis
670 1062 818 1122 rationem
840 1078 912 1124 esse
926 1062 1098 1123 habendam

126 1146 244 1222 dieunt,
261 1146 440 1223 priusquam
455 1163 560 1207 eorum
576 1146 766 1206 clandestina
780 1146 909 1207 consilia
923 1146 1097 1222 efferantur,

125 1239 157 1291 ut
173 1231 285 1291 Caesar
300 1232 338 1291 ab
354 1233 490 1292 exercitu
504 1231 731 1291 intercludatur.
761 1232 795 1291 ld
810 1247 883 1292 esse
898 1232 998 1305 lacilc,
1016 1230 1097 1307 quod

125 1332 225 1389 neque
246 1316 382 1390 legiones
406 1316 538 1376 audeant
559 1316 685 1375 absente
706 1316 890 1391 imperatore
906 1332 946 1377 ex
961 1315 1096 1376 hibernis

125 1400 245 1474 egredi,
271 1416 373 1476 neque
388 1401 553 1476 imperator
567 1400 634 1460 sine
648 1400 804 1474 praesidio
820 1400 859 1460 ad
874 1401 1015 1475 legiones
1031 1417 1096 1478 per·

126 1484 230 1543 venire
243 1486 353 1560 possit.
382 1486 540 1547 Postremo
557 1486 587 1545 in
605 1485 670 1544 aoie
685 1493 844 1560 praestare
859 1485 990 1545 interfici
1007 1501 1095 1562 quam

127 1585 186 1629 non
201 1579 336 1630 veterem
351 1571 422 1631 belli
437 1571 564 1646 gloriam
578 1569 818 1645 libertatemque,
835 1585 928 1645 quam
943 1586 963 1630 a
976 1570 1093 1631 maiori·

128 1654 183 1715 bus
201 1655 382 1731 acceperint,
398 1670 591 1731 recuperare.

207 1739 242 1797 ll.
264 1740 319 1801 His
333 1741 426 1801 rebus
442 1741 562 1816 agitatis
577 1739 757 1814 profitentur
768 1737 915 1798 Carnutes
931 1754 968 1798 se
982 1741 1096 1801 nullum

124 1822 292 1899 periculum
308 1827 478 1887 communis
494 1823 601 1886 salutis
615 1840 710 1883 causa
720 1838 866 1883 recusare
877 1823 1096 1902 principesque

125 1923 163 1968 ex
185 1910 324 1971 omnibus
346 1911 458 1971 bellum
479 1912 613 1971 lacturos
634 1908 816 1984 pollicentur
836 1914 880 1982 et,
905 1909 1052 1983 quoniam
1065 1910 1095 1972 in

126 1995 299 2068 praesentia
313 1995 472 2057 obsidibus
489 2009 599 2056 cavere
614 1994 691 2054 inter
707 2009 817 2054 senon
832 1992 970 2069 possint,
992 2010 1033 2055 ne
1045 2009 1094 2056 res

125 2076 283 2155 efferatur,
298 2089 332 2142 ut
345 2080 540 2141 iureiurando
557 2095 592 2140 ac
607 2079 669 2139 fide
684 2079 840 2139 sanciatur
854 2086 976 2155 petunt,
993 2081 1093 2141 conla-

125 2163 163 2222 tis
178 2165 355 2226 militaribus
379 2166 475 2241 signis
490 2174 566 2242 (quo
581 2180 667 2224 more
682 2180 787 2224 eorum
802 2162 987 2239 gravissima
1002 2163 1091 2225 caeri-

125 2248 224 2308 monia
246 2251 444 2324 continetur),
470 2267 509 2310 ne
530 2252 610 2310 lacto
626 2249 709 2309 initio
724 2248 796 2308 belli
810 2248 848 2308 ab
863 2247 992 2322 reliquis
1007 2249 1091 2312 dese-

123 2340 236 2392 rantur.
264 2335 338 2394 Turn
354 2334 543 2395 conlaudatis
552 2334 742 2408 Carnutibus,
758 2334 828 2394 dato
844 2332 1043 2395 iureiurando
1056 2334 1094 2394 ab

122 2417 272 2491 omnibus,
290 2419 340 2493 qui
357 2419 492 2495 aderant,
509 2426 648 2494 tempore
659 2419 725 2478 eius
736 2420 781 2478 rei
793 2417 959 2479 constituto
972 2419 1012 2480 ab
1024 2434 1094 2481 con·

123 2501 191 2561 cilio
207 2501 383 2562 disceditur.

204 2585 254 2643 ΙΙΙ.
276 2587 334 2647 Ubi
350 2603 388 2647 ea
401 2586 467 2647 dies
482 2587 580 2662 venit,
608 2587 754 2648 Carnutes
771 2586 898 2649 Cotuato
920 2593 951 2647 et
966 2588 1094 2649 Coneto-

123 2670 225 2730 dunno
247 2671 394 2746 ducibus,
421 2672 594 2746 desperatis
615 2673 804 2748 hominibus,
832 2671 990 2733 Genabum
1006 2674 1094 2749 signo

122 2754 193 2815 dato
208 2763 394 2817 concurrunt
408 2756 727 2832 civesqueRomanos,
744 2757 795 2833 qui
810 2756 986 2832 negotiandi
1001 2773 1095 2819 causa

122 2838 161 2899 ibi
184 2843 395 2916 constiterant,
421 2842 451 2900 in
473 2842 520 2901 bis
542 2842 648 2903 Gaium
662 2843 781 2904 Fufium
797 2842 905 2917 Citam,
931 2841 1095 2905 honestum

122 2924 254 2999 equitem
269 2927 455 3002 Romanum,
482 2927 534 3002 qui
554 2928 599 2987 rei
620 2926 834 2989 frumentariae
849 2927 937 2986 iussu
952 2927 1094 2988 Caesaris

123 3018 275 3086 praeerat,
291 3011 475 3072 interficiunt
488 3012 631 3088 bonaque
646 3029 751 3073 eorum
768 3011 922 3087 diripiunt.
951 3011 1095 3073 Celeriter

120 3095 160 3154 ad
175 3111 282 3156 omnes
299 3097 414 3157 Galliae
429 3097 566 3159 civitates
582 3099 662 3158 lama
675 3099 837 3174 perlertur.
865 3096 941 3157 Nam
956 3096 1092 3157 ubicum-

121 3195 181 3256 que
196 3180 293 3241 maior
308 3189 400 3257 atque
415 3182 571 3244 inlustrior
586 3184 690 3244 incidit
704 3199 765 3257 res,
782 3183 915 3243 elamore
929 3197 987 3258 per
1001 3196 1093 3256 agros

119 3265 326 3342 regionesque
341 3267 530 3342 significant;
559 3267 641 3328 hunc
662 3269 712 3329 alii
727 3268 876 3344 deinceps
893 3266 1052 3342 excipiunt
1065 3274 1094 3326 et

120 3350 278 3425 proxumis
300 3353 438 3428 tradunt,
464 3359 498 3412 ut
522 3359 585 3413 turn
611 3354 730 3414 accidit.
772 3353 848 3412 Nam
875 3367 955 3428 quae
978 3350 1094 3412 Cenabi

119 3434 235 3498 oriente
250 3439 316 3500 sole
329 3445 417 3513 gesta
428 3444 540 3513 essent,
557 3446 626 3499 ante
638 3437 766 3514 primam
779 3437 948 3497 conlectam
959 3435 1093 3511 vigiliam

119 3520 149 3581 in
164 3522 276 3585 finibus
292 3525 499 3584 Arvernorum
513 3524 617 3585 audita
632 3529 711 3597 sunt,
729 3521 813 3596 quod
828 3521 960 3597 spatium
977 3528 1026 3582 est
1040 3520 1090 3581 mi·

120 3607 190 3667 lium
206 3624 353 3682 passuum
369 3610 489 3670 circiter
504 3624 569 3669 ccx.

202 3693 253 3751 tv.
290 3694 385 3754 Simili
404 3693 523 3755 ratione
542 3692 585 3755 ibi
597 3688 850 3766 Vercingetorix,
879 3689 986 3750 Celtilli
1000 3690 1092 3768 filius,

120 3779 285 3853 arvernus,
298 3794 436 3843 summae
446 3776 601 3853 potentiae
611 3776 805 3851 aduescens,
814 3775 901 3839 euius
912 3783 1001 3851 pater
1009 3775 1091 3852 prin·
