2272 4176
118 458 182 524 aad
429 460 480 521 DE
501 460 627 523 BELLO
649 462 764 524 CIVILI

118 631 261 691 magnum
285 630 444 675 numerum
468 615 672 694 deminuerat,
699 624 730 679 et
752 616 858 693 greum
876 619 1089 681 autmnnusin

118 700 231 778 Apulia
255 700 430 776 circumque
454 700 650 762 Brundisium
675 703 949 765 err-saluberrimis
975 704 1092 765 Galliac

119 790 151 847 ct
173 785 341 860 Hispaniae
367 785 546 860 regionibus
576 801 697 847 ornnem
725 787 893 848 exercitum
918 789 1092 851 valetudine

117 874 326 945 temptaverat.

199 955 250 1013 ΠΙ.
270 953 434 1030 Pompeius
449 970 583 1014 annuum
597 955 730 1030 spatium
744 956 785 1015 ad
801 957 1029 1033 comparandas
1043 975 1091 1019 co-

117 1040 185 1116 pias
201 1045 326 1114 nactus,
352 1040 436 1114 quod
451 1055 582 1099 vacuum
601 1056 621 1098 a
640 1040 719 1101 bello
741 1047 835 1116 atque
856 1043 896 1102 ab
911 1042 1004 1104 hoste
1018 1044 1087 1104 otio·

118 1141 187 1187 sum
203 1125 310 1198 luerat,
325 1139 466 1198 magnam
481 1139 521 1182 cx
535 1124 612 1183 Asia
619 1124 869 1202 Cycladibusque
884 1127 1005 1202 insulis,
1016 1128 1090 1190 Gor·

119 1225 202 1289 cyra,
216 1207 355 1283 Athenis,
369 1207 481 1282 Ponto,
498 1207 658 1286 Bithynia,
674 1206 779 1287 Syria,
796 1209 914 1285 cilicia,
929 1210 1091 1288 Phoenice,

119 1297 261 1373 Aegypto
277 1294 408 1352 classem
424 1295 581 1367 coegerat,
603 1308 744 1367 magnam
758 1280 902 1355 omnibus
918 1297 998 1357 locis
1013 1299 1092 1358 aedi-

120 1379 269 1439 ficandam
291 1382 465 1451 curaverat,
490 1392 631 1451 magnam
651 1377 829 1452 imperatam
844 1379 956 1454 Asiae,
985 1381 1091 1460 Syriae

118 1463 306 1538 regibusque
327 1461 467 1521 omnibus
490 1467 520 1520 et
535 1462 675 1539 dynastis
697 1467 737 1520 et·
748 1463 910 1523 tetrarchis
936 1472 967 1525 et
991 1466 1091 1526 liberis

117 1546 253 1609 Achaiae
267 1546 391 1621 populis
407 1546 570 1621 pecuniam
584 1552 744 1621 exegerat,
770 1562 913 1620 magnam
928 1550 1090 1612 societates

118 1647 223 1692 earum
237 1631 479 1706 provinciarum,
496 1646 573 1706 quas
589 1631 657 1706 ipse
672 1629 841 1705 obtinebat,
857 1631 917 1691 sibi
933 1648 1092 1695 nmnerare

119 1719 272 1790 coegerat.

200 1801 253 1860 lv.
275 1799 428 1874 Legiones
450 1797 595 1859 effecerat
614 1798 723 1859 civium
738 1799 948 1861 Romanorum
966 1818 1089 1864 novem.

119 1886 254 1961 quinque
270 1901 308 1944 ex
321 1884 415 1958 Italia,
432 1898 509 1958 quas
524 1883 717 1943 traduxerat:
729 1899 821 1943 unam
835 1899 875 1943 ex
891 1884 1000 1947 Cilicia
1012 1896 1090 1949 vete·

117 1987 237 2046 ranam,
263 1986 355 2045 quam
375 1969 485 2028 iactam
505 1983 544 2026 ex
573 1968 693 2027 duabus
718 1969 877 2042 gemellam
900 1973 1089 2045 appellabat;

117 2072 209 2115 unam
225 2070 264 2114 cx
280 2054 368 2115 Creta
388 2060 418 2112 et
431 2052 614 2112 Macedonia
628 2067 667 2110 ex
686 2052 838 2112 veteranis
852 2053 1019 2131 militibuS,
1044 2057 1088 2132 qui

117 2140 235 2200 dimissi
259 2156 278 2199 a
303 2138 515 2214 superioribus
541 2136 773 2212 imperatoribus
795 2137 826 2195 in
851 2137 899 2197 his
925 2141 1088 2213 provinciis

117 2224 336 2293 consederant;
363 2224 440 2283 duas
462 2238 500 2280 ex
514 2221 604 2295 Asia,
632 2237 709 2296 quas
723 2221 870 2282 Lentulus
890 2226 1002 2285 consul
1024 2240 1089 2286 con-

117 2308 297 2368 scribendas
320 2313 489 2368 curaverat.
527 2306 690 2365 Praeterea
710 2321 853 2380 magnum
874 2323 1037 2368 numerum
1055 2326 1090 2370 ex

117 2391 282 2466 Thessalia,
296 2391 433 2464 Boeotia,
448 2390 565 2450 Achaia
578 2390 735 2465 Epiroque
749 2392 956 2466 supplementi
971 2395 1089 2456 nomine

118 2477 147 2535 in
159 2476 297 2551 legiones
311 2475 522 2535 distribueral=
537 2474 585 2533 his
593 2475 785 2535 Antonianos
796 2475 907 2535 milites
921 2477 1088 2539 admiscuc

115 2567 171 2620 rat.
186 2560 309 2619 Praeter
323 2559 379 2618 has
396 2559 578 2633 expectabat
592 2575 661 2618 cum
677 2558 822 2634 Scipione
837 2575 876 2618 ex
891 2558 986 2638 Syria
1000 2565 1089 2638 legio·

116 2661 172 2705 nes
188 2645 275 2703 duas.
308 2642 487 2717 sagittarios
503 2658 543 2701 ex
559 2643 654 2718 Creta,
669 2644 918 2719 Lacedaemone,
942 2661 983 2705 ex
996 2646 1088 2708 Ponto

37 2754 42 2763 ·
118 2735 210 2805 atque
226 2726 317 2805 Syria
337 2728 526 2802 reliquisque
543 2726 713 2788 civitatibus
728 2728 786 2788 tria
799 2728 881 2787 milia
895 2746 1026 2793 numero
1040 2732 1087 2792 ha·

115 2814 221 2888 bebat,
247 2812 430 2873 funditorum
455 2812 597 2871 cohortes
619 2813 815 2872 sexcenarias
838 2813 930 2888 duas,
959 2818 1089 2892 equitum

118 2908 236 2974 septem
250 2897 342 2956 milia.
370 2896 418 2954 Ex
433 2897 543 2970 quibus
559 2903 724 2957 sexcentos
741 2897 844 2956 Gallos
859 2897 1024 2963 Deiotarus
1039 2902 1088 2962 ad-

116 2985 257 3055 duxerat,
285 2982 468 3057 quingentos
490 2980 715 3039 Ariobarzanes
741 2996 780 3038 ex
807 2982 1020 3056 Cappadocia,
1051 2986 1089 3045 ad

118 3069 249 3129 eundem
269 3082 428 3125 numerum
450 3065 544 3143 Cotys
565 3080 605 3123 ex
618 3064 745 3124 Thracia
761 3065 888 3125 dederat
901 3074 933 3126 et
948 3066 1089 3130 Sadalam

116 3154 209 3213 lilium
224 3151 364 3220 miserat;
381 3167 420 3210 ex
433 3149 616 3210 Macedonia
631 3149 754 3208 ducenti
770 3157 865 3225 erant,
882 3153 996 3225 quibus
1011 3155 1088 3215 Rha-

116 3237 254 3316 scypolis
269 3242 419 3311 praeerat
435 3235 596 3294 excellenti
610 3234 736 3303 virtute3
765 3235 949 3309 quingentos
972 3253 1012 3296 ex
1034 3241 1088 3299 Ga-

114 3321 247 3383 binianis
261 3320 463 3392 Alexandria,
492 3319 594 3380 Gallos
619 3319 863 3394 Germanosque,
891 3337 971 3396 quos
992 3323 1034 3383 ibi
1051 3326 1089 3382 A.

117 3407 263 3467 Gabinius
285 3404 431 3480 praesidii
453 3419 548 3463 causa
567 3403 650 3479 apud
670 3419 774 3478 rogem
794 3403 1002 3465 Ptolemaeum
1022 3408 1089 3467 reli·

117 3496 232 3565 querat,
247 3489 411 3565 Pompeius
427 3488 508 3549 filius
525 3504 593 3548 cum
608 3489 709 3548 classe
724 3489 909 3558 adduxeram
933 3491 1089 3568 octingen-

116 3581 165 3634 tos
186 3590 226 3632 ex
247 3575 346 3634 servis
367 3574 433 3634 suis
455 3581 676 3649 pastorumque
698 3589 824 3633 suorum
845 3577 1005 3648 coegerat3
1032 3584 1090 3637 tre·

117 3662 224 3717 centos
238 3658 462 3719 Tarcondarius
475 3659 583 3720 Castor
596 3666 627 3718 et
640 3658 808 3719 Donnilaus
824 3674 862 3717 ex
879 3658 1091 3734 Gallograecia

116 3740 265 3803 dederant
278 3742 399 3815 (horum
413 3744 489 3801 alter
503 3759 566 3803 una
578 3748 719 3817 venerat,
736 3743 812 3801 alter
827 3743 920 3802 lilium
935 3744 1090 3816 misereor
