2272 4176
342 198 384 238 nx
404 195 569 238 moronus
592 197 787 239 exercerer.
998 178 1056 241 113

72 350 186 426 cuique
207 344 289 406 reddi
312 352 342 404 et
365 344 457 404 aliena
474 351 560 413 tenet,
584 345 681 404 belli'
674 362 738 403 rura
759 346 886 406 rescindi
907 365 974 405 cum
995 348 1057 423 ipse

64 432 169 494 armis
192 435 284 504 cogat,
304 429 447 488 civitatem
469 429 635 488 confirmari
657 426 762 506 quibus
782 429 946 506 ademptam
961 436 1056 506 negat,

77 512 254 577 concordiae
275 513 366 588 gratia
386 511 482 589 plebei
497 511 681 571 tribuniciam
700 517 897 586 potestatem
889 514 1001 572 estitui
1022 531 1057 573 ex

77 616 137 677 qua
161 613 262 655 omnes
284 594 446 655 discordiae
468 594 618 655 adcensae
655 594 795 653 Pessume
820 598 949 656 omnium
967 602 1057 674 atque
1074 606 1109 659 15

64 680 338 779 .inpudentissume,
359 676 450 738 tibine
464 684 575 755 egestas
593 679 697 738 civium
720 684 748 736 et
765 677 861 739 luctus
876 696 964 740 curae
979 686 1055 749 sunt,

78 767 126 826 cui
151 761 222 822 nibil
246 769 290 822 est
307 761 385 821 domi
407 763 461 821 nisi
482 762 571 821 armis
597 768 714 858 partum
747 768 797 821 aut
823 780 876 839 per
901 763 1056 823 iniuriam?

75 846 211 907 Alterum
236 843 417 905 consulatum
438 847 512 922 petis
535 847 616 922 prasi
637 846 764 921 primum
786 845 956 915 reddideris,
979 846 1056 906 bello

77 929 268 992 concordiam
291 929 407 1006 quaeris
430 947 487 1006 quo
507 935 588 1005 parta
601 927 787 996 disturbatur,
810 932 902 990 nostri
914 930 1054 1007 proditor,

75 1016 141 1075 istis
154 1011 268 1080 infidus,
291 1013 382 1071 hostis
404 1013 533 1072 omnium
554 1011 708 1071 bonorum.
741 1012 779 1072 Ut
799 1018 827 1072 te
849 1031 944 1091 neque
963 1013 1056 1072 horni-

64 1115 149 1158 inum
171 1113 266 1174 neque
289 1096 412 1155 deorum
433 1095 536 1172 pudet,
567 1112 639 1172 quos
665 1112 720 1171 per
744 1095 831 1155 fidem
859 1104 909 1156 aut
927 1098 1056 1174 periurio

75 1180 203 1240 violasti!
225 1179 280 1250 Qui
300 1180 416 1257 quando
437 1177 502 1237 talis
524 1197 569 1246 es,
590 1195 709 1238 maneas
728 1179 757 1237 in
775 1182 916 1240 sententia
936 1187 964 1240 et
987 1182 1056 1240 reti·
1075 1185 1107 1238 lc

75 1280 149 1325 neas
167 1280 247 1322 arma
262 1268 291 1323 te
311 1262 423 1331 hortor,
443 1280 502 1322 neu
520 1260 698 1338 prolatandis
717 1262 921 1332 seditionibus,
944 1265 1057 1343 inquies

75 1349 150 1424 ipse,
174 1363 228 1407 nos
249 1348 278 1405 in
300 1345 491 1406 sollicitudine
519 1345 656 1406 adtineas.
706 1345 807 1422 Neque
832 1355 861 1407 te
882 1349 1056 1423 provinciae,

76 1447 174 1509 neque
200 1429 295 1505 leges,
322 1447 418 1507 neque
440 1429 487 1489 dei
510 1434 629 1505 penates
650 1429 741 1487 civem
763 1431 920 1505 patiuntur.
963 1431 1057 1508 Perge

64 1526 135 1591 ¹»qua
156 1520 287 1591 coeptas,
313 1519 346 1573 ιιι
367 1531 454 1590 quam
472 1528 654 1572 maurrrume
675 1516 778 1570 menta
801 1513 937 1572 invenias.

162 1595 220 1656 Vos
245 1602 356 1664 autem,
378 1602 476 1672 patres
499 1595 670 1672 conscripti,
700 1612 871 1673 quousque
894 1598 1056 1657 cunctando
1075 1605 1106 1656 17

75 1679 304 1757 rempublicam
325 1682 447 1739 intutam
468 1680 615 1756 patiemini
644 1685 673 1737 et
701 1677 797 1737 verbis
826 1697 906 1738 arma
935 1685 1057 1757 tempta·

75 1764 163 1824 bitis?
202 1763 329 1823 Dilectus
355 1762 509 1823 advorsum
531 1780 581 1821 ros
602 1761 701 1829 babiti,
730 1764 870 1838 pecuniae
889 1762 1005 1839 publice
1029 1770 1057 1822 et

75 1848 212 1925 privatim
227 1852 365 1915 extortae,
391 1846 534 1923 praesidia
555 1844 678 1905 deducta
698 1850 784 1923 atque
798 1847 936 1923 inposita:
959 1865 994 1906 ex
1012 1845 1056 1908 lu·

64 1931 176 1992 tbidine
203 1931 283 2007 leges
305 1931 491 2008 inperantur,
521 1947 587 1988 cum
615 1929 732 1988 interim
753 1946 804 1987 ros
825 1928 935 2006 legatos
959 1937 987 1989 et
1007 1929 1057 1989 de·

74 2020 156 2077 creta
180 2014 297 2091 paratis.
318 2011 432 2082 Quanto
451 2011 636 2072 mehercules
656 2011 765 2072 aridius
785 2029 887 2089 pacem
906 2014 1056 2089 petieritis,

73 2104 155 2159 tanto
185 2095 296 2157 bellum
323 2099 420 2157 acrius
447 2098 515 2164 erit,
543 2113 610 2155 cum
631 2094 778 2171 intelleget
802 2112 834 2156 se
862 2103 942 2157 metu
964 2097 1056 2173 magis

73 2199 164 2260 quam
189 2197 283 2259 aequo
303 2186 332 2240 et
345 2179 425 2240 bono
444 2185 646 2241 sustentatum.
670 2178 745 2239 Nam
763 2180 812 2257 qui
828 2180 930 2240 turbas
949 2186 978 2240 et
990 2198 1054 2240 cae·
1076 2187 1107 2239 18

74 2266 142 2327 dem
158 2266 263 2325 civium
280 2263 375 2325 odisse
393 2266 432 2324 ait
453 2270 481 2324 et
503 2262 540 2322 ob
555 2262 584 2322 id
596 2268 708 2322 armato
726 2262 836 2340 Lepido
855 2281 907 2324 ros
928 2264 1056 2324 inermos

71 2350 191 2416 retinet,
216 2365 291 2424 quae
315 2349 396 2407 victis
417 2347 567 2407 toleranda
587 2353 663 2416 sunt,
687 2365 721 2406 ea
744 2364 811 2406 cum
827 2346 926 2408 lacere
940 2349 1056 2424 possitis

71 2433 225 2513 patiamini
244 2431 341 2509 potius
356 2438 464 2492 censet.
508 2430 550 2489 lta
573 2429 613 2488 illi
635 2448 651 2489 a
672 2429 753 2488 robis
775 2448 893 2506 pacem,
917 2430 999 2490 vobis
1020 2430 1055 2491 ab

70 2516 123 2577 illo
145 2515 256 2575 bellum
278 2515 388 2575 suadet.
412 2515 492 2575 llaec
513 2515 536 2572 si
557 2512 681 2589 placent,
705 2514 729 2571 si
749 2518 829 2571 tanta
848 2513 972 2611 torpedo
996 2515 1055 2574 ani·
1076 2525 1107 2578 19

70 2616 140 2660 mos
162 2592 304 2679 obrepsit,
327 2606 361 2659 ιιι
349 2597 464 2659 tobliti
484 2596 629 2657 scelerum
650 2595 766 2666 Cinnae,
790 2598 873 2657 cuius
898 2600 928 2657 in
951 2597 1056 2658 urbem

67 2682 171 2745 reditu
192 2682 280 2743 decus
303 2682 413 2742 ordinis
433 2682 520 2742 huius
535 2681 658 2748 interiit,
681 2679 771 2739 nihilo
790 2681 886 2741 minus
903 2699 954 2741 vos
969 2688 1056 2761 atque

69 2767 215 2841 coniuges
234 2773 262 2826 et
278 2765 387 2826 liberos
408 2766 518 2845 Lepido
538 2764 711 2841 permissuri
733 2765 806 2831 sitis,
830 2765 899 2842 quid
915 2782 989 2841 opus
1007 2766 1056 2826 de·

70 2849 179 2912 cretis?
213 2850 282 2928 quid
303 2849 408 2910 auxilio
431 2847 542 2910 Catuli?
565 2845 640 2916 Quin
663 2848 689 2906 is
711 2854 739 2907 et
761 2846 808 2908 alii
828 2847 898 2908 boni
917 2866 981 2909 rem
1001 2864 1109 2929 puae

67 2933 179 2995 blicam
200 2933 310 2993 trustra
331 2939 444 2993 curant.
471 2932 568 3008 Agite,
596 2937 630 2991 ιιι
646 2930 741 2991 lubet!
767 2938 869 3009 parate
896 2931 978 2992 vobis
1003 2931 1055 2993 Ce-

66 3018 150 3094 thegi
172 3022 261 3094 atque
282 3015 336 3076 alia
358 3017 542 3094 proditorum
563 3015 734 3094 patrocinia,
758 3017 807 3093 qui
827 3017 944 3094 rapinas
967 3023 995 3075 et
1012 3017 1056 3076 in-

67 3101 174 3163 cendia
196 3102 360 3161 instaurare
383 3103 503 3178 cupiunt
525 3104 554 3158 et
566 3114 672 3158 rursus
687 3098 844 3159 advorsum
856 3101 926 3160 deos
942 3100 1057 3176 penatis

65 3203 175 3247 manus
204 3202 327 3244 armare.
371 3185 423 3244 Sin
443 3183 562 3244 libertas
585 3189 613 3242 et
634 3200 703 3242 vera
731 3185 824 3260 magis
845 3183 975 3260 placent,
1007 3184 1056 3243 de·

66 3272 181 3331 cernite
206 3269 293 3344 digna
317 3271 436 3328 nomine
469 3274 498 3329 et
525 3272 630 3342 augete
654 3266 805 3344 ingenium
827 3269 896 3327 viris
921 3266 1055 3327 sortibus.

64 3354 159 3415 Adest
178 3369 271 3412 noros
293 3355 453 3421 exercitus,
477 3352 513 3413 ad
535 3350 594 3410 hoc
614 3349 745 3410 coloniae
772 3359 903 3412 veterum
923 3350 1055 3422 militum,
1074 3360 1106 3412 21

64 3436 206 3497 nobilitas
228 3439 337 3504 omnis.
377 3437 466 3498 duces
497 3435 625 3514 optumi:
659 3433 776 3494 fortuna
798 3435 936 3501 meliores
962 3437 1055 3514 sequi·

114 3535 253 3587 Sacccer.
889 3522 917 3584 Q
