2272 4176
387 110 568 171 ΡΟΕΜΑΤΑ.
600 112 757 170 modurn
994 102 1056 171 457

168 265 477 336 matrisanimula,
491 266 520 337 8,
537 260 614 326 144:
636 266 694 322 Nec
709 282 766 321 non
777 267 837 322 olus
850 282 960 338 quoquc
975 266 1054 323 silve·

83 368 140 410 stre
155 359 197 408 est
211 354 292 408 trium
307 353 435 407 foliorum
445 351 507 408 Divi
520 352 581 407 lulii
592 351 760 407 carminibus
771 352 923 424 praecipue
936 351 1061 422 iocisque

82 438 246 494 militaribus
259 437 436 492 celebratum.
460 436 583 492 Alternis
596 437 699 509 quippe
709 436 839 494 versibus
852 438 1060 509 exprobravere

81 525 202 594 lapsana
222 539 253 577 sc
274 521 379 578 vixisse
401 520 476 592 apud
493 521 697 594 Dyrrhachium
717 521 907 593 praemiorum
923 520 1059 593 parsimo-

82 608 159 664 niam
175 607 346 664 cavillantcs.
380 606 430 660 Est
444 612 535 660 autem
550 604 579 661 id
593 622 676 678 cyma
690 606 835 662 silvestris.

173 690 282 748 Sueten.
295 690 371 747 Caes.
383 687 438 750 56:
459 689 580 761 Reliquit
600 695 627 745 et
647 690 682 745 de
704 691 835 762 analogia
849 689 920 746 duos
935 690 1020 745 libros
1035 694 1062 745 et

80 776 264 832 Anticatones
278 775 392 830 totidem
404 791 437 830 ac
447 781 594 847 praeterea
605 779 723 846 podma,
746 774 822 846 quod
832 775 989 830 inscribitur
1001 774 1061 828 iter.

82 861 210 929 Quorum
227 861 361 915 librorum
371 860 477 931 primos
488 859 516 913 in
527 860 644 914 transitu
654 858 783 931 Alpium,
806 875 869 914 cum
884 876 920 915 ex
934 858 1061 914 citeriore

81 945 173 1001 Gallia
194 945 376 1002 conventibus
397 944 518 1016 peractis
539 943 576 999 ad
598 944 749 1000 exercitum
770 943 889 1014 rediret,
912 948 1061 1016 sequentes

82 1032 136 1086 sub
151 1035 261 1102 tompus
272 1028 435 1084 Mundensis
446 1029 546 1101 proelii
557 1028 637 1098 lecit,
653 1029 852 1099 novissimum,
868 1028 934 1085 dum
946 1031 980 1084 ab
992 1028 1062 1083 urbe

82 1115 112 1170 in
125 1114 288 1186 Hispaniam
303 1114 462 1169 ulteriorem
477 1118 573 1185 quarto
590 1119 617 1169 et
630 1113 765 1170 vicesimo
780 1113 826 1170 die
840 1113 976 1186 pervenit.

485 1259 650 1318 INCERTA.

171 1364 295 1422 Diorned.
309 1360 472 1436 p.365P.:
502 1361 598 1418 Cicero
620 1377 767 1419 causarum
785 1376 848 1417 xun
877 1361 919 1419 Re
940 1364 1064 1439 vendita,

80 1447 184 1508 iterum
208 1453 308 1521 empta.
349 1447 431 1502 Vnde
446 1447 622 1502 manifestum
636 1447 666 1501 fit
679 1447 773 1505 venita
788 1462 844 1502 non
859 1445 929 1517 dici,
951 1450 1002 1505 sed
1017 1455 1065 1507 aut

81 1534 256 1594 venumdata
277 1538 323 1588 aut
341 1532 464 1588 vendita.
507 1531 544 1586 Vt
565 1530 661 1586 Cicero
685 1528 713 1587 C.
731 1529 849 1587 Caesar:
874 1531 1065 1593 Possessionee

82 1621 197 1688 redimi,
219 1633 267 1674 eos
278 1623 374 1688 posteo
385 1618 479 1688 pluris
495 1617 625 1672 venditos.

179 1703 244 1760 Gell.
265 1700 335 1770 VII,
358 1701 392 1761 9:
413 1701 449 1754 Nl.
462 1700 566 1755 Tullius
585 1707 612 1756 et
626 1698 655 1757 C.
668 1698 772 1756 Caesar
789 1699 906 1757 mordeo
917 1702 1060 1777 memordi,

82 1805 182 1862 pungo
197 1787 317 1858 pepugi,
341 1785 468 1856 spondeo
484 1785 624 1857 spepondi
638 1785 776 1840 dixerunt.

167 1870 275 1939 Quintil.
289 1869 314 1939 I,
334 1870 363 1938 7,
386 1868 441 1929 21:
466 1868 606 1941 Optimus,
627 1870 781 1939 dioximus,
802 1875 832 1924 ut
842 1869 962 1926 mediam
974 1872 982 1926 i
994 1873 1060 1929 litte·

85 1970 162 2025 ·am,
185 1972 256 2026 quae
276 1955 417 2011 veteribus
434 1970 450 2007 u
466 1955 568 2023 luerat,
594 1954 767 2025 acciperent,
789 1952 817 2010 G.
829 1955 948 2027 primum
961 1954 1061 2014 Caesa-

86 2043 124 2096 ris
143 2039 323 2110 inscriptione
339 2039 454 2092 traditur
473 2039 582 2093 iactum.
625 2038 681 2095 Vel.
701 2038 785 2111 Lonp.
800 2039 984 2110 patron:
1005 2042 1063 2097 An·

84 2126 168 2197 liquis
181 2125 259 2181 varie
275 2124 455 2194 scriptitatum
467 2129 509 2176 est
520 2125 713 2195 mancupium,
729 2125 892 2195 aucupium,
907 2127 1062 2199 manubiae,

85 2210 225 2281 siquidem
244 2206 272 2262 C.
286 2206 390 2263 Caesar
409 2207 483 2279 peri
498 2208 623 2277 scripsit,
645 2214 673 2261 ut
687 2214 804 2280 apparet
820 2225 855 2264 ex
869 2210 951 2265 titulis
967 2212 1064 2283 ipsius.

86 2294 209 2351 Cassiod.
222 2307 259 2347 cx
273 2292 389 2349 Cornuto
395 2310 427 2364 p.
436 2286 518 2352 2284
528 2291 578 2347 P..·
600 2293 753 2348 Lacrumae
766 2310 802 2348 an
812 2294 952 2364 lacrimae,
966 2313 1063 2352 maxu-

86 2395 149 2433 mus
166 2394 201 2433 an
212 2378 365 2444 maximus,
382 2383 408 2431 et
420 2377 442 2431 si
455 2393 526 2447 quae
539 2377 638 2431 similia
651 2380 726 2454 sunt,
738 2379 821 2432 scribi
833 2378 961 2449 debeant,
979 2397 1063 2451 quae·

87 2463 170 2517 situm
192 2467 243 2517 cst.
280 2461 425 2516 Terentius
439 2461 530 2516 Varro
545 2461 658 2516 tradidit
674 2460 824 2517 Caesarem
838 2464 911 2535 peri
928 2465 1064 2523 eiusmodi

86 2548 176 2604 verba
197 2546 305 2600 solitum
322 2562 384 2600 esse
401 2546 544 2601 enuntiare
560 2551 587 2600 et
601 2545 739 2602 scribere:
761 2545 826 2601 inde
840 2554 955 2619 propter
970 2556 1061 2607 aucto-

87 2632 196 2687 ritatem
210 2630 276 2684 tanti
291 2630 343 2685 viri
359 2631 588 2686 consuetudinem
601 2632 709 2690 iactam.

173 2713 275 2772 Isidor.
291 2717 376 2787 oripo.
389 2713 409 2769 Ι
412 2714 444 2784 V,
460 2713 515 2783 12,
531 2716 565 2774 7:
594 2714 735 2783 Teliuum,
758 2716 837 2771 cuius
858 2716 942 2774 lulius
961 2716 1065 2777 Caesar

87 2799 212 2856 meminit
226 2799 337 2854 dicens:
361 2799 518 2870 Corpusque
531 2803 612 2854 suavi
624 2801 702 2856 telino
716 2803 848 2872 erupimus·

169 2883 275 2939 Nonius
283 2901 316 2955 p.
326 2883 386 2944 198
398 2883 453 2939 Μ..-
475 2879 548 2938 Ciuis
567 2884 697 2939 feminino
714 2885 790 2956 apud
806 2883 956 2941 Caesarem
970 2892 997 2944 et
1012 2886 1063 2945 Ca-

87 2970 175 3025 tulum
189 2974 216 3024 et
231 2966 346 3025 Calvum
361 2969 461 3022 lectum
477 2971 533 3036 est,
557 2983 674 3038 quorum
689 2969 800 3024 vacillat
816 2970 972 3026 auctoritas.

172 3047 436 3125 depopulata·
451 3052 549 3107 Lutum
556 3057 639 3124 atque
646 3054 792 3109 macellum
799 3054 975 3126 singulariter
987 3058 1062 3115 exire
1101 3068 1104 3071 ’

89 3144 244 3210 memento,
264 3137 327 3195 licet
342 3136 488 3193 Memmius
503 3135 556 3191 ista
570 3137 687 3193 macella
702 3137 775 3194 dicat
786 3144 813 3195 et
825 3136 929 3199 Caesar
942 3142 1007 3199 luta.

476 3325 679 3335 -ψ--υ--ι--ι-
