2272 4176
441 183 557 245 urana
576 182 626 243 m.
833 148 837 153 ’
953 174 1016 245 aaa

88 340 208 405 Aegypto
227 336 260 387 ab
278 334 387 398 Achilla,
413 338 484 402 regio
502 336 643 402 praelecto,
670 342 695 387 ct
713 332 846 402 Septimio,
874 333 934 386 11111.
952 335 1017 399 11111..

89 402 316 457 11161161111103.
338 403 397 457 104.
434 405 527 457 Caesar
544 406 722 457 Alexandriam
744 420 824 469 usquc
844 419 901 455 eum
917 406 1017 457 insecu·
1096 404 1100 413 '

88 481 132 524 tua
151 477 337 526 controversias
355 475 492 526 Ptolemaei
510 483 535 526 et
552 475 698 541 Cleopatrae
717 476 833 527 dirimere
849 472 1016 540 111111106-

88 541 147 596 108.
177 544 303 594 excitatur
329 545 360 595 ab
379 545 477 596 Achilla
504 546 634 596 tumultus.
669 546 694 595 la
712 543 885 595 Dioscoridem
902 550 927 593 et
944 541 1015 594 Sera·

86 616 200 679 pionem,
219 615 290 679 regis
309 615 416 680 legatos,
440 615 544 666 interfici
560 615 643 676 inbet;
662 630 723 681 rege
739 615 834 680 potitur
842 608 1014 674 caerulea,

87 685 132 746 qui
151 699 219 734 novo
243 685 280 734 ibi
302 684 368 736 bello
394 685 523 735 intricatur
546 683 709 737 lto-112.
745 685 806 735 Inde
831 682 889 735 balli
907 681 1004 734 Alexan

86 753 155 802 drini
176 753 259 802 initia.

120 856 142 913 Ι.
171 836 326 914 Dictatore
346 854 477 916 habente
499 855 620 917 comitio
636 856 767 916 Caesare
789 857 934 918 consules
949 873 1014 918 cre·

44 939 229 998 anturlulius
239 939 350 998 Caesar
365 939 432 998 etl).
442 940 604 1000 Servilius:
620 940 646 1000 is
662 941 742 1000 enim
753 947 818 1001 erut
828 957 936 1018 annus,
952 958 1014 1018 quo

44 1039 92 1099 per
113 1025 201 1098 leges
224 1023 252 1081 ei
274 1024 431 1084 consulem
452 1025 518 1084 fieri
532 1026 646 1084 liceret.
676 1025 731 1085 His
745 1026 839 1087 rebus
855 1027 1013 1103 conlectis,
1119 1050 1122 1055 ·

44 1125 106 1169 cum
127 1108 208 1168 rides
230 1113 294 1167 tota
314 1109 399 1168 ltalia
419 1117 503 1170 esset
523 1109 680 1185 angustior
695 1125 796 1184 neque
812 1111 946 1172 creditae
960 1128 1013 1188 pe-

44 1193 148 1255 cuniae
171 1193 378 1266 solverentur,
406 1195 573 1266 constituit,
598 1201 632 1253 ut
652 1194 756 1254 arbitri
772 1195 933 1267 darentur3
958 1211 1009 1272 per
1052 1252 1054 1257 .

44 1294 91 1338 cos
107 1277 218 1337 tierent
233 1277 458 1339 aestimationes
475 1279 712 1353 possessionum
727 1285 757 1337 et
774 1295 891 1356 rerum,
908 1280 1013 1356 quanti

44 1377 180 1439 quaeque
196 1377 301 1421 earum
316 1369 385 1422 ante
400 1364 513 1423 bellum
528 1364 651 1438 luisset,
679 1369 771 1439 atque
785 1363 843 1424 hae
859 1365 1013 1427 creditori·

44 1446 94 1507 bus
109 1447 314 1506 traderentur.
341 1447 408 1507 lloo
424 1455 454 1507 et
467 1449 507 1507 ad
522 1448 660 1508 timorem
675 1464 825 1508 novarum
842 1450 1012 1511 tabularum

44 1533 206 1594 tollendum
226 1531 499 1608 minuendumque,
527 1532 578 1608 qui
600 1533 664 1591 lere
690 1533 771 1592 bella
785 1538 816 1592 et
830 1533 936 1594 civiles
952 1534 1014 1594 dis·

44 1617 201 1677 sensiones
218 1617 306 1691 sequi
322 1617 490 1690 consuevit,
507 1623 536 1676 ct
550 1617 591 1676 od
606 1617 776 1678 debitorum
790 1618 936 1677 tuendam
951 1618 1010 1677 exi·

44 1701 243 1762 adunationem
258 1715 330 1760 esse
344 1702 535 1775 aptissimum
550 1700 743 1762 existimavit.
772 1702 910 1777 Itemque
926 1716 1013 1776 prae·

44 1786 154 1847 toribus
170 1784 363 1861 tribunisque
384 1785 483 1860 plebis
504 1785 683 1860 rogationes
699 1786 740 1844 ad
754 1787 903 1861 populum
916 1787 1013 1845 161611·

44 1871 116 1931 tibus
132 1870 300 1931 nonnullos
316 1871 446 1930 ambitus
460 1869 607 1945 Pompeia
618 1871 685 1944 lege
699 1871 858 1931 damnatos
870 1871 928 1931 illis
941 1878 1010 1930 tem·
1034 1922 1037 1926 ,

44 1956 176 2031 poribus,
206 1954 316 2029 quibus
343 1955 373 2013 in
397 1955 473 2015 mbo
498 1955 654 2030 praesidia
674 1954 829 2029 legionum
850 1955 1013 2031 Pompeius

44 2040 203 2114 babuerat,
231 2054 310 2114 quae
330 2039 442 2099 iudicia
456 2039 523 2099 aliis
539 2039 733 2100 audientibus
750 2040 918 2116 iudicibus,
944 2039 1013 2099 aliis

44 2125 221 2185 sententiam
237 2124 418 2198 ferentibus,
441 2124 568 2199 singulis
585 2124 692 2183 diebus
707 2131 792 2184 erant
807 2126 958 2200 perlecto,
984 2124 1014 2184 in

44 2210 189 2285 integrum
204 2209 349 2282 restituit,
367 2209 417 2284 qui
433 2225 467 2268 se
481 2211 523 2268 illi
538 2208 621 2269 initio
637 2209 734 2269 civilis
749 2210 819 2269 belli
834 2209 1014 2285 obtulerant,

44 2295 64 2355 si
78 2312 137 2355 sua
153 2308 252 2368 opera
265 2293 295 2352 in
310 2294 389 2353 bello
405 2295 447 2353 uti
461 2296 565 2368 vellet,
592 2293 722 2368 proinde
743 2295 908 2354 aestimans
930 2310 967 2354 ac
988 2292 1015 2353 sl

44 2396 112 2441 usus
129 2384 232 2452 esset,
259 2379 401 2453 quoniam
417 2378 464 2438 sui
479 2379 626 2438 iecissent
639 2384 831 2453 potestatem.
863 2377 1015 2440 Statuerat

44 2466 116 2525 onim
139 2463 227 2539 prius
249 2463 307 2523 hos
328 2463 440 2523 iudicio
463 2464 567 2539 populi
589 2464 702 2522 debere
716 2464 834 2523 restitui
849 2480 940 2538 quam
955 2478 1013 2523 suo

44 2549 190 2610 beneficio
211 2547 308 2606 videri
328 2555 489 2623 receptoS‚
514 2564 553 2607 ne
574 2554 626 2607 aut
645 2548 782 2622 ingratus
805 2548 835 2606 in
851 2547 1013 2608 referenda

44 2636 134 2708 potia
156 2637 210 2693 aut
229 2648 376 2707 arrogans
398 2633 429 2693 iu
449 2633 665 2708 praeripiendo
681 2633 787 2708 populi
802 2632 952 2693 beneficio
967 2632 1011 2693 vi·

44 2718 172 2780 deretur.

119 2804 158 2861 ll.
181 2802 237 2861 His
258 2802 349 2861 rebus
370 2810 400 2861 et
421 2802 504 2860 leriis
525 2800 639 2861 Latinis
661 2800 853 2875 comitiisque
868 2800 1008 2861 omnibus

44 2887 239 2963 perficiendis
258 2886 399 2946 undecim
415 2887 481 2945 dies
497 2885 600 2944 tribuit
615 2885 826 2960 dictaturaque
842 2899 877 2944 se
892 2885 1013 2946 abdicat

44 2978 67 3032 11
86 2973 126 3032 ab
150 2971 227 3031 urbe
242 2971 444 3044 proficiscitur
458 2970 717 3044 Brundisiumque
732 2969 880 3044 pervenit.
908 2968 953 3029 Eo
969 2972 1010 3030 le·

44 3056 148 3133 giones
168 3056 340 3130 duodecim,
357 3056 523 3130 equitatum
539 3070 659 3116 omnem
673 3055 779 3113 venire
793 3053 933 3113 iusserat.
950 3052 1011 3114 Sed

44 3146 152 3202 tantum
168 3141 291 3200 navium
306 3141 427 3215 reperit,
443 3149 476 3199 ut
490 3147 619 3214 anguste
631 3156 673 3198 xv
683 3139 766 3198 milia
776 3137 1011 3211 legionariorum

44 3227 173 3300 militum,
189 3241 226 3284 uc
241 3224 359 3299 equites
374 3232 582 3299 transportare
597 3229 734 3299 possent.
749 3222 816 3282 Hoc
831 3238 923 3281 unum
939 3221 1012 3283 Cae-

44 3312 98 3372 sari
113 3311 154 3370 ad
170 3309 354 3370 celeritatem
371 3309 552 3371 conficiendi
564 3308 634 3368 belli
650 3307 754 3367 deluit.
776 3306 879 3382 Atque
893 3307 951 3368 hae
965 3307 1010 3383 ip·

44 3410 92 3457 sae
107 3395 219 3471 coplae
234 3393 295 3454 hoe
308 3394 564 3471 infrequentiores
585 3394 796 3468 imponuntur,
823 3391 907 3468 quod
927 3393 1012 3455 multi

44 3478 162 3543 1111111611
177 3486 224 3542 tot
237 3479 326 3541 bellis
342 3479 525 3557 deiecerant,
540 3475 990 3604 111111116161ἓ111111111
