2302 4192
66 39 115 91 pirre:
129 46 134 65 ι
159 40 179 57 ϊ
199 42 208 49 ·-

328 128 485 197 BELLUM
505 130 771 196 HISPANIENSE.
945 200 950 209 ,
977 129 1041 195 409

70 288 138 351 Pari
153 287 374 351 consuetudine
393 287 497 362 vigilia
511 287 649 347 secunda
663 303 702 346 ex
717 282 833 362 oppido
849 287 950 361 ignem
964 287 1036 346 mul·

68 382 130 436 turn
142 376 335 448 telorumque
346 370 566 432 multitudinem
579 372 719 433 iactando
727 372 807 431 bene
817 386 960 445 magnum
967 377 1040 429 tenr-

70 475 128 533 pus
142 463 402 533 consumpserunt
412 458 648 531 compluresque
660 456 839 516 vulneribus
852 456 1040 514 adiecerunt.

69 543 234 604 Praeterito
247 550 384 616 tempore
395 541 494 601 noctis
507 541 697 615 eruptionem
710 540 749 599 ad
760 540 912 614 legionem
924 545 1042 597 sextam

71 627 224 701 lecerunt,
247 642 315 686 curn
332 625 362 682 in
381 640 475 700 opere
486 624 582 685 nostri
595 624 718 684 distenti
729 630 849 697 essent,
871 622 1042 697 acriterque

69 727 208 787 pugnare
221 716 405 785 coeperunt;
430 725 559 784 quorum
576 708 624 768 vis
641 723 787 784 repressa
804 706 964 779 anostris,
985 707 1042 765 etsi

67 796 218 872 oppidani
237 793 396 869 superiore
414 795 483 853 loco
497 792 749 853 defendebantur.
779 791 817 850 Hi
831 807 898 851 curn
910 790 1042 864 eruptio·
1099 794 1101 799 '

67 896 138 938 nem
152 881 254 938 lacere
267 877 457 952 coepissent,
475 884 575 936 tamen
591 877 701 937 virtute
717 876 843 937 militum
860 883 1042 948 nostrorum,

66 965 144 1040 [qui]
158 963 217 1021 etsi
228 963 370 1021 inferiore
381 963 449 1023 loco
462 962 687 1037 premebantur,
698 968 797 1021 tamen
810 961 924 1035 repulsi
935 959 1043 1019 adver-

66 1047 142 1109 sarii
160 1047 240 1106 bene
258 1046 359 1106 multis
377 1046 554 1106 vulneribus
566 1047 678 1106 adlecti
688 1047 719 1105 in
732 1045 880 1120 oppidum
892 1058 926 1104 se
939 1050 1043 1106 contu-

66 1139 178 1192 erunt.

153 1215 231 1274 Xlll.
253 1214 380 1274 Postero
393 1214 442 1273 die
452 1213 616 1288 Pompeius
635 1230 674 1273 ex
688 1214 798 1274 castris
810 1214 875 1273 suis
887 1211 1042 1273 brachium

66 1299 174 1374 coepit
187 1300 226 1358 ad
237 1298 348 1358 ilumen
361 1297 499 1358 Salsum:
523 1306 553 1359 et
571 1315 640 1358 cum
658 1299 754 1360 nostri
772 1299 892 1373 equites
911 1297 1001 1372 pauci
1013 1297 1042 1354 in

66 1384 203 1445 statione
215 1383 345 1443 fuissent
357 1398 375 1441 a
387 1382 525 1456 pluribus
538 1383 665 1457 reperti,
685 1385 723 1443 de
736 1384 865 1443 statione
877 1387 948 1442 sunt
962 1381 1043 1440 deie-

66 1469 104 1530 cti
118 1475 152 1527 et
170 1468 265 1527 occisi
282 1474 355 1528 ires.
381 1465 426 1526 Eo
447 1466 496 1525 die
507 1468 605 1526 Aulus
616 1466 761 1542 Valgius,
784 1466 935 1527 senatoris
953 1465 1043 1538 filino,

66 1553 158 1614 euius
170 1552 261 1611 frater
273 1551 303 1610 in
315 1550 423 1610 castris
435 1549 560 1625 Pompei
573 1551 696 1625 luisset,
716 1550 857 1611 omnibus
870 1550 934 1610 suis
951 1549 1043 1609 rebus

66 1636 184 1697 relictis
197 1651 308 1710 equum
326 1635 506 1695 conscendit
521 1642 551 1694 et
566 1636 651 1710 fugit.
681 1635 862 1710 Speculator
874 1634 912 1692 de
923 1633 1044 1707 legione

66 1720 209 1782 secunda
225 1719 410 1794 Pompeiana
427 1726 534 1794 captus
554 1735 572 1778 a
589 1719 733 1779 militibus
751 1719 968 1779 etinterfectus
981 1722 1042 1775 est:

66 1807 214 1879 idemque
231 1804 377 1878 temporis
397 1805 485 1877 glans
502 1804 598 1863 missa
615 1810 662 1863 est
679 1803 841 1878 inscripta:
864 1819 925 1876 quo
944 1801 992 1860 die
1005 1801 1044 1859 ad

66 1889 219 1961 oppidum
239 1887 420 1962 capiendum
437 1888 633 1961 accederent,
658 1904 692 1947 se
711 1895 830 1948 scutum
842 1902 914 1947 esse
927 1885 1042 1961 positu-

66 1990 146 2035 rurn.
173 1975 238 2046 Qua
249 1986 306 2047 spe
323 1972 474 2045 nonnulli,
493 1972 564 2031 dum
577 1973 643 2032 sine
656 1973 792 2047 periculo
805 1987 924 2031 murum
935 1984 1040 2029 ascen·

66 2059 144 2118 dere
155 2064 185 2116 et
197 2056 312 2131 oppido
324 2056 414 2131 potiri
426 2071 522 2131 posse
534 2071 568 2116 se
581 2064 715 2132 sperant,
728 2063 853 2132 postero
867 2056 916 2115 die
927 2054 965 2113 ad
979 2069 1042 2113 mu-

66 2159 138 2202 rum
150 2157 231 2216 opus
243 2141 345 2199 lacere
358 2147 539 2215 coeperunt,
562 2148 592 2200 et
609 2141 687 2200 bene
709 2157 820 2216 magna
836 2139 948 2216 prioris
966 2137 1044 2197 muri

68 2233 158 2303 parte
177 2222 352 2284 deiecta**.
386 2225 451 2298 Quo
473 2226 553 2285 lacto
574 2225 612 2285 ab
632 2225 811 2300 oppidanis,
833 2240 870 2284 ac
883 2225 909 2284 si
921 2236 1044 2284 suarum

68 2310 202 2385 partium
214 2316 332 2384 essent,
346 2310 518 2370 conservati
530 2308 568 2347 **
579 2309 693 2370 missos
707 2311 808 2369 lacere
820 2309 980 2381 loricatos,
993 2305 1044 2381 qui

69 2393 218 2470 praesidii
231 2409 325 2452 causa
336 2394 504 2469 praepositi
517 2394 632 2469 oppido
645 2392 819 2469 aPompeio
832 2399 951 2466 essent,
976 2406 1043 2450 ora-

68 2479 153 2538 bant.
178 2476 293 2550 Quibus
305 2479 466 2553 respondit
478 2477 604 2538 Caesar:
628 2494 662 2538 se
675 2477 873 2538 condiciones
886 2478 970 2548 dare,
982 2491 1043 2534 non

68 2563 212 2637 accipere
230 2562 440 2622 consuevisse.
468 2561 512 2621 lbi
538 2578 605 2622 cum
623 2563 652 2621 in
671 2562 819 2637 oppidum
837 2561 1043 2633 revertissent,

68 2648 167 2706 relato
193 2661 346 2721 responso
377 2648 509 2706 clamore
535 2647 655 2707 sublato
679 2647 760 2706 omni
781 2661 894 2721 genere
915 2647 1043 2704 telorum

69 2731 184 2790 emisso
197 2745 333 2804 pugnare
344 2746 503 2811 promuro
528 2738 591 2790 toto
610 2735 793 2805 coeperunt;
816 2736 941 2805 propter
960 2728 1043 2803 quod

68 2817 256 2888 ioremagna
266 2831 338 2889 pars
356 2814 529 2888 hominum,
553 2814 651 2889 quiin
672 2814 780 2874 castris
799 2815 912 2874 nostris
931 2820 1043 2883 essent,

68 2916 130 2960 non
146 2898 328 2971 dubitarunt,
343 2899 415 2973 quin
429 2899 619 2973 eruptionem
630 2913 667 2957 eo
681 2899 730 2958 die
742 2907 847 2958 essent
858 2897 973 2957 tacturi.
999 2896 1043 2954 lta

69 2999 187 3044 corona
198 2982 383 3043 circumdata
397 2991 563 3058 pugnatum
577 2990 627 3043 ‘est
647 2984 832 3058 aliquamdiu
843 2980 1037 3042 vehementis·

68 3068 157 3141 sime,
170 3067 322 3142 simulque
334 3068 455 3139 ballista
467 3068 562 3127 missa
574 3084 593 3127 a
604 3069 716 3130 nostris
729 3075 840 3128 turrem
853 3066 970 3139 deiecit,
984 3080 1044 3139 quu

68 3152 330 3227 adversariorum,
355 3152 406 3226 qui
423 3152 452 3210 in
471 3167 508 3211 ea
524 3159 606 3212 turre
623 3153 754 3224 luerent,
783 3153 919 3225 quinque
935 3148 1043 3210 deiecti

68 3243 139 3299 suut
155 3244 185 3297 et
196 3251 281 3311 puer,
295 3236 347 3311 qui
358 3236 508 3296 ballistam
520 3236 627 3297 solitus
640 3244 705 3296 erut
716 3236 890 3296 observare.

137 3322 217 3383 xlv.
230 3319 326 3381 *Eius
338 3320 491 3395 praeteriti
504 3325 647 3396 temporis
659 3320 822 3395 Pompeius
835 3326 918 3380 trans
931 3317 1042 3379 flumen

72 3407 195 3470 Salsum
208 3405 366 3468 castellum
379 3403 1055 3487 constituitnequeanostrisprolibu‘nustex·
