2272 4176
189 118 233 160 un
254 117 357 161 sunno
381 118 583 165 morsuuruo
605 122 633 164 o.
653 112 698 167 ⁷5.
714 113 756 172 ⁷6.
924 105 964 167 83

59 271 138 326 terea
154 265 301 343 conquirit
316 283 353 326 ex
369 267 447 344 agris
462 284 550 346 quam
566 269 737 348 plurumum
752 277 848 348 petest
864 271 990 339 domitia

59 350 116 410 ris:
134 366 168 410 eo
183 350 297 426 inponit
310 366 377 410 vasa
388 351 529 428 cuiusque
542 355 631 423 modi,
646 361 690 414 set
703 353 843 432 pleraque
858 353 962 432 lignea,

59 439 117 495 eota
138 450 174 492 en
189 433 314 509 tuguriis
331 431 538 494 Numidarum:
562 436 599 497 ad
615 437 672 497 hoe
686 437 824 497 finitumis
838 439 991 515 inperatn

59 536 81 577 ιο
95 522 162 594 post
176 515 255 591 regis
269 514 368 591 lugam
384 515 500 578 Metello
515 517 670 591 dederant,
686 538 773 599 quam
794 518 964 599 plurumum

59 618 107 679 pue
129 617 222 678 aquae
238 604 386 676 portaret,
408 600 485 661 diem
499 600 670 682 locumque,
690 603 741 665 uhi
762 610 878 681 praesto
900 604 963 665 lne-

79 683 236 761 praedicit:
261 684 324 760 ipse
346 700 382 743 ex
404 683 533 755 llumine,
559 704 647 765 quam
658 704 833 766 proxumam
855 688 990 765 oppidoe

60 785 90 827 m
113 784 176 828 esse
198 783 288 844 supra
310 766 443 836 diximus,
463 768 591 831 iumenta
613 776 732 832 onerat:
754 788 790 830 eo
812 771 901 831 modo
919 773 963 831 in·

59 858 113 911 :tus
135 850 172 910 ad
195 848 318 909 Thalam
340 850 544 928 proficiscitur.
592 852 704 915 Deinde
724 853 776 914 uhi
797 853 834 914 ad
855 854 884 915 id
905 853 988 918 loeir

59 953 111 1004 rm,
134 951 192 1012 quo
207 931 340 993 Numidis
353 942 554 1012 praeceperat,
573 943 602 997 et
623 943 717 998 castra
732 938 825 1015 posita
838 939 963 998 munita·

58 1025 141 1087 sunt,
159 1023 239 1077 tanta
259 1023 382 1094 repente
404 1018 484 1079 caelo
500 1019 589 1080 missa
608 1022 651 1081 vis
674 1038 767 1099 aquae
788 1018 908 1089 dieitur,
931 1027 964 1081 ut

58 1101 122 1161 rodo
138 1100 279 1163 exercitui
295 1101 364 1160 satis
378 1118 525 1180 superque
540 1103 624 1169 foret.
655 1104 812 1166 Praeterea
827 1119 990 1170 momen-a

58 1202 103 1264 rpe
125 1184 257 1261 amplior,
281 1184 348 1262 quia
369 1182 520 1255 Numidae,
542 1188 628 1251 sicuti
641 1186 962 1267 pleriqueinnorade·

58 1287 100 1339 ne,
116 1268 211 1329 olfioia
221 1267 415 1329 intenderant.
439 1267 576 1330 Ceterum
590 1270 696 1332 milites
710 1271 852 1348 religione
866 1270 990 1349 pluviae

58 1370 76 1413 s
96 1353 158 1422 usi,
182 1369 276 1430 eaque
296 1368 345 1411 res
365 1350 489 1412 multum
504 1354 608 1414 animis
629 1371 733 1414 eorum
749 1354 872 1414 addidit:
894 1371 964 1416 uam

59 1453 124 1498 sese
144 1436 206 1497 deis
219 1433 423 1495 inmortalibus
445 1453 534 1497 aurae
549 1452 622 1498 esse.
658 1435 769 1497 Deinde
783 1442 901 1513 postero
916 1437 963 1498 die

58 1538 86 1580 ra
107 1520 275 1597 opinionem
294 1517 453 1596 Iugurthae
467 1519 504 1580 ad
518 1519 640 1582 Thalam
654 1520 836 1598 perveniunt.
874 1518 963 1596 Oppi·
974 1528 1006 1579 lo

75 1605 126 1681 qui
140 1621 173 1663 se
184 1602 317 1663 locorum
332 1604 487 1681 asperitate
501 1605 629 1664 munitos
644 1603 843 1672 crediderant,
856 1617 963 1679 magna

58 1707 69 1749 e
96 1686 211 1747 insolita
237 1704 271 1747 re
290 1684 436 1764 perculsi,
458 1684 549 1747 nihilo
572 1688 690 1765 segnius
710 1684 821 1747 bellum
840 1703 961 1764 parare:

78 1771 172 1831 nostri
199 1770 305 1831 faeere.
350 1769 400 1830 Set
421 1788 490 1841 rex,
514 1770 586 1831 nihil
610 1773 668 1832 iam
690 1770 831 1831 inieotum
847 1768 962 1830 Metello
972 1769 1014 1831 76

58 1871 122 1924 ens,
146 1855 252 1933 quippe
275 1855 324 1932 qui
338 1856 445 1924 omnia,
461 1872 542 1917 arma
557 1855 631 1925 tela,
649 1854 730 1915 looos
747 1859 896 1932 tempora,
912 1852 962 1914 de·

58 1959 69 2000 e
84 1944 219 2000 naturam
234 1939 328 2016 ipsam
343 1939 449 1999 ueteris
463 1939 669 2018 inperitantem
685 1936 827 1999 industria
844 1943 962 2007 moeret,

65 2021 167 2082 liberis
186 2028 214 2083 et
227 2038 333 2100 magna
347 2029 430 2098 parte
444 2023 587 2103 pecuniae
602 2041 638 2084 ex
652 2021 760 2103 oppido
781 2026 872 2081 nootu
892 2038 964 2099 pro·

58 2152 63 2175 ,
89 2123 184 2183 neque
204 2111 306 2186 postea
326 2106 356 2165 in
375 2105 436 2166 ullo
454 2106 521 2167 loeo
543 2105 668 2186 amplius
689 2123 750 2166 uno
772 2105 819 2166 die
841 2110 891 2165 aut
904 2122 964 2165 una

58 2209 67 2251 e
82 2195 227 2258 moratus,
243 2188 398 2251 simulabat
414 2207 478 2251 sese
492 2191 592 2268 negoti
605 2191 698 2269 gratia
715 2204 893 2270 properare:
917 2205 965 2248 oe·

58 2291 78 2334 n
92 2272 288 2352 proditionem
301 2271 431 2344 timebat,
447 2292 535 2354 quam
547 2276 637 2336 vitare
651 2290 738 2353 posse
753 2272 900 2334 eeleritate
910 2286 965 2351 pu·

58 2378 77 2416 .:
97 2373 167 2417 nam
183 2356 251 2418 talia
272 2356 391 2417 oonsilia
402 2375 457 2437 per
469 2360 561 2420 otium
573 2365 602 2419 et
618 2376 654 2420 ex
673 2357 871 2436 oportunitate
888 2354 963 2433 oapi.

58 2438 175 2510 ‚etehus
189 2440 240 2502 uhi
261 2440 422 2520 oppidanos
435 2440 548 2521 proelio
562 2443 699 2511 intentos,
717 2437 805 2501 simul
824 2437 990 2518 oppidum

57 2523 171 2603 ⁸aeribus
193 2531 222 2586 et
242 2524 309 2585 loeo
330 2526 476 2586 munitum
501 2525 588 2595 ridet,
610 2523 686 2585 vallo
700 2522 837 2602 fossaque
849 2522 966 2583 moenia

57 2609 182 2669 imvenit.
210 2608 321 2669 Deinde
336 2607 408 2669 loeis
428 2627 464 2669 ex
482 2609 564 2688 eopia
584 2625 721 2669 maxume
734 2606 847 2668 idoneis
866 2606 992 2667 dneasa

57 2711 84 2762 e,
115 2707 253 2769 aggerem
274 2693 372 2754 iacere
390 2690 448 2773 [et]
475 2709 564 2771 super
588 2707 725 2768 aggerem
747 2689 881 2769 inpositis
902 2694 965 2748 tur·

57 2795 64 2837 ι
82 2793 156 2856 opus
170 2783 199 2838 et
213 2776 399 2837 administros
414 2777 512 2837 tutari.
549 2774 656 2836 Contra
672 2775 746 2836 haee
762 2771 900 2852 oppidani
922 2769 991 2830 ie·4

57 2879 90 2922 re
115 2878 236 2941 parare:
264 2876 387 2940 prorsus
413 2858 451 2921 uh
478 2861 612 2938 utrisque
637 2858 710 2919 nihil
740 2855 863 2917 relioum
888 2854 963 2915 fleri.
1005 2874 1010 2883 ’

57 2963 112 3025 que
140 2945 281 3014 Romani,
307 2944 400 3005 multo
430 2949 497 3005 ante
517 2942 620 3005 labore
644 2939 823 3022 proeDisque
844 2937 992 3014 fatigatio

66 3029 128 3089 dies
142 3029 348 3108 quadraginta,
372 3045 460 3106 quam
475 3044 510 3089 eo
524 3033 644 3088 rentum
660 3031 737 3094 erat,
752 3021 860 3102 oppido
875 3020 963 3081 modo

57 3115 79 3173 i:
100 3115 210 3192 praeda
232 3113 327 3174 omnis
347 3109 383 3172 ab
406 3111 538 3191 perfugis
559 3116 711 3189 conrupta.
753 3106 788 3167 lii
806 3111 993 3186 postquamo

57 3214 100 3259 rm
122 3197 260 3259 arietibus
274 3195 356 3258 feriri
370 3212 478 3273 resque
491 3212 559 3257 suas
580 3193 710 3255 adlliotas
729 3190 843 3259 rident,
860 3205 966 3249 aurum

57 3300 68 3343 e
84 3289 239 3359 argentum
254 3287 283 3343 et
297 3279 351 3343 alia
363 3297 439 3358 quae
452 3280 547 3360 prima
557 3278 707 3340 ducuntur
722 3275 842 3337 domum
853 3273 966 3351 regiam

59 3371 172 3427 ortante
191 3365 232 3427 ihi
252 3366 320 3428 uiuo
340 3371 370 3427 et
384 3362 478 3447 epulis
491 3364 606 3427 onerati
625 3361 732 3442 illaque
752 3365 781 3421 et
798 3358 917 3419 domum
937 3361 966 3417 et

776 3464 819 3523 Q*
