2302 4192
280 25 1044 475 L*

85 566 126 631 20
381 566 431 628 DE
452 564 576 628 BELLO
596 564 760 628 cantico

86 721 174 797 moni,
196 719 408 783 exercitissimi
423 721 453 780 ln
468 719 569 793 armis,
592 718 644 794 qui
659 717 737 779 lntcr
751 735 848 783 annos
858 734 933 781 turn
947 726 1044 783 ternu

86 822 146 864 non
162 805 328 881 subissent,
343 806 454 865 virtute
470 810 608 880 possent.

167 890 313 951 XXXVII.
337 886 420 950 llaec
435 890 544 950 eodem
559 893 697 962 tempore
715 887 838 949 caesari
853 890 1044 951 mandatam

86 973 260 1034 terebantur
281 981 312 1034 et
324 973 416 1048 legati
429 973 466 1033 ab
481 970 618 1032 Haeduis
638 979 669 1032 et
683 987 702 1030 a
715 971 856 1033 Treveris
877 961 1044 1035 ver‘riebaob

84 1058 202 1118 Haedui
224 1065 380 1134 questum,
403 1057 487 1133 quod
507 1056 663 1130 Harudes,
686 1056 738 1131 qui
758 1072 857 1132 nuper
878 1057 909 1117 in
931 1052 1044 1119 Galbam

85 1143 282 1218 transportati
297 1147 416 1215 essent,
439 1140 516 1201 fines
538 1155 644 1201 eorum
665 1142 902 1215 popularentur=
925 1156 997 1202 sese
1014 1156 1044 1201 ne

85 1227 245 1287 obsidibus
274 1226 398 1301 quidem
425 1224 504 1284 daIIs
526 1239 634 1298 pacem
655 1223 800 1284 AriovIsti
827 1224 980 1285 redimere
999 1240 1043 1302 po

85 1310 197 1379 tuissc;
212 1309 335 1368 Treveri
352 1316 460 1383 autem,
477 1323 574 1383 pagos
591 1315 709 1367 centnm
719 1307 891 1369 Suevorum
905 1310 946 1369 ad
959 1310 1042 1387 ripam

83 1394 181 1454 Rheni
198 1393 393 1467 consedisse,
415 1391 467 1468 qui
481 1391 619 1452 Rhenum
634 1392 763 1452 transire
785 1399 984 1463 conarentur;
1005 1392 1042 1453 Iris

86 1492 233 1552 pracesse
252 1477 385 1537 Nasuam
412 1483 442 1536 et
462 1475 642 1536 Cimberium
663 1476 781 1536 Iratres.
823 1476 941 1550 Quibus
961 1478 1042 1539 rebus

85 1563 197 1623 Caesar
210 1560 406 1620 vehementer
421 1566 590 1621 commotus
606 1560 817 1621 maturandum
828 1560 887 1621 sibi
902 1560 1042 1623 existima

84 1646 142 1718 vit,
163 1660 216 1719 ne,
239 1644 265 1704 si
280 1660 361 1705 nova
380 1661 487 1705 manus
504 1642 674 1705 Suevorum
695 1660 765 1705 cum
786 1644 940 1706 veteribus
957 1644 1044 1723 copiis

85 1728 231 1790 Ariovisti
253 1744 324 1788 sese
346 1729 571 1803 coniunxisset,
593 1728 692 1787 minus
708 1728 797 1787 facile
817 1728 921 1789 resisti
936 1736 1044 1806 posset

85 1814 189 1888 ltaque
210 1828 244 1873 re
265 1810 461 1873 bumentaria
481 1828 571 1888 quam
593 1812 750 1872 celerrime
771 1813 869 1887 potuit
890 1820 1044 1891 conparata

85 1898 202 1972 magnis
218 1896 375 1957 itineribus
391 1897 431 1957 ad
444 1897 633 1958 Ariovistum
648 1895 812 1957 contendit.

167 1981 327 2041 XXXVIII.
358 1982 431 2041 Cum
446 1980 535 2040 tridui
551 1980 629 2038 vlam
644 1979 866 2056 processisset,
888 1981 1044 2043 nuntiatum

85 2070 132 2124 est
152 2065 179 2123 ei
194 2064 383 2125 Ariovistum
399 2079 467 2124 eunt
483 2064 547 2123 suis
570 2063 709 2123 omnibus
725 2064 823 2138 copiis
838 2065 878 2124 ad
901 2080 1044 2142 occupan-

84 2148 157 2208 dum
172 2148 407 2223 Vesontionem,
431 2149 516 2223 quod
530 2153 578 2206 est
592 2148 741 2221 oppidum
757 2148 922 2209 inaximum
937 2148 1044 2227 Sequa·

84 2249 207 2307 norum,
230 2232 415 2295 contendere
435 2231 589 2307 triduique
603 2230 683 2290 viam
698 2246 715 2289 a
730 2232 795 2291 suis
817 2231 929 2293 linibus
952 2235 1044 2310 prole

85 2317 174 2376 elsse.
219 2316 253 2377 ld
273 2332 312 2375 ne
334 2317 500 2390 accideret,
521 2329 708 2389 magnopere
729 2315 787 2374 sibi
808 2318 1044 2390 praecavendum

85 2400 197 2460 Caesar
216 2399 416 2459 existimabat.
453 2399 590 2474 Namque
611 2399 745 2459 omnium
765 2415 883 2473 rerum,
914 2400 1044 2477 quaeat

86 2485 197 2542 cellum
211 2483 281 2543 usui
296 2489 390 2557 erant,
406 2498 524 2542 summa
539 2482 647 2542 eratin
663 2497 700 2543 eo
716 2478 832 2558 oppido
848 2485 988 2561 facultas,
1009 2485 1044 2547 id·

86 2581 145 2640 que
160 2571 268 2626 natura
278 2568 337 2627 loci
353 2566 397 2625 sic
413 2566 613 2642 muniebatur,
627 2572 661 2626 ut
671 2581 811 2641 magnam
826 2567 865 2626 ad
880 2568 1044 2630 ducendun

83 2649 197 2710 bellum
212 2650 298 2710 daret
312 2651 493 2725 facultatem,
509 2657 674 2726 propterea
689 2651 773 2726 quod
789 2649 902 2712 flumen
910 2652 1007 2714 DubiS
1021 2670 1044 2714 u

85 2733 197 2793 circino
213 2732 452 2795 circumductum
467 2750 565 2809 paene
579 2742 675 2795 totum
690 2735 838 2809 oppidum
853 2735 961 2811 cingit3
986 2736 1044 2797 reli·

85 2833 179 2892 quum
194 2817 342 2892 spatium,
367 2818 450 2893 quod
465 2823 588 2880 estnon
610 2819 739 2892 amplius
755 2819 869 2892 pedum
890 2830 1044 2882 sexcento-

84 2917 159 2976 rum,
176 2918 237 2976 qua
251 2900 364 2961 flumen
380 2902 554 2978 intermittit,
575 2918 664 2963 mons
681 2902 816 2963 contiuet
829 2919 939 2979 magna
954 2904 1044 2965 altitu·

84 2985 163 3058 dine,
179 2985 219 3044 ita
231 2991 263 3045 ut
272 2985 393 3045 radices
405 2986 515 3046 montis
528 3002 567 3045 ex
582 2994 711 3060 utraque
724 2994 811 3060 parte
821 2986 907 3062 ripae
919 2986 1044 3051 llumInit

84 3068 266 3143 contingant.
289 3068 377 3130 Hunc
389 3086 493 3130 murus
509 3070 712 3129 circumdatus
725 3086 825 3130 arcem
837 3071 931 3132 elficit
942 3080 1044 3137 etcum

84 3151 200 3226 oppido
216 3153 379 3228 conlungit.
403 3154 470 3214 Huc
486 3155 598 3214 Cacsar
612 3153 730 3229 magnis
746 3156 903 3217 nocturnis
920 3157 1044 3220 dinrnis·

84 3250 144 3311 que
159 3235 316 3298 itineribus
332 3237 486 3299 contendit
507 3243 720 3314 occupatoque
742 3238 857 3314 oppido
879 3240 920 3300 ibi
934 3244 1044 3316 praesi-

84 3320 166 3381 dium
181 3321 329 3381 conlocat.

166 3404 298 3465 XXXIX.
329 3405 406 3465 Dum
422 3421 538 3480 paucos
554 3403 621 3466 dies
641 3407 680 3465 ad
694 3406 915 3468 Vesontionem
928 3409 974 3468 rei
990 3412 1044 3476 Iru·

84 3488 247 3548 mentariae
268 3496 518 3566 commeatusque
538 3505 632 3550 causa
652 3497 801 3565 moratur,
828 3507 867 3551 ex
889 3501 1044 3567 perconta-

85 3570 164 3631 tione
185 3579 359 3633 nostrorum
385 3574 578 3651 vocibusque
600 3574 753 3635 Gallorum
775 3590 811 3634 ae
837 3585 1044 3656 mercatorum

84 3654 136 3729 qui
151 3656 263 3728 Ingenti
277 3658 485 3732 magnitudIne
501 3674 665 3735 corporum
681 3658 858 3733 Germanos,
877 3661 1044 3723 'incredibili

84 3737 193 3796 uirtute
207 3746 299 3815 atque
313 3744 529 3806 exercitatione
543 3744 574 3803 in
588 3742 680 3804 ermIs
695 3758 766 3803 esse
777 3743 997 3819 praedicabant
1008 3778 1044 3793 -

83 3835 305 3897 saepenumero
321 3842 392 3887 sese
404 3843 473 3889 curn
488 3828 535 3888 hle
546 3842 733 3903 congressos
743 3842 782 3888 ne
796 3830 911 3890 vultum
927 3826 1044 3904 quidem
