2272 4176
409 123 413 131 Α
475 176 590 240 amaa
610 176 646 238 n.
995 178 1057 242 ara

80 350 211 396 suorum
226 333 301 395 nihil
316 333 356 394 de
375 331 549 394 resistendo
566 333 732 408 cogitabat,
759 348 927 409 omnesque
948 335 1058 395 seiam

80 420 120 480 ab
135 421 275 496 equitatu
289 418 499 479 circumveniri
513 418 743 478 arbitrabantur.
758 419 864 492 ltaque
878 421 1058 496 priusquam

80 507 176 564 telum
192 505 273 563 abici
288 510 397 579 posset
411 510 463 563 aut
477 503 574 562 nostri
589 503 719 578 propius
735 503 930 578 accederent,
958 506 1055 565 omnis

83 590 157 648 Vari
174 588 258 647 acies
274 597 361 662 terga
373 589 464 647 vertit
479 603 576 662 seque
592 589 620 645 ia
637 594 738 646 cast-ra
751 588 876 661 recepit.

166 672 289 732 XXXV.
312 673 378 746 Qua
397 673 428 731 in
449 674 522 746 luga
534 672 647 731 Fabius
661 670 805 746 Pelignus
821 673 944 744 quidam
960 688 999 732 ex
1012 676 1056 734 in-

83 759 162 819 fimis
185 757 345 817 ordinibus
367 758 405 815 de
427 758 563 816 exercitu
584 752 721 816 Curionis
743 757 872 831 primum
888 774 995 831 agmen
1011 760 1057 818 su·

83 844 230 918 gientimn
251 847 437 902 consecutus
458 857 569 915 magna
588 856 665 901 voce
680 839 796 899 Varum
816 842 938 900 nomine
952 845 1057 918 appel-

84 930 149 986 lans
171 926 364 1001 requirebat,
389 927 432 985 uti
453 942 532 984 unus
555 940 626 984 esse
647 941 687 983 ex
709 926 776 985 eius
791 926 934 985 militibus
949 935 1056 988 etmo—

84 1027 157 1070 nere
178 1013 260 1069 velle
283 1010 398 1086 aliquid
418 1025 454 1068 ac
477 1011 580 1069 dicere
598 1010 761 1068 videretur.
793 1010 851 1069 Ubi
866 1010 916 1069 ille
931 1013 1056 1087 saepius

86 1097 258 1170 appellatus
274 1094 396 1170 aspexit
410 1110 446 1152 aa
460 1095 570 1153 restitit
584 1100 628 1168 et,
656 1094 725 1168 quis
742 1100 825 1153 esset
839 1102 890 1154 aut
906 1097 979 1168 quid
996 1099 1055 1156 vel-

87 1182 138 1253 let,
168 1179 335 1254 quaesivit,
349 1179 506 1237 humerum
521 1185 658 1252 apertum
672 1179 774 1252 gladio
790 1180 906 1254 appetit
919 1183 1056 1254 paulum·

88 1281 144 1338 que
167 1264 244 1323 aluit
266 1264 340 1338 quin
353 1264 468 1322 Varum
482 1263 681 1331 interficerem
712 1263 796 1337 quod
816 1264 865 1321 ille
887 1265 1055 1338 periculum

87 1348 207 1408 sublato
223 1349 343 1408 adeius
360 1353 501 1407 conatum
516 1353 603 1407 scuto
618 1348 731 1407 vitavit.
750 1347 862 1407 Fabius
877 1364 895 1406 a
909 1350 1056 1423 proximis

87 1433 231 1492 militibus
255 1433 479 1492 circumventus
493 1431 679 1491 interficitur.
708 1432 773 1491 Hac
788 1433 966 1505 fugientium
981 1436 1056 1493 mul-

87 1518 215 1577 titudine
229 1532 267 1577 ac
281 1518 372 1577 turba
386 1524 492 1591 portae
507 1522 676 1575 castrorum
692 1522 881 1591 occupantur
894 1525 986 1592 atque
1001 1520 1057 1577 iter

86 1602 265 1676 impeditur,
291 1603 458 1676 pluresque
478 1601 508 1659 in
531 1616 567 1661 eo
588 1601 657 1661 loco
683 1601 749 1660 sine
769 1602 895 1659 vulnere
916 1619 1007 1677 quam
1027 1604 1056 1661 in

86 1685 203 1761 proelio
220 1692 272 1745 aut
286 1687 358 1761 luga
368 1687 526 1759 intereunt,
542 1701 643 1759 acque
654 1687 779 1744 multum
790 1687 870 1759 aluit,
883 1688 956 1761 quia
969 1689 1058 1746 etiam

87 1768 196 1832 castris¹
212 1772 454 1845 expellerentur,
480 1785 516 1828 aa
537 1770 673 1829 nonnulli
688 1771 825 1844 protinus
841 1771 949 1829 eodem
964 1788 1058 1833 cursu

87 1855 114 1913 in
129 1855 281 1929 oppidum
297 1856 526 1914 contenderunt.
557 1853 619 1913 Sed
641 1870 707 1912 cum
724 1855 782 1912 loci
797 1860 905 1913 natura
919 1862 948 1914 et
961 1857 1056 1915 mum-

86 1940 125 1999 tio
141 1947 314 2000 castrorum
329 1940 441 1998 aditum
453 1938 663 2013 prohibebant,
678 1944 741 1997 tum
757 1939 839 2012 quod
855 1939 894 1997 ad
909 1941 1056 2013 proelium

87 2024 205 2097 egressi
214 2024 353 2083 Curionis
369 2024 477 2082 milites
494 2025 530 2082 iis
545 2024 638 2081 rebus
653 2023 836 2097 indigebant,
854 2040 932 2098 quae
946 2026 986 2084 ad
1003 2042 1056 2100 op-

88 2108 305 2183 pugnationem
322 2114 490 2168 castrorum
506 2115 592 2166 crant
605 2108 684 2167 usui.
715 2110 820 2182 ltaque
836 2108 924 2169 Curio
941 2110 1043 2168 exerci

85 2200 146 2251 tum
161 2194 192 2250 in
209 2198 311 2252 castra
324 2193 450 2265 reducit,
466 2193 532 2252 suis
547 2193 687 2251 omnibus
703 2199 823 2266 praeter
833 2192 959 2253 Fabium
973 2195 1042 2254 in'co

87 2277 234 2351 lumibus,
251 2292 291 2334 cx
306 2293 431 2337 numero
448 2277 692 2337 adversariorum
708 2278 827 2351 circiter
842 2280 995 2337 sexcentis
1012 2281 1051 2338 in·

86 2362 221 2420 terlectis
236 2376 272 2419 ac
287 2362 367 2419 mille
379 2362 561 2429 vulneratis;
579 2363 630 2436 qui
645 2377 750 2421 omnes
766 2362 907 2423 discessu
919 2363 1056 2423 Curionis

85 2445 234 2519 multique
252 2451 410 2518 praeterea
425 2462 480 2520 per
494 2446 716 2504 simulationem
727 2447 886 2505 vulnerum
898 2463 937 2505 ex
949 2448 1057 2506 castris

85 2530 113 2587 in
129 2530 280 2603 oppidum
297 2537 421 2603 propter
436 2532 574 2589 timorem
590 2547 660 2589 sese
675 2532 835 2604 recipiunt.
868 2531 980 2604 Quare
994 2533 1056 2590 ani-

86 2613 251 2672 madversa
264 2614 365 2672 Varus
381 2622 410 2674 et
423 2622 539 2673 terrore
554 2616 705 2674 exercitus
722 2616 858 2689 cognito,
881 2616 1058 2675 bucinatore

86 2698 113 2756 in
129 2697 243 2756 castris
264 2705 294 2756 et
315 2699 421 2771 paucis
437 2700 477 2757 ad
492 2699 627 2772 speciem
643 2701 846 2758 tabernaculis
862 2701 991 2770 relictis,
1019 2701 1057 2758 de

85 2783 173 2841 tertia
182 2781 289 2855 vigilia
303 2783 421 2843 silentio
437 2784 604 2841 exercitum
618 2783 647 2840 in
664 2785 812 2857 oppidum
826 2784 952 2842 reducit.

169 2865 304 2924 XXXVl.
326 2865 452 2926 Postero
474 2868 523 2926 die
539 2867 627 2924 Curio
645 2868 787 2926 obsidere
802 2868 919 2927 Uticam
935 2875 965 2927 et
977 2870 1056 2928 vallo

86 2949 320 3009 circummunire
335 2951 467 3032 instituit.
483 2952 556 3008 Erat
569 2951 598 3008 in
615 2952 730 3024 oppido
746 2952 904 3011 multitudo
920 2953 1056 3012 insolens

85 3033 155 3094 belli
174 3034 371 3093 diuturnitate
386 3037 453 3109 otii,
468 3035 629 3095 Uticenses
646 3052 701 3109 pro
718 3036 901 3109 quibusdam
917 3036 1056 3097 Caesaris

85 3118 114 3177 in
129 3134 166 3177 se
180 3118 339 3177 beneficiis
355 3119 396 3177 illi
411 3119 595 3192 amicissimi,
610 3128 779 3179 conventus
795 3122 830 3195 is,
847 3121 899 3193 qui
911 3136 950 3178 ex
965 3122 1057 3181 variis

85 3202 251 3277 generibus
268 3211 435 3277 constaret,
457 3210 555 3262 terror
575 3205 838 3277 exsuperioribus
854 3205 979 3276 proeliis
994 3222 1057 3265 ma·

85 3301 175 3363 gnus.
205 3288 312 3362 ltaque
334 3289 372 3347 de
392 3288 545 3346 deditione
568 3303 673 3346 omnes
694 3291 795 3362 palam
810 3288 1013 3363 loquebantur
1028 3298 1057 3351 et
1112 3294 1115 3299 '

86 3386 156 3431 curn
170 3370 294 3431 Patrio
310 3372 449 3445 agebant,
464 3388 503 3430 ne
519 3388 576 3431 sua
589 3372 756 3446 pertinacia
771 3372 904 3433 omniurn
918 3374 1055 3435 fortunas

87 3456 258 3529 perturbari
272 3456 372 3515 vellat.
400 3457 484 3515 Haec
500 3472 568 3516 cum
583 3463 759 3532 agereatur,
781 3456 1065 3535 multipertitam
