2272 4176
121 496 161 554 24
266 506 310 549 nn
335 500 508 547 onrrcmsu
531 500 780 545 courvaarronu.
801 498 830 541 c.
851 492 896 541 ert.
917 492 964 543 49.

96 664 283 718 tretractum
304 656 429 718 aiebant.
461 657 489 716 Is
509 675 576 718 cum
595 675 627 718 se
646 658 756 717 diceret
770 658 969 719 indicaturum
984 660 1021 721 de
1035 678 1098 721 con-

123 743 267 801 iuratione
283 742 307 800 si
327 740 400 801 fides
420 739 537 820 publica
553 740 619 800 data
633 747 717 806 esset,
739 741 837 800 iussus
854 758 872 799 a
886 741 1010 803 consule
1030 762 1099 822 quae

124 826 212 885 sciret
230 823 359 892 edicere,
384 823 485 884 eadem
503 823 566 883 fere
582 841 656 901 quae
677 821 850 890 Volturcius,
875 824 913 884 de
932 827 1042 902 paratis
1058 828 1098 887 in·

16 974 22 983 ,
57 946 60 955 ·
124 908 232 968 cendiis
255 907 291 966 de
307 907 395 967 caede
411 906 558 966 bonorum
577 905 613 966 de
633 907 736 965 itinere
749 905 888 977 hostium,
904 914 1037 969 senatum
1051 909 1098 969 do

18 994 22 999 '
54 1014 59 1057 2,
123 999 184 1051 cet:
199 1000 353 1069 praeterea
371 1007 403 1050 se
418 991 540 1049 missum
555 1007 571 1049 a
585 988 622 1047 Μ.
639 987 757 1056 Crasso,
774 988 1114 1067 quiCatilinaenuntia·s

48 1068 54 1103 ³
122 1082 182 1142 ret,
203 1092 241 1134 ne
261 1091 328 1134 eum
345 1072 485 1134 Lentulus
507 1079 535 1133 et
554 1072 698 1149 Cethegus
719 1072 825 1151 aliique
847 1090 884 1132 ex
904 1075 1097 1135 coniuratione

123 1157 297 1234 deprehensi
325 1162 483 1225 terrerent,
512 1173 604 1235 eoque
623 1156 715 1231 magis
739 1164 916 1233 properaret
937 1157 976 1217 ad
1001 1156 1097 1218 urbem

123 1240 276 1308 adsedere,
295 1257 353 1317 quo
370 1247 399 1300 et
417 1246 582 1299 ceterorum
599 1240 710 1298 animos
726 1238 863 1299 reficeret
883 1246 913 1299 et
933 1238 977 1300 illi
994 1238 1097 1301 facilius
1132 1300 1134 1309 ,

97 1333 113 1382 5
126 1342 141 1383 e
155 1321 286 1402 periculo
301 1324 492 1402 eriperentur.
527 1322 578 1382 Set
591 1321 642 1381 ubi
657 1320 833 1399 Tarquinius
849 1320 991 1383 Crassum
1011 1324 1095 1383 nomi·

120 1409 215 1475 navit,
238 1407 388 1466 bominem
404 1404 533 1466 nobilem
549 1405 692 1464 maxumis
715 1403 818 1465 divitiis
833 1422 950 1465 summa
967 1407 1119 1483 potentino
1135 1469 1136 1486 ἢ

122 1489 168 1549 alii
191 1507 255 1549 rem
277 1488 480 1549 incredibilem
501 1490 572 1557 rati,
595 1504 664 1565 pars
685 1488 801 1547 tametsi
822 1506 928 1548 verum
949 1491 1094 1549 existuma-
1135 1509 1136 1512 ¹

122 1572 208 1640 bant,
229 1578 328 1632 tamen
347 1571 414 1648 quia
437 1572 468 1631 in
488 1571 539 1630 tali
552 1578 686 1648 tempore
709 1575 788 1630 tanta
807 1571 850 1630 vis
864 1571 994 1632 hominis
1013 1573 1095 1649 mag's
1132 1620 1135 1625 .

121 1655 259 1715 leniunda
281 1671 368 1733 quam
389 1654 560 1730 exagitanda
580 1653 747 1722 videbatur,
775 1652 910 1731 plerique
942 1652 1045 1716 Crasso
1064 1672 1094 1715 ex

122 1739 245 1815 negotiis
267 1738 384 1814 privatis
406 1736 538 1805 obnoxii,
561 1736 743 1797 conclamant
757 1736 883 1796 indicem
904 1736 1010 1800 falsum
1030 1754 1093 1805 esse,

96 1822 219 1900 odeque
243 1839 277 1881 ea
292 1838 325 1881 re
338 1818 487 1898 postulant
507 1821 549 1880 uti
570 1820 724 1880 referatur.
756 1820 858 1897 ltaque
872 1820 1043 1882 consulente
1055 1820 1118 1881 Cio

123 1922 230 1965 cerone
242 1903 382 1982 frequens
396 1910 513 1964 senatus
529 1903 673 1963 decernit:
688 1902 829 1980 Tarquini
842 1902 985 1965 indicium
999 1903 1094 1965 falsum

123 1988 223 2056 videri,
249 2005 374 2064 eumque
389 1988 419 2046 in
440 1987 562 2045 vinculis
581 1985 776 2055 retinendum,
795 2003 894 2064 neque
908 1987 1033 2065 amplius
1049 2005 1093 2066 po

124 2078 258 2132 testatem
275 2070 449 2138 faciundam
466 2071 521 2129 nisi
537 2070 573 2129 de
590 2087 625 2129 eo
640 2069 789 2138 indicaret,
806 2070 891 2129 cuius
905 2070 1028 2130 consilio
1039 2076 1094 2130 tan·

98 2162 182 2215 ttam
193 2171 257 2214 rem
274 2160 350 2214 esset
363 2154 510 2213 mentitus
533 2153 625 2212 Erant
639 2170 673 2212 eo
684 2158 816 2229 tempore
828 2154 879 2231 qui
895 2154 1096 2215 existumarent

121 2237 262 2298 indicium
282 2235 354 2298 illud
368 2255 384 2297 a
404 2235 436 2296 P.
452 2235 593 2295 Autronio
611 2235 822 2304 machinatum,
848 2253 907 2314 quo
923 2236 1037 2298 facilius
1053 2237 1121 2298 ada

122 2320 229 2398 pellato
244 2319 348 2380 Crasso
366 2336 420 2396 per
440 2319 607 2379 societatem
624 2318 748 2395 periculi
764 2318 892 2379 relicuos
909 2319 987 2380 illius
1001 2326 1095 2398 poten-

99 2405 166 2463 ttia
187 2408 315 2478 tegeret:
335 2399 383 2461 alii
396 2401 589 2480 Tarquinium
607 2420 623 2461 a
644 2400 784 2461 Cicerone
799 2403 954 2462 inmissum
978 2404 1094 2471 aiebant,

123 2503 162 2546 ne
178 2484 299 2545 Crassus
312 2502 396 2545 more
412 2502 466 2544 suo
480 2491 615 2563 suscepto
631 2483 776 2544 malorum
791 2486 956 2563 patrocinio
971 2505 1036 2547 rem
1049 2504 1096 2565 pu·

98 2568 231 2631 tblicam
253 2568 454 2629 conturbaret:
477 2569 574 2645 ipsum
594 2566 730 2628 Crassum
745 2583 799 2642 ego
813 2574 916 2645 postea
926 2570 1095 2647 praedican-

124 2660 183 2711 tem
199 2651 302 2719 audiri,
324 2658 434 2711 tantam
448 2650 527 2710 illam
542 2649 746 2711 contumeliam
768 2649 823 2710 sibi
845 2650 881 2710 ab
899 2650 1042 2713 Cicerone
1058 2654 1122 2712 ina

147 2737 258 2796 ositam.

75 2754 144 2874 fbp
211 2819 261 2878 Set
271 2817 381 2879 eisdem
392 2816 573 2895 temporibus
585 2817 618 2887 Q.
633 2815 749 2876 Catulus
762 2822 791 2875 et
802 2816 836 2875 G.
849 2814 918 2876 Piso
929 2835 1027 2896 neque
1037 2835 1097 2896 pre-

127 2903 171 2961 cio
187 2918 282 2979 nequo
299 2902 391 2977 gratia
414 2900 585 2961 Ciceronem
606 2899 747 2977 inpellere
766 2899 900 2976 quivere,
923 2902 967 2960 uti
988 2918 1041 2978 per
1054 2899 1098 2959 Al·

125 2984 262 3060 lobroges
272 2990 323 3045 aut
335 3002 389 3064 per
402 2984 489 3044 alium
501 2983 627 3042 indicem
639 2985 673 3044 G.
687 2981 792 3041 Caesar
804 2980 876 3041 falso
889 2985 1097 3045 nominaretur.

101 3067 200 3134 2Nam
217 3072 342 3145 uterque
364 3085 430 3127 oum
452 3066 501 3125 illo
523 3068 618 3142 gravis
639 3065 802 3125 inimicitias
822 3064 1016 3136 exercebant,
1037 3067 1125 3127 Pisos

127 3150 311 3228 obpugnatus
331 3153 361 3210 in
383 3150 489 3210 iudicio
510 3150 702 3227 pecuniarum
724 3146 957 3224 repetundarum
983 3157 1100 3228 propter

127 3233 278 3295 cuiusdam
292 3232 496 3310 Transpadani
509 3230 683 3310 subplicium
696 3231 849 3298 iniustum,
873 3231 993 3292 Catulus
1007 3252 1043 3293 ex
1053 3250 1099 3310 pe·

126 3319 225 3376 titione
239 3316 422 3395 pontificatus
438 3316 503 3374 odio
519 3317 665 3382 incensus,
682 3313 760 3390 quod
778 3319 909 3374 extrema
924 3320 1028 3384 aetate,
1043 3332 1100 3375 ma·

126 3401 221 3460 xumis
247 3398 410 3459 honoribus
437 3415 523 3466 usus,
550 3396 586 3456 ab
617 3393 834 3456 adulescentulo
863 3395 989 3458 Caesare
1013 3400 1100 3459 victus

102 3484 309 3545 adiscesserat.
354 3481 412 3542 Res
430 3488 527 3541 autem
547 3487 691 3557 oportuna
712 3477 880 3548 videbatur,
903 3481 984 3558 quod
1005 3483 1029 3542 is
1044 3483 1125 3559 pri-s

126 3569 213 3626 vatim
228 3567 345 3642 egregia
354 3564 534 3632 liberalitate,
548 3563 664 3639 publice
678 3563 821 3622 maxumis
831 3563 1007 3625 muneribus
1018 3581 1099 3641 gran·

102 3661 120 3708 4
131 3650 196 3709 dem
208 3652 361 3726 pecuniam
373 3647 505 3708 debebat.
530 3647 582 3706 Set
590 3646 641 3706 ubi
653 3644 802 3706 consulem
817 3645 855 3705 ad
869 3652 984 3708 tantum
996 3647 1099 3708 facinus

127 3733 267 3812 inpellere
299 3738 463 3811 nequeunt,
497 3732 553 3808 ipsi
584 3728 748 3806 singulatim
777 3730 991 3791 circumeundo
1020 3738 1097 3808 atque
