2302 4192
66 39 216 97 W

510 164 689 229 umnam.
996 164 1058 230 ale

82 318 221 396 equitnm
234 319 316 381 milia
330 318 401 380 duo.
428 320 674 382 Inveteraverant
687 321 717 382 hi
730 337 836 383 omnes
848 322 1057 398 compluribus

82 404 291 465 Alexandriae
304 404 410 475 bellis;
426 405 632 467 Ptolemaeum
648 413 765 481 patrem
780 407 810 465 in
823 422 951 483 regnum
965 405 1054 466 redu·

82 496 200 564 xerant,
221 489 321 548 Bibuli
335 489 415 550 lilios
432 491 511 551 duos
526 490 748 564 interfecerant,
771 491 937 552 bellacum
953 491 1056 569 Aegy-

84 574 155 650 ptiis
170 579 342 648 gesserant.
370 574 459 634 Hune
473 591 564 635 usum
578 575 623 634 rei
638 575 775 635 militaris
790 575 953 635 habebant.

168 657 241 718 CXI.
284 657 339 717 His
362 660 461 734 copiis
475 659 576 719 fidens
590 658 727 720 Achillas
743 660 989 736 paucitatemque
1003 659 1056 718 rni-

84 744 168 803 litum
180 742 322 802 Caesaris
339 742 513 818 despiciens
527 743 699 819 occupabat
708 744 926 804 Alexandriam
937 752 1058 819 praeter

85 843 151 886 eam
167 826 275 902 oppidi
289 834 421 901 partem,
447 845 538 902 quam
554 826 667 887 Caesar
682 844 751 888 cum
766 829 911 889 militibus
926 828 1055 900 tenebat,

85 912 183 987 primo
200 911 315 985 impetu
330 911 454 972 domum
470 913 536 972 eius
552 913 726 987 inrumpere
742 920 889 981 conatus;
913 913 970 973 sed
985 911 1056 971 Cae-

84 1013 136 1055 sar
151 994 312 1069 dispositis
328 1011 384 1070 per
396 997 464 1056 vias
480 996 656 1062 cohortibus
670 997 816 1073 impetum
828 997 894 1057 eius
907 995 1057 1058 sustinuit.

82 1080 264 1155 Eodemque
283 1087 422 1155 tempore
443 1088 609 1156 pugnatum
630 1089 676 1141 est
699 1082 738 1141 ad
762 1089 882 1157 portum
908 1097 944 1142 ac
968 1082 1059 1155 longe

83 1164 248 1225 maximam
268 1179 305 1224 ea
323 1181 374 1225 res
390 1166 485 1225 attulit
500 1166 733 1225 dimicationem.
766 1165 861 1226 Simul
877 1167 956 1225 enim
971 1164 1058 1225 didu-

84 1250 140 1310 ctis
153 1249 254 1325 copiis
266 1250 404 1324 pluribus
415 1250 473 1309 viis
485 1251 686 1325 pugnabatur,
704 1257 733 1310 et
746 1249 1058 1326 magnamultitudine

83 1333 172 1393 navis
189 1335 297 1407 longas
313 1349 467 1409 occupare
481 1334 586 1395 hostes
603 1335 808 1404 conabantur;
831 1352 959 1410 quarum
975 1341 1060 1396 erant

86 1418 307 1500 quinquaginta
329 1419 441 1478 auxilio
456 1419 571 1480 missae
586 1420 624 1479 ad
639 1419 818 1495 Pompeium
832 1421 1014 1495 proelioque
1028 1421 1056 1479 in

84 1502 245 1563 Thessalia
259 1503 339 1562 lacto
356 1503 479 1563 domum
494 1503 655 1576 redierant,
672 1505 741 1564 illae
755 1503 894 1564 triremes
910 1519 1017 1564 omnes
1030 1510 1057 1565 et

85 1587 326 1663 quinqueremes
358 1595 449 1662 aptae
476 1589 706 1663 instructaeque
736 1587 876 1649 omnibus
900 1589 994 1648 rebus
1020 1585 1058 1646 ad

84 1671 305 1746 navigandum,
328 1680 450 1747 praeter
464 1672 520 1732 has
536 1673 615 1731 duae
631 1679 661 1732 et
675 1672 794 1748 viginti,
819 1687 899 1745 quae
913 1670 1059 1747 praesidii

84 1772 183 1816 causa
195 1756 402 1816 Alexandriae
424 1773 495 1816 esse
517 1765 717 1830 consuerant,
741 1762 913 1817 constratae
935 1770 1058 1824 omnes;

84 1856 164 1916 quas
187 1841 214 1900 si
236 1841 487 1916 occupavissent,
513 1843 615 1901 classe
630 1841 752 1901 Caesari
767 1846 872 1915 erepta
886 1846 1008 1915 portum
1024 1853 1057 1899 ae

83 1940 169 1985 marc
190 1931 287 1985 totum
300 1926 330 1984 in
346 1942 403 1985 sua
416 1932 567 2001 potestate
581 1925 741 1998 haberent,
768 1932 939 1985 commeatu
952 1923 1052 1984 auxili

80 2011 175 2085 isque
188 2008 350 2069 Caesarem
364 2010 569 2086 prohiberent.
595 2011 703 2084 Itaque
713 2017 796 2070 tanta
807 2017 854 2070 est
865 2008 1057 2070 contentione

82 2099 196 2166 actum,
214 2102 326 2168 quanta
340 2095 389 2169 agi
404 2094 515 2166 debuit
535 2094 659 2154 camilli
675 2096 805 2154 celerem
819 2094 850 2153 in
866 2109 903 2154 ea
915 2110 950 2153 rc
962 2093 1050 2154 victo

80 2178 171 2250 riam,
192 2176 224 2236 hi
239 2180 368 2238 salutem
383 2194 470 2238 suram
486 2179 654 2239 consistere
669 2179 817 2240 viderent.
848 2177 910 2238 Sed
924 2194 989 2239 rem
1005 2178 1050 2239 ob·
1120 2192 1122 2196 ·

81 2262 174 2323 trnatt
185 2261 298 2324 Caesar
312 2279 481 2338 omnesque
496 2278 549 2322 eas
565 2279 661 2323 naves
677 2270 707 2322 et
716 2264 861 2338 reliquas,
879 2280 958 2339 quae
972 2268 1058 2323 crant

80 2349 113 2408 in
137 2345 316 2423 navmhus,
337 2348 484 2421 incendit,
508 2350 591 2422 quod
614 2355 674 2408 tam
690 2349 749 2407 late
763 2348 841 2408 tucri
855 2365 953 2424 parva
967 2364 1057 2408 manu

83 2449 147 2493 non
175 2438 309 2508 poterat,
339 2433 562 2506 confestimque
585 2433 624 2492 ad
644 2431 775 2492 Pharum
797 2432 926 2492 navibus
947 2434 1056 2492 milites

82 2516 241 2592 exposuit.

172 2601 257 2661 CXll.
299 2601 417 2662 Pharus
439 2607 487 2660 est
500 2601 531 2660 in
545 2601 645 2661 insula
658 2600 749 2661 turris
765 2616 876 2675 magna
891 2600 1055 2677 altitudine,

83 2686 222 2747 mirificis
245 2687 389 2762 operibus
406 2692 558 2755 extrueta;
582 2701 661 2760 quae
676 2701 786 2745 nomen
802 2686 840 2745 ab
854 2687 955 2745 insuda
969 2700 1054 2746 acce·

85 2772 137 2848 pit.
153 2772 239 2830 Haec
254 2771 355 2831 insula
369 2771 488 2831 obieeta
498 2768 704 2829 Alexandriae
714 2777 834 2847 portum
846 2771 954 2841 elficit3
970 2772 1056 2830 seda

84 2854 1054 2932 superioribusregionibusinlongitudinempassuumnongen-
1090 2916 1093 2921 ,

84 2948 186 3001 torum
201 2939 232 2997 in
246 2954 329 2998 mare
342 2940 427 3000 iactis
439 2939 569 3000 molibus
583 2944 712 3013 angusto
724 2939 829 2999 itinere
842 2947 872 2999 et
881 2946 975 3014 ponte
987 2955 1055 2998 cum

85 3024 203 3099 oppido
225 3024 425 3098 coniungitur.
453 3025 486 3083 ln
508 3023 565 3083 hoc
587 3031 657 3083 sunt
671 3024 772 3083 insula
787 3023 939 3083 domicilia
952 3025 1054 3100 Aegy-

86 3109 218 3185 ptiorum
238 3115 269 3168 et
287 3108 374 3168 vicus
396 3107 501 3183 oppidi
520 3107 738 3182 magnitudine
749 3123 890 3183 quaeque
904 3107 944 3166 ibi
960 3122 1055 3167 naves

85 3192 281 3269 inprudentia
291 3200 343 3252 aut
352 3200 532 3268 tempestate
544 3193 667 3267 paulum
680 3208 736 3251 suo
746 3192 1054 3266 cursudecesserunt,

86 3278 143 3339 has
164 3293 251 3337 more
264 3277 455 3352 praedonum
470 3276 603 3351 diripere
618 3283 812 3336 consuerunt.
841 3276 881 3335 Iis
897 3282 996 3336 autem
1010 3277 1054 3336 in-

88 3363 172 3437 vilis,
195 3379 215 3422 a
232 3362 345 3439 quibus
360 3361 477 3422 Pharus
495 3369 629 3437 tenetur,
650 3378 711 3422 non
727 3367 917 3439 potestesse
930 3369 1059 3436 propter

89 3447 245 3519 angustias
264 3447 393 3506 cambus
413 3447 557 3511 introitus
579 3448 610 3512 in
626 3457 763 3529 portum.
787 3445 1088 3512 linctumner'nns
