2272 4176
120 193 180 257 150
415 194 466 254 DE
488 193 611 255 BELLO
635 192 798 253 cantico

118 349 199 426 piam
220 355 327 411 nactus
347 352 466 426 repleto
487 349 535 409 his
556 349 649 408 rebus
672 348 808 407 exercitu
829 348 886 409 iter
901 349 933 410 in
949 348 1082 413 Senones

120 437 220 495 iacere
234 436 368 497 instituit.
678 469 680 473 ·

198 521 287 580 LVII.
310 522 389 581 llum
409 521 485 580 haec
506 518 589 595 apud
612 517 773 578 Caesarem
794 523 959 594 gerunuu,
984 518 1082 581 Labie

118 610 176 667 uus
191 620 228 665 eo
245 608 466 681 supplemento,
483 604 567 679 quod
578 619 676 678 nuper
687 619 726 662 ex
737 604 970 678 itatiavenerar,
985 604 1082 667 relicto

118 691 261 765 Agedlm,
284 697 317 750 ut
330 696 413 748 esset
427 689 647 764 impedimentis
663 688 835 763 praesidio,
862 700 933 748 turm
949 696 1083 764 quattuor

117 775 289 850 legionibus
303 774 449 833 Lutetiam
465 773 676 848 proficiscitur.
692 774 725 832 ld
734 781 782 832 cst
795 773 946 847 oppidum
960 774 1083 835 Parisio

117 876 194 935 rum,
204 861 287 936 quod
302 859 434 934 positum
447 858 533 917 estin
549 858 650 916 insula
663 856 797 917 fluminis
806 856 983 933 Sequanae.
999 859 1084 920 Cuius
1123 884 1132 945 1

118 945 250 1005 adventu
270 944 308 1003 ab
322 943 462 1003 hostibus
478 943 600 1017 cognito
616 958 745 1017 magnae
759 958 799 1001 ex
813 942 950 1003 finitimis
966 942 1083 1005 eivitati-
1125 950 1132 1031 ξ

117 1028 176 1089 bus
191 1028 300 1103 copiae
315 1036 532 1089 convenerunt.
563 1026 687 1088 Summa
708 1026 824 1102 imperii
839 1028 971 1087 traditur
985 1029 1084 1089 Carnu
1116 1034 1132 1105 't

119 1114 230 1189 lagena
245 1114 393 1186 Aulereo,
420 1113 472 1187 qtd
493 1127 592 1188 prope
614 1114 772 1172 conlectus
787 1117 887 1172 aetate
901 1118 1005 1173 tamen
1020 1129 1084 1189 pro·
1124 1110 1132 1197 i

119 1206 186 1273 pter
200 1197 383 1272 singularem
405 1197 560 1258 seleutiam
582 1196 626 1255 rei
641 1197 777 1256 militaris
792 1197 831 1255 ad
846 1211 918 1256 eum
931 1205 983 1257 est
995 1198 1084 1259 hono·
1124 1200 1132 1283 t

118 1296 181 1341 rem
196 1284 352 1342 evocatus.
388 1283 417 1341 ls
440 1298 508 1341 cum
529 1282 795 1341 animadvertisset
815 1287 999 1356 perpetuam
1020 1298 1084 1343 esse
1125 1286 1132 1357 ξ

30 1392 33 1399 ·
118 1367 269 1441 paludem,
286 1382 365 1441 quae
379 1365 521 1426 influeret
535 1367 563 1425 in
580 1364 755 1441 Sequanam
770 1373 862 1441 atque
872 1366 958 1426 illum
971 1382 1083 1429 omnem
1128 1360 1132 1445 Ι

118 1452 216 1511 locum
228 1466 415 1525 magnopere
426 1451 584 1526 inpediret,
592 1449 1083 1526 hicconseditnostrosquetrans
1130 1500 1132 1507 .

117 1535 160 1596 itu
175 1535 338 1613 prohibere
353 1536 489 1598 instituit.
916 1536 919 1541 ’

200 1620 303 1680 Lvttl.
319 1620 470 1681 Labienus
487 1620 585 1695 primo
602 1620 709 1679 vineas
728 1634 829 1694 egere,
846 1619 984 1682 cratibus
1000 1628 1085 1697 atque

35 1748 38 1753 -
117 1720 229 1781 aggere
254 1705 397 1779 paludem
422 1707 546 1779 explere
571 1710 663 1779 atque
687 1704 742 1763 iter
767 1703 885 1764 munire
911 1707 1082 1767 conabatur.

118 1791 281 1866 Postquam
296 1789 327 1848 id
342 1789 494 1850 difficilius
507 1789 632 1849 confieri
647 1789 867 1863 animadvertit,
876 1789 1001 1854 silentio
1011 1808 1029 1853 e
1038 1804 1082 1851 ea

118 1876 189 1935 stris
209 1874 297 1934 tertia
317 1873 419 1949 vigilia
442 1889 587 1949 egressus
613 1874 721 1932 eodem
748 1889 809 1948 quo
835 1883 965 1934 venerat
984 1875 1082 1935 itinere

116 1959 313 2020 Meladunum
328 1959 476 2032 pervenit.
490 1958 524 2018 ld
540 1966 588 2018 cst
603 1957 750 2032 oppidum
763 1957 928 2032 Senonum,
944 1959 977 2019 in
992 1959 1084 2019 insula

119 2045 281 2118 Sequanae
296 2043 439 2116 positum,
454 2050 487 2103 ut
502 2045 593 2118 paulo
608 2049 677 2101 ante
692 2041 855 2101 chutetia
870 2043 1016 2104 diximus.
1030 2044 1084 2103 lle

119 2128 278 2204 prehensis
294 2127 423 2185 navibus
439 2128 557 2187 circiter
572 2127 791 2202 quinquaginta
803 2127 1006 2203 celeriterque
1017 2143 1073 2188 con

118 2212 226 2272 iunctis
242 2218 334 2284 atque
349 2226 386 2270 eo
402 2211 545 2271 militibus
560 2212 678 2271 iniectis
694 2217 725 2269 et
736 2210 781 2269 rei
796 2211 931 2270 novitate
946 2212 1073 2288 perterri

118 2297 155 2355 tis
172 2295 351 2370 oppidanis,
378 2311 507 2370 quorum
529 2312 640 2370 magna
659 2301 814 2370 parserat
833 2295 872 2353 ad
887 2296 1003 2357 bellum
1017 2311 1086 2356 evo·

119 2382 201 2452 eata,
228 2380 295 2439 sine
322 2380 516 2439 contentione
537 2381 652 2454 oppido
678 2380 800 2454 potitur.
830 2380 958 2441 Refecto
986 2388 1088 2457 ponte,

118 2480 211 2542 quem
223 2463 433 2538 superioribus
449 2465 557 2524 diebus
573 2464 680 2525 hostes
695 2464 899 2536 resciderunt,
921 2466 1087 2526 exereitum

119 2550 247 2612 traducit
268 2556 298 2608 et
320 2549 457 2608 seeundo
473 2548 597 2609 flumine
612 2549 651 2608 ad
665 2549 813 2608 Lutetiam
828 2549 885 2607 iter
898 2549 1005 2609 iacere
1020 2564 1087 2609 coe-

119 2635 170 2711 pit.
200 2634 313 2693 Hostes
335 2649 368 2692 re
391 2634 513 2708 cognita
537 2634 574 2692 ab
600 2633 653 2707 iis,
679 2633 730 2706 qui
751 2633 917 2693 illeloduno
940 2635 1089 2708 lugerent,

118 2719 265 2780 Lutetiam
280 2718 399 2777 incendi
420 2725 591 2793 pontesque
606 2719 672 2777 eius
695 2717 800 2791 oppidi
819 2717 955 2776 rescindi
969 2719 1089 2785 iubent;

118 2803 177 2879 ipsi
192 2803 329 2878 proiecta
344 2803 456 2876 palude
474 2803 513 2861 ad
535 2803 619 2878 ripas
636 2800 799 2876 Sequanae
820 2802 847 2860 e'
858 2802 987 2876 regione
1001 2802 1089 2862 Late

118 2889 177 2949 tiae
198 2893 303 2946 contra
317 2886 442 2944 Labieni
458 2893 558 2946 eastra
574 2887 746 2946 considunt.

196 2970 274 3032 LIX.
299 2970 360 3029 lam
376 2971 488 3030 Caesar
502 2987 521 3029 a
533 2970 684 3046 Gergovia
699 2970 884 3030 discessisse
900 2970 1090 3044 audiebatur,

119 3057 177 3119 iam
199 3056 238 3115 de
260 3055 456 3114 Haeduorum
478 3055 651 3115 detectione
671 3062 700 3115 et
720 3053 857 3115 seeundo
877 3053 993 3114 Galliae
1006 3064 1091 3117 motu

119 3156 257 3202 rumores
270 3140 493 3212 adferebantur,
511 3140 649 3216 Gallique
660 3140 690 3198 in
704 3139 877 3215 conloquiis
892 3140 1091 3201 interclusum

119 3225 225 3285 itinere
247 3230 277 3283 et
295 3223 395 3297 Ligeri
417 3224 578 3284 caesarem
604 3225 708 3299 inopia
728 3223 869 3284 frumenti
895 3230 1037 3284 eoactum
1061 3224 1090 3283 in

120 3309 308 3385 provinciam
329 3308 527 3368 contendisse
548 3309 776 3369 confirmabant.
814 3307 970 3367 Bellovaci
990 3315 1092 3369 auum

120 3393 291 3453 detectione
304 3392 501 3453 Haeduorum
516 3394 654 3468 cognita,
675 3392 725 3468 qui
741 3397 811 3452 ante
825 3396 913 3451 erant
926 3405 984 3466 per
997 3408 1034 3452 se
1047 3392 1090 3451 in·

121 3477 227 3539 oderes
251 3490 359 3535 manus
375 3492 488 3553 cogere
502 3483 594 3554 atque
609 3484 716 3553 aperte
729 3477 842 3536 bellum
856 3490 966 3552 parare
979 3491 1091 3553 coepe*
