2272 4176
69 503 131 573 tto
375 510 532 575 BELLUM
551 512 730 577 Arctoae.

69 663 152 741 ginta
166 680 311 743 egressus
328 682 345 726 e
358 681 454 745 regno
470 667 510 726 ad
518 664 693 742 Scipionem
708 675 757 730 est
769 668 934 747 proiectus.
948 669 1018 735 Post·

69 767 161 825 quam
175 753 216 812 ad
230 767 299 812 eum
311 753 457 828 pervenit,
473 753 581 813 eastris
592 754 683 829 regiis
695 770 839 815 seersum
850 756 955 832 positis
967 771 1021 818 cun

68 835 112 896 eis
130 837 236 912 copiis,
252 853 330 913 quas
343 837 586 910 commemoravi,
600 838 683 898 haud
693 839 736 911 ita
745 842 840 915 longe
850 839 888 900 ab
895 839 1021 917 Scipione

68 921 215 982 consedit.
231 921 304 981 Erat
317 922 347 981 in
363 921 472 981 eastris
489 921 629 983 Caesaris
645 926 807 997 superiore
822 931 960 1000 tempore
972 940 1020 985 na·

66 1020 145 1081 gnus
160 1011 267 1080 terror,
283 1012 313 1064 et
327 1006 538 1081 expectatione
550 1007 706 1082 copiarum
717 1009 873 1082 regiarum
887 1006 1034 1071 exercitus'

67 1091 132 1150 eius
148 1091 245 1165 magis
260 1091 461 1165 suspensiore
476 1091 575 1151 animo
592 1098 660 1151 ante
679 1092 843 1153 adventum
855 1093 1019 1155 lubaecon-

26 1180 29 1185 “
66 1175 260 1243 merchatum
286 1182 451 1250 postquam
469 1189 544 1234 vero
567 1183 666 1235 castra
686 1176 796 1236 castris
818 1179 959 1252 eontulit,
981 1180 1019 1238 de

67 1259 182 1336 spectis
204 1260 270 1319 eius
292 1260 390 1334 copiis
412 1275 532 1319 omnem
552 1260 690 1320 timorem
711 1261 850 1335 deponit.
883 1264 928 1322 lta
947 1279 1020 1338 quan

67 1352 156 1405 antea
175 1344 287 1403 absens
309 1344 456 1403 habuerat
477 1345 700 1419 auctoritatem,
730 1360 798 1404 earn
815 1361 935 1406 omnem
950 1362 1020 1423 prae

67 1445 139 1489 sens
155 1428 318 1488 dimiserat.
341 1427 405 1501 Quo
421 1428 502 1488 facto
520 1429 615 1488 cuivis
631 1430 721 1488 facile
735 1429 791 1490 luit
805 1430 960 1492 intellectu
971 1430 1019 1491 Sci·

65 1514 149 1590 pioni
165 1512 299 1572 additum
314 1513 445 1572 animum
459 1513 662 1588 fiduciamque
676 1514 758 1588 regis
775 1515 921 1585 adventu.
961 1517 1019 1575 Nam

65 1605 191 1674 postero
207 1597 256 1657 die
270 1597 430 1657 universas
447 1612 520 1657 suas
534 1597 678 1673 regisque
690 1599 798 1673 copias
813 1615 883 1660 curn
895 1601 1019 1677 elephan-

64 1684 103 1742 tis
119 1681 279 1755 sexaginta
293 1681 459 1757 productas
473 1681 503 1740 in
519 1681 615 1741 aciem
628 1699 718 1756 quam
734 1684 965 1757 speciosissime
977 1701 1019 1760 po·

64 1767 121 1828 tuit
140 1766 282 1826 instruxit
301 1782 337 1825 ac
352 1768 444 1840 paulo
466 1765 585 1840 longius
601 1781 788 1841 progressus
804 1769 844 1828 ab
860 1770 926 1830 suis
941 1771 1017 1829 muni·

64 1852 196 1912 tionibus
211 1850 294 1910 haud
308 1851 349 1910 ita
361 1851 412 1910 diu
427 1857 632 1933 commoratus
648 1867 682 1910 se
696 1852 805 1926 recipit
820 1853 851 1912 in
868 1860 975 1914 castra.

146 1935 246 1996 XLIX.
270 1934 396 2008 Caesar,
421 1942 585 2010 postquam
605 1935 817 1996 animadvertit
833 1937 966 2014 Scipioni
979 1955 1017 1998 au·

64 2021 136 2081 xilia
151 2021 223 2093 lere,
239 2034 317 2095 quae
329 2026 533 2094 expectasset,
546 2020 647 2079 ernnia
658 2022 845 2081 eonvemsse
855 2038 958 2098 neque
969 2039 1017 2082 no-

63 2122 127 2164 ram
141 2103 296 2180 pugnandi
312 2104 402 2162 ullam
417 2105 491 2176 lore,
507 2118 562 2178 per
573 2103 675 2178 iugum
687 2119 839 2164 summurn
853 2123 923 2166 cum
938 2108 1017 2182 copiis

65 2190 213 2264 progredi.
233 2187 335 2261 coepit
360 2194 389 2246 et
413 2187 537 2246 brachia
561 2189 700 2263 protinus
723 2189 838 2248 ducere
860 2198 890 2249 et
912 2194 1018 2251 castella

64 2274 180 2332 munire
194 2273 386 2347 propiusque
401 2270 574 2346 Scipionem
591 2273 741 2347 capiendo
758 2274 829 2333 loca
844 2278 968 2335 excelsa
979 2291 1017 2335 oc·

65 2372 177 2433 cupare
200 2356 367 2429 contendit,
396 2370 435 2414 ne
456 2355 622 2415 adversarii
642 2358 851 2431 magnitudine
878 2362 1017 2435 copiarum

66 2441 172 2501 confisi
196 2440 367 2515 proximum
393 2441 501 2500 collem
527 2450 714 2515 occuparent
738 2449 831 2517 atque
852 2443 893 2501 ita
915 2444 1018 2518 longius

64 2526 121 2585 sibi
137 2524 351 2598 progrediendi
367 2522 518 2599 eriperent
532 2525 713 2585 facultatem.
724 2526 872 2585 Eiusdem
886 2528 969 2588 collis
979 2543 1017 2588 oc·

65 2609 196 2685 cupandi
212 2608 329 2684 [gratia]
344 2608 495 2668 Labienus
512 2609 670 2668 consilium
686 2617 812 2685 ceperat
826 2618 870 2685 et,
888 2630 948 2687 quo
961 2627 1014 2689 pro

65 2695 151 2769 piore
166 2696 234 2753 loeo
250 2693 356 2765 iuerat,
373 2707 410 2751 eo
427 2693 556 2753 celerius
573 2701 757 2754 occurrerat.

146 2778 178 2837 L.
200 2778 272 2836 Erat
293 2778 439 2836 convallis
461 2777 535 2837 satis
557 2793 666 2851 magna
679 2779 853 2854 latitudine,
880 2781 1019 2841 altitudine

65 2870 242 2938 praerupta,
270 2861 384 2920 crebris
406 2862 482 2921 locis
504 2864 670 2935 speluncae
691 2862 721 2921 in
743 2864 868 2923 modum
890 2866 1018 2935 subrutis,

65 2962 142 3022 quae
157 2953 221 3006 erat
235 2945 487 3019 transgredienda
505 2946 634 3018 Caesari,
651 2952 815 3022 antequam
830 2950 869 3008 ad
889 2965 956 3010 eum
970 2950 1018 3009 col-

63 3033 136 3104 lem,
164 3046 254 3105 quem
270 3043 381 3104 capere
395 3030 532 3105 volebat,
559 3032 786 3105 perveniretur;
812 3035 953 3109 ultraque
966 3050 1020 3093 eam

63 3118 231 3176 convallem
254 3115 395 3173 olivetum
417 3122 505 3173 vetus
527 3115 641 3174 crebris
656 3114 818 3176 arboribus
835 3120 1019 3178 condensum.

62 3202 117 3259 Hic
138 3216 207 3260 eum
227 3198 380 3257 Labienus
402 3199 666 3277 animadvertisset
686 3198 865 3276 Caesarem,
894 3205 920 3261 si
943 3204 1021 3262 vellet

63 3301 131 3344 eum
146 3286 247 3343 locum
263 3296 430 3355 occupare,
456 3282 542 3356 prius
564 3298 693 3342 neeesse
709 3298 780 3343 esse
796 3289 964 3346 convallem
977 3288 1020 3347 oli-

62 3377 223 3443 vetumque
244 3367 430 3439 transgredi,
457 3381 560 3426 eorum
582 3367 718 3427 locorum
740 3370 856 3443 peritus
872 3372 902 3430 in
917 3371 1021 3431 insidiis

63 3469 130 3512 cum
146 3460 232 3527 parte
246 3452 397 3525 equitatus
418 3450 540 3525 levique
562 3459 714 3509 armatura
734 3456 876 3514 consedit
897 3462 926 3515 et
945 3471 1020 3531 prae·

62 3546 146 3596 terea
160 3544 231 3612 post
244 3543 376 3594 montem
391 3535 509 3608 equites
521 3536 679 3595 inocculto
694 3539 909 3613 collocaverat,
917 3548 956 3613 ut,
964 3555 1022 3599 cum

65 3636 130 3696 pse
145 3637 183 3679 cx
197 3621 363 3695 improviso
380 3620 563 3694 legionarios
580 3621 705 3679 adortus
721 3630 822 3695 esset,
847 3639 886 3682 ex
908 3628 1022 3684 collese

64 3705 214 3779 equitatus
240 3706 430 3777 ostenderet,
456 3710 486 3762 et
509 3720 543 3762 re
568 3706 680 3778 duplici
701 3707 900 3778 perturbatus
923 3710 1022 3769 Caesar

64 3790 190 3867 eiusque
210 3789 361 3848 exercitus
383 3803 484 3865 neque
503 3794 584 3848 retro
605 3789 802 3861 regrediundi
828 3807 930 3869 neque
954 3794 1022 3855 una
