2272 4176
303 43 416 102 gerere,
441 39 578 102 trequens
597 39 719 82 uranon]
743 39 832 83 nrssn.
869 39 918 84 net
940 39 1028 102 paulo
1052 39 1135 60 '‘q“

304 118 449 170 creverat:
471 129 504 168 ea
519 128 566 168 res
587 108 695 166 Frustra
715 110 775 167 suit.

253 195 292 254 74
389 195 498 254 Eodem
513 201 644 268 tempore
661 192 798 267 Iugurtha
815 195 926 252 amissis
941 196 1057 262 amiciS,
1080 214 1136 273 qn·

302 297 410 356 rosque
427 281 488 353 ipse
503 283 669 343 necaverat,
691 278 780 334 ceteri
798 276 966 346 formidine,
991 295 1063 353 pars
1080 281 1117 338 ad

304 363 351 421 alii
373 362 409 420 ad
432 377 532 436 regern
551 359 701 418 Bocchum
724 360 931 437 profugerant,
960 380 1026 421 curn
1051 381 1126 441 neqr

303 446 366 521 geri
385 445 446 503 sine
461 443 636 503 administris
654 450 753 518 posset
769 451 798 503 et
814 461 957 504 novorum
973 446 1063 505 fidem
1080 449 1111 505 in

302 528 369 588 fidia
380 535 512 587 veterum
524 527 649 603 experiri
667 526 865 603 periculosum
881 528 1010 597 duceret,
1027 532 1133 591 varius

304 630 360 691 que
375 611 509 688 agitabat.
547 611 648 688 Neque
662 609 703 669 illi
718 628 767 670 res
781 629 878 689 neque
894 612 1047 672 consilium
1068 622 1122 674 aut

301 696 453 756 hominum
471 696 540 755 satis
556 692 703 771 placebat:
722 694 825 755 itinera
842 695 1070 793 praefectosque
1092 700 1124 758 in

300 786 380 849 tare,
403 780 491 840 modo
511 779 666 838 advorsum
681 777 788 847 hostis,
811 780 982 839 interdum
974 781 1133 843 insolitu·

301 879 387 940 gere,
415 879 502 940 saepe
528 864 558 922 in
578 862 647 938 fuga
663 878 698 922 ae
712 868 779 938 post
792 861 907 940 paulo
898 865 1037 924 inarmis
1060 883 1131 944 spe·

301 948 435 1009 dubitare
444 948 543 1007 virtuti
558 963 595 1007 an
609 946 667 1007 fide
683 943 868 1025 popularium
882 949 979 1008 minus
994 949 1124 1012 credere

274 1043 427 1110 ecumque
442 1030 607 1092 intenderat
621 1047 670 1091 res
686 1030 827 1091 advorsae
842 1037 934 1092 erant.
963 1031 1014 1092 Set
1031 1034 1114 1095 inter

300 1121 424 1193 repente
442 1132 507 1176 sese
524 1112 657 1175 Metellus
678 1131 746 1174 cum
768 1116 898 1176 exercitu
920 1115 1066 1177 ostendit:
1091 1119 1120 1180 N

300 1198 443 1275 Iugurtha
463 1215 518 1276 pro
536 1204 670 1276 ternpore
691 1200 785 1277 parati
812 1200 1021 1278 instructique,
1050 1202 1123 1263 dein

274 1284 447 1360 3incipitur.
480 1281 542 1352 Qua
556 1284 587 1343 in
609 1288 693 1362 parte
714 1300 767 1343 rex
782 1299 900 1362 pugnae
921 1283 1024 1354 adluit,
1047 1284 1092 1347 ibi
1114 1306 1131 1348 a

301 1373 461 1436 certatum,
485 1368 575 1428 ceteri
596 1368 659 1427 eius
677 1383 779 1427 omnes
800 1365 906 1428 milites
920 1369 1017 1445 primo
1033 1387 1133 1449 congr

301 1450 459 1530 fugatique.
481 1449 606 1511 Romani
619 1452 771 1527 signorum
785 1457 814 1512 et
828 1469 979 1512 armorum
990 1451 1136 1532 aliquant

301 1536 429 1596 hostium
448 1552 611 1632 paucorum
631 1536 730 1614 potiti:
750 1553 819 1596 nam
839 1535 932 1597 ferme
949 1535 1087 1598 Numidis
1104 1560 1128 1600 i·

301 1618 420 1697 proeliis
441 1620 533 1696 magis
555 1618 645 1696 pedes
666 1636 754 1697 quam
771 1637 853 1680 arma
868 1626 930 1680 tuta
950 1627 1029 1681 sunt

252 1702 293 1764 75
387 1702 428 1763 Ea
449 1703 518 1780 iuga
541 1701 705 1780 Iugurtha
697 1705 847 1802 inpensius
863 1704 951 1801 modo
965 1703 1060 1766 rebus
1075 1710 1134 1769 sui
