2272 4176
135 434 198 503 180
429 430 481 495 DE
501 428 627 493 BELLO
650 430 815 492 GALLICO

136 592 304 656 ferendum.
332 588 375 650 At
392 587 569 650 Dumnacus
595 585 730 648 adventu
748 583 834 646 Fabii
858 584 984 665 cognito
998 588 1104 669 despe-

134 686 201 740 rata
215 678 321 749 salute,
337 674 365 735 si
379 679 517 747 tempore
531 672 641 732 ecdem
656 676 782 731 coactus
797 678 883 733 esset
896 680 929 735 et
940 674 1104 739 Romanurn

136 771 297 826 externum
316 759 470 820 sustinere
490 756 611 816 hostem
627 760 657 816 et
677 756 835 831 respicere
849 772 886 817 ac
900 758 1010 821 timere
1024 762 1103 839 oppi-

136 851 250 923 danos,
275 851 403 920 repente
418 858 457 902 ex
471 857 510 901 eo
525 842 679 901 lococum
694 841 792 921 copiis
807 842 925 903 recedit
939 858 999 905 nec
1012 860 1048 905 se
1060 862 1104 907 sa·

136 935 174 994 tis
187 940 285 995 tutum
299 932 367 991 fore
381 926 558 999 arbitratur,
582 925 642 985 nisi
658 924 783 986 flumine
797 926 915 1002 Ligeri,
941 929 1028 1004 quod
1047 938 1105 993 erat

135 1025 228 1095 ponte
254 1021 382 1092 propter
405 1011 644 1085 magnitudinem
667 1011 903 1088 transeundum,
929 1014 1103 1089 copiastra

135 1103 284 1164 duxisset.
298 1099 412 1161 Fabius
428 1095 485 1155 etsi
501 1095 637 1155 nondum
651 1094 682 1154 in
697 1102 899 1170 conspectum
912 1106 1043 1159 venerat
1055 1098 1104 1163 bo·

134 1188 233 1249 stibus
254 1199 355 1260 neque
376 1197 411 1241 sc
433 1180 558 1240 Caninio
581 1179 796 1255 coniunxerat,
821 1186 924 1241 tamen
945 1183 1057 1245 doctus
1070 1184 1104 1245 ab

133 1274 188 1345 iis,
210 1270 262 1346 qui
277 1272 415 1330 iocorum
429 1271 579 1325 noverant
592 1271 746 1341 naturam
772 1265 968 1341 potissimum
984 1268 1106 1329 credidit

134 1358 240 1419 hostes
252 1352 429 1430 perterritos
447 1366 516 1410 cum
530 1351 645 1424 iocum,
663 1366 753 1427 quem
766 1349 927 1428 petebant,
949 1353 1104 1429 petituros.

133 1443 241 1516 Itaque
262 1455 331 1498 cum
353 1436 450 1512 copiis
472 1434 512 1494 ad
534 1435 666 1494 eundem
680 1443 806 1510 pontem
821 1438 979 1499 contendit
993 1438 1104 1515 equita·

132 1526 239 1601 tuique
259 1529 375 1583 tantum
390 1519 562 1597 procedere
581 1525 651 1579 ante
671 1536 779 1595 agmen
800 1520 933 1596 imperat
946 1522 1103 1599 legionum,

135 1616 282 1688 quantum
305 1623 373 1667 cum
392 1604 616 1682 processisset,
643 1604 710 1664 sine
725 1604 945 1680 defatigatione
958 1623 1103 1685 equorum

133 1696 164 1755 in
179 1694 287 1754 eadem
307 1708 343 1752 se
362 1690 514 1766 reciperet
527 1696 638 1749 castra.
668 1689 905 1765 consequuntur
919 1693 1041 1769 equites
1053 1708 1103 1754 no

133 1779 198 1851 stri,
213 1785 246 1839 ut
261 1784 326 1837 erat
340 1782 550 1852 praeceptum,
566 1774 776 1845 invaduntque
790 1776 941 1836 Dumnaci
956 1792 1064 1853 agmen
1076 1785 1104 1839 ct

134 1865 283 1940 ‘ugientes
304 1861 546 1937 perterritosque
567 1859 625 1919 sub
648 1858 777 1920 sarcinis
798 1860 829 1919 in
844 1861 954 1921 itinere
968 1862 1101 1939 adgressi

132 1964 245 2025 magna
265 1946 382 2023 praeda
402 1945 503 2005 multis
524 1944 692 2004 interfectis
715 1944 879 2020 potiuntur.
907 1946 956 2007 Ita
973 1962 1011 2008 re
1029 1946 1101 2008 bene

133 2042 221 2110 gesta
235 2048 274 2092 se
283 2031 434 2106 recipiunt
447 2031 479 2089 in
494 2036 606 2090 castra

215 2158 349 2220 XXVIII.
371 2156 548 2232 insequenti
568 2161 660 2217 nocte
678 2154 791 2218 Fabius
806 2158 928 2233 equites
943 2156 1100 2234 praemittit

134 2247 179 2307 sic
192 2251 328 2323 paratos,
343 2250 377 2303 ut
392 2241 595 2316 confligerent
609 2247 703 2317 atque
718 2257 809 2302 omne
823 2258 936 2317 agmen
950 2258 1101 2305 moraren-

133 2340 196 2405 tur,
223 2331 294 2389 dum
317 2334 561 2403 consequeretur
582 2327 660 2402 ipse.
696 2327 789 2387 Cuius
810 2329 989 2404 praeceptis
1009 2336 1101 2391 utres

132 2422 297 2491 gereretur,
314 2412 445 2486 Q.Atius
461 2413 573 2486 Vanae,
589 2412 764 2486 praefectus
780 2413 926 2487 equiturn,
942 2412 1101 2488 singrdaris

133 2508 164 2560 et
178 2499 268 2559 animi
283 2504 313 2557 et
327 2497 508 2573 prudentiae
522 2497 584 2569 vir,
609 2513 685 2557 suos
706 2497 843 2557 hortatur
864 2512 1039 2574 agmenque
1052 2496 1100 2557 ho-

133 2585 223 2645 stium
246 2589 430 2643 consecutus
452 2588 567 2641 turmas
588 2582 699 2655 partim
719 2581 840 2642 idoneis
860 2581 938 2642 locis
961 2582 1102 2658 disponit,

133 2676 220 2746 parte
245 2667 380 2743 equitum
406 2667 557 2742 proelium
584 2665 748 2725 committit.
790 2664 932 2740 Confligit
957 2667 1101 2728 audacius

131 2755 285 2831 equitatus
301 2752 434 2813 hostium
455 2750 691 2810 succedentibus
708 2751 765 2810 sibi
780 2750 952 2826 peditibus3
974 2752 1029 2829 qui
1042 2758 1102 2813 tcto

133 2839 252 2915 agmine
268 2837 473 2897 subsistentes
495 2835 648 2910 equitibus
664 2835 729 2895 suis
745 2843 851 2895 contra
864 2842 991 2898 nostros
1007 2839 1103 2898 ferunt

132 2924 287 2985 auxilium.
315 2921 363 2982 Fit
384 2921 533 2996 proelium
554 2920 617 2978 acri
639 2920 813 2979 certamine.
847 2920 989 2997 Namque
1010 2918 1104 2984 nostri

133 3007 315 3082 contemptis
328 3006 428 3081 pridie
440 3003 592 3079 superatis
605 3003 754 3080 hostibus
770 3021 838 3065 cum
853 3005 1006 3081 subsequi
1013 3007 1104 3083 legio·

132 3110 188 3154 nes
203 3092 429 3165 meminissent,
453 3098 482 3150 et
496 3088 616 3164 pudore
631 3089 760 3149 cedendi
775 3097 804 3150 et
820 3089 986 3164 cupiditate
1001 3107 1057 3167 per
1070 3106 1102 3151 se

133 3176 315 3239 conficiendi
336 3175 445 3250 proelii
467 3174 633 3234 fortissime
654 3182 760 3234 contra
774 3175 895 3249 pedites
910 3176 1102 3250 praeliaban-

131 3270 194 3335 tur,
216 3261 385 3335 hostesque
406 3259 480 3317 nihil
500 3258 630 3334 amplius
653 3259 811 3334 copiarum
826 3276 1027 3321 accessurum
1041 3276 1102 3323 cre

132 3348 256 3418 dentes,
282 3352 315 3404 ut
328 3344 428 3420 pridie
443 3348 668 3418 cognoverant,
694 3344 816 3404 delendi
837 3345 992 3420 equitatus
1008 3344 1102 3407 nostri

133 3433 212 3492 nacti
228 3430 424 3490 occasionem
437 3428 628 3488 videbantur.

215 3557 320 3618 aaut„
341 3558 415 3618 Cura
436 3555 623 3631 aliquamdiu
637 3571 756 3615 summa
771 3556 966 3618 contentione
981 3556 1102 3619 dimica-

7 3652 13 3661 '
132 3649 224 3714 retur,
238 3643 413 3702 Dumnacus
428 3640 549 3701 instruit
563 3640 671 3713 aciem,
686 3656 765 3715 quae
777 3640 843 3700 suis
855 3648 939 3701 esset
950 3644 1103 3718 equitibus

132 3726 164 3789 ln
173 3726 272 3786 vicem
283 3727 454 3801 praesidio=
470 3741 539 3785 cum
549 3732 676 3797 repente
688 3725 841 3785 confertae
848 3726 986 3800 legiones
994 3728 1026 3789 in
1035 3744 1103 3789 con
