2272 4176
483 178 597 249 illinit
617 184 639 244 l.
1001 186 1042 253 ῃ

32 382 36 397 .
74 354 125 411 ,ιω
137 344 207 401 sunt
223 337 365 399 omnium
385 345 500 398 mentes
517 353 699 414 summaque
718 339 859 401 alacritas
877 347 908 401 et
922 340 1040 417 cupidi·

83 430 119 487 us
138 423 207 485 belli
228 423 362 499 gerendi
383 422 486 483 innata
506 428 567 496 est,
589 423 799 498 princepsque
821 424 939 485 decima
959 426 1040 500 legio

32 564 37 581 ,
84 508 275 585 pernibunos
291 506 420 567 militrnn
436 507 463 566 ei
474 506 587 581 gratias
603 508 674 582 egit,
694 509 779 583 quod
791 508 830 567 de
843 523 879 568 se
894 510 1040 584 optimum

32 652 36 665 ‚
83 591 209 655 iudicium
224 591 366 666 fecisset,
383 606 480 665 seque
495 606 567 650 esse
582 591 622 650 ad
640 591 751 651 bellum
766 592 934 665 gerendum
951 610 1038 669 para-

32 670 36 729 ’.
86 677 213 737 tissiraam
229 674 435 736 confirmavit.
462 674 580 733 Deinde
595 674 733 750 reliquae
746 676 885 749 legiones
904 692 970 737 cum
987 679 1039 737 tri·

32 789 37 828 ,ι
87 759 292 821 bunismilitum
300 766 331 818 et
337 759 504 833 primorum
516 757 654 818 ordinum
663 760 892 820 centurionibus
903 769 1039 835 egerunt,

87 844 119 903 uti
133 844 251 903 caesari
273 842 503 902 satisfacerent:
538 857 573 901 se
594 857 695 918 neque
716 860 859 919 umquam
881 845 1040 905 dubitasse

88 943 168 1002 neque
179 926 322 988 timuisse
331 941 435 1000 neque
447 926 486 985 de
497 941 615 986 summa
627 925 697 985 belli
712 943 801 987 suum
812 928 967 1003 iudicium,
983 930 1039 990 sed

87 1010 259 1085 inperatoris
276 1025 349 1069 esse
370 1008 605 1070 existimavisse.
633 1010 747 1070 Eorum
764 1011 973 1072 satisfactione
988 1028 1038 1073 ac-

89 1101 159 1169 cepta
176 1101 206 1154 et
227 1094 337 1153 itinere
353 1093 506 1168 exquisito
523 1109 579 1167 per
593 1092 787 1168 Divitiacum,
812 1096 896 1170 quod
910 1111 950 1156 ex
970 1096 1037 1157 eliis

86 1177 107 1235 ei
118 1178 273 1237 maximam
283 1177 383 1241 ,iidem
398 1177 538 1249 habebat,
561 1182 595 1236 ut
611 1177 723 1238 milirun
741 1180 871 1253 amplius
888 1181 1036 1257 quinqua-

85 1260 150 1333 ginta
163 1261 292 1321 circuitu
307 1261 384 1321 locis
406 1261 519 1334 apertis
535 1261 700 1322 exercitum
716 1261 849 1335 duceret,
874 1264 912 1322 de
929 1273 1038 1338 quarta

84 1344 177 1419 vigilia,
198 1352 232 1404 ut
248 1345 377 1418 dixerat,
400 1344 557 1419 profectus
573 1353 629 1404 cst.
659 1344 796 1421 Septimo
811 1347 869 1420 die,
895 1363 962 1405 curn
980 1350 1037 1408 iter

56 1458 60 1467 ·
84 1443 132 1487 non
150 1428 374 1502 intermitteret,
402 1428 440 1487 ab
463 1427 709 1503 exploratoribus
732 1431 843 1490 certior
866 1431 965 1491 lactus
988 1442 1037 1493 est

82 1512 210 1572 Ariovisti
235 1512 343 1587 copias
367 1512 515 1571 anostris
530 1512 652 1573 milibus
669 1528 819 1588 passuum
842 1521 984 1590 quattuor
1006 1523 1036 1575 et

82 1610 114 1655 xx
127 1596 243 1656 abesse.
756 1646 760 1654 .
908 1598 918 1617 ⁸

148 1680 234 1741 XLII.
264 1679 391 1754 Cognito
409 1681 547 1741 Caesaris
569 1679 702 1740 adventu
718 1681 893 1741 Ariovistus
916 1684 1034 1756 legatos

81 1765 111 1823 ad
125 1779 190 1824 eum
206 1764 310 1825 mittit=
341 1765 425 1838 quod
441 1772 530 1823 antea
546 1764 586 1823 de
602 1764 755 1839 colloquio
772 1767 978 1839 postulasset,
1002 1768 1032 1825 id

82 1861 126 1921 per
139 1864 171 1907 se
186 1848 253 1907 lieri
269 1848 377 1922 licere,
400 1849 543 1922 quoniam
559 1848 689 1922 propius
712 1849 912 1921 accessisset,
937 1864 1033 1924 seque

82 1930 106 1989 id
123 1932 184 1990 sine
204 1932 343 2005 periculo
366 1932 467 1991 facere
489 1946 585 2005 posse
610 1930 792 1990 existimare.
828 1932 895 1991 Non
916 1934 1032 2007 respuit

84 2016 277 2075 condicionem
286 2015 399 2074 Caesar
414 2016 534 2090 iamque
550 2031 619 2074 eum
630 2016 669 2074 ad
685 2016 843 2074 sanitatem
859 2017 970 2075 reverti
986 2033 1032 2076 ar-

82 2096 238 2174 bitrabatur,
258 2114 327 2158 cum
344 2099 384 2172 id,
405 2100 488 2173 quod
503 2105 593 2157 antea
608 2099 722 2172 petenti
737 2098 929 2174 denegasset,
954 2103 1030 2162 ultra

80 2183 267 2257 polliceretur,
290 2197 492 2257 magnamque
508 2183 538 2240 in
553 2198 640 2256 spem
658 2183 799 2242 veniebat
814 2201 869 2261 pro
887 2186 952 2244 suis
967 2193 1031 2244 tan-

78 2264 108 2324 tis
124 2267 424 2342 populiqueRomani
443 2267 472 2325 in
490 2282 559 2326 eum
577 2266 734 2325 beneficiis
753 2269 881 2341 cognitis
898 2269 963 2328 suis
975 2287 1030 2343 po·

77 2351 181 2410 stulatis
207 2352 274 2410 lore
302 2350 345 2410 uti
367 2350 535 2424 pertinacia
556 2350 727 2409 desisteret.
765 2351 838 2410 Dies
866 2354 1031 2427 conloquio

76 2432 161 2493 dictus
185 2441 286 2494 estex
309 2449 346 2492 co
362 2434 412 2492 die
428 2434 560 2508 quintus.
590 2433 711 2492 Interim
728 2450 823 2509 saepe
846 2437 924 2496 ultro
943 2437 1031 2496 citro-

77 2532 125 2590 que
139 2533 207 2577 cum
222 2516 314 2591 legati
329 2517 407 2575 inter
423 2532 477 2577 eos
492 2517 688 2592 mitterentur,
705 2517 878 2578 Ariovistus
898 2522 1031 2594 postula-

75 2601 116 2672 rit,
139 2617 177 2660 ne
195 2617 285 2677 quem
302 2601 435 2674 peditem
451 2602 489 2659 ad
507 2601 702 2674 conloquium
722 2601 833 2662 Caesar
850 2603 1031 2663 adducerem

75 2686 159 2743 rereri
171 2700 215 2759 se,
232 2699 271 2743 ne
282 2699 340 2758 per
355 2684 480 2743 insidias
496 2684 534 2742 ab
551 2700 588 2744 eo
606 2684 888 2745 circumveniretum
903 2693 1033 2761 uterque

76 2783 130 2826 curn
147 2769 285 2844 equitatu
306 2769 438 2836 veniret;
461 2768 520 2826 alia
535 2768 652 2826 ratione
669 2783 740 2828 sese
756 2785 816 2830 non
841 2784 912 2829 esse
926 2777 1032 2831 ventu-

75 2866 138 2910 rum.
174 2853 289 2912 Caesar
305 2852 389 2926 quod
406 2846 508 2926 neque
525 2851 720 2925 conloquium
743 2852 924 2926 interposita
938 2869 1033 2912 causa

75 2936 125 2994 lolli
135 2937 259 2996 volebat
270 2950 373 3010 neque
384 2936 512 2995 salutern
527 2951 614 2995 suam
623 2935 774 2995 Gallorum
790 2937 934 3010 equitatui
951 2952 1031 2995 com-

75 3018 178 3079 nittore
201 3020 352 3092 audebat,
382 3018 660 3079 commodissimum
681 3035 752 3079 esse
768 3021 872 3079 statuit
892 3020 1032 3079 omnibus

75 3104 148 3177 equis
166 3105 261 3164 Gallis
278 3102 434 3177 equitibus
451 3103 594 3161 detractis
610 3118 647 3161 eo
662 3103 847 3176 legionarios
862 3103 971 3160 milites
991 3104 1029 3163 le

65 3184 158 3259 tionis
177 3189 328 3260 decimae,
352 3187 399 3246 cui
419 3202 509 3261 quam
523 3187 654 3246 maxime
670 3187 851 3255 confidebat,
875 3186 1033 3262 inponere,

82 3272 295 3347 ltpraesidium
311 3287 400 3345 quam
418 3270 641 3344 amicissimum,
657 3268 683 3329 si
701 3271 774 3344 quid
790 3285 869 3343 opus
889 3270 968 3331 faeta
985 3287 1037 3330 es-

82 3366 118 3431 et,
134 3356 273 3417 haberet.
297 3354 383 3428 Quod
401 3371 469 3414 cum
483 3354 578 3428 fieret,
600 3370 660 3413 non
676 3353 835 3412 inridicule
851 3353 975 3427 quidam
994 3370 1035 3413 ex

86 3442 200 3507 uilitibus
227 3439 371 3502 decimae
392 3439 520 3513 legionis
543 3438 633 3498 dixin
671 3439 741 3513 plus
764 3452 856 3515 quarn
878 3437 1035 3516 pollicitus
1124 3480 1127 3491 .
