2272 4176
128 488 169 555 aa
221 498 224 503 ·
419 488 466 550 uu
489 488 614 550 auito
638 450 803 550 cannaco

128 646 291 723 quicquam
313 652 434 720 praeter
455 659 541 707 oram
561 644 740 705 maritimam
762 650 857 719 atque
876 659 933 706 eas
947 644 1097 721 regiona,-

128 746 206 807 quae
222 736 292 790 sunt
306 736 411 789 eontra
428 729 555 803 Gallias,
581 735 685 790 notum
706 732 762 788 est.
798 727 908 805 ltaque
928 728 1047 795 vocatia
1059 726 1093 791 al
1120 728 1128 803 J

127 831 161 876 sc
174 814 311 890 undique
326 812 546 873 mercatoribus
561 828 662 887 neque
677 818 792 889 quanta
806 821 892 874 esset
906 814 1027 877 insulae
1038 828 1090 875 nra
1117 816 1128 835 ·“

127 899 262 974 gnitudo,
279 914 380 973 neque
397 913 477 973 quac
491 903 543 957 aut
559 904 691 972 quantae
701 895 842 957 nationes
855 896 1035 973 incolerent,
1047 914 1074 959 n
1114 896 1128 969 ’ζ

130 1000 189 1058 que
212 999 302 1058 quern
323 999 414 1043 usum
435 980 507 1040 belli
521 979 669 1041 haberent
684 987 736 1042 aut
750 980 862 1056 quibus
878 982 1023 1045 institutis
1035 988 1089 1047 ruu-
1113 984 1128 1049 ξ,

127 1076 246 1143 rentur,
272 1082 374 1142 neque
390 1065 441 1140 qui
463 1072 568 1124 essent
583 1065 623 1125 ad
637 1065 786 1126 maiorum
800 1066 927 1127 navium
941 1064 1097 1149 nrultitutl'e
1114 1065 1128 1135 ζ

129 1168 197 1212 nem
211 1152 313 1212 idonei
329 1158 445 1226 portus,
461 1149 597 1222 reperire
613 1155 741 1223 poterat.
1090 1174 1096 1192 =
1113 1152 1119 1222 j

209 1236 286 1295 XXI.
308 1236 358 1294 Ad
374 1235 451 1293 haec
464 1234 690 1307 cognoscenda,
706 1230 887 1307 priusquam
899 1232 1089 1309 periclumllr
1112 1230 1128 1295 ζ’

129 1326 226 1393 cerel,
251 1320 395 1379 idoneum
416 1332 488 1376 esse
509 1317 671 1376 arbitratus
694 1316 800 1376 Gaium
820 1318 1012 1379 Volusenum
1032 1323 1096 1379 tu
1112 1373 1128 1393 ι

130 1404 200 1463 navi
215 1404 306 1476 longa
321 1401 493 1476 praemittit.
534 1400 612 1460 Huic
627 1400 759 1474 mandat,
773 1406 807 1459 ut
822 1402 992 1476 exploratis
1007 1398 1089 1463 omui·
1114 1406 1128 1465 ζ

130 1489 186 1548 bus
200 1487 293 1546 rebus
306 1487 392 1545 adse
405 1500 496 1559 quarn
508 1484 638 1558 primum
648 1490 826 1543 revertatur.
841 1484 916 1560 Ipse
928 1500 997 1547 cum
1007 1482 1089 1547 amul
1113 1490 1128 1499 '

130 1571 188 1631 bus
205 1570 303 1644 copiis
318 1571 348 1628 in
363 1568 500 1629 Morinos
515 1567 735 1642 proficiscitur,
763 1568 846 1642 quod
868 1569 941 1629 inde
956 1568 1051 1631 arath
1071 1584 1093 1629 ’.
1115 1591 1128 1599 ·

132 1655 274 1714 vissimus
289 1654 320 1713 in
334 1653 520 1713 Britanniam
534 1651 689 1712 traiectus.
718 1650 786 1712 Huc
801 1667 898 1712 naves
911 1653 1047 1729 undique
1064 1677 1076 1702 ι·
1115 1722 1128 1732 ,

130 1738 263 1797 finitimis
279 1737 455 1812 regionibns
479 1743 509 1796 et
531 1751 623 1811 quarn
638 1734 799 1810 superiore
814 1742 933 1796 aestate
949 1736 988 1798 ad
1000 1732 1095 1797 Vanc'

132 1822 222 1882 ticum
243 1822 355 1880 bellum
370 1819 515 1880 effecerat
530 1822 663 1879 classem
676 1818 760 1879 iubet
772 1820 953 1887 ,convenire
981 1820 1098 1895 Interim
1114 1862 1117 1899 3

131 1905 259 1966 consilio
275 1906 340 1963 eius
357 1903 478 1977 cognito
493 1910 523 1963 et
537 1920 593 1978 per
606 1909 793 1965 mercatores
809 1905 928 1978 perlato
941 1904 1090 1967 auertun-

133 2005 189 2048 nos
213 2005 232 2047 a
253 1988 451 2063 conpluribus
472 1987 591 2047 insulae
614 1986 785 2048 civitatibus
807 1988 848 2048 ad
861 2003 932 2049 eum
946 1988 1037 2063 legati
1048 2002 1096 2049 ve·
1119 1986 1128 2009 ⁵

131 2074 223 2147 niunt,
241 2073 291 2148 qui
306 2072 507 2147 polliceantur
522 2071 648 2132 obsides
665 2071 738 2133 dore
753 2077 846 2145 atque
857 2071 985 2147 imperio
996 2068 1106 2149 populi*

132 2157 257 2217 Romani
285 2158 506 2231 obtemperare.
538 2153 653 2229 Quibus
675 2154 786 2215 auditis
807 2154 973 2216 liberaliter
986 2154 1104 2232 polii&

132 2251 179 2302 tus
194 2241 409 2314 hortatusque,
430 2245 463 2299 ut
476 2239 506 2298 in
523 2255 560 2298 ea
574 2239 724 2298 sententia
738 2246 963 2316 permanerent,
978 2256 1034 2301 eos
1047 2240 1127 2321 ‹leg‘j

131 2341 211 2384 mum
226 2325 347 2383 remittit
361 2329 391 2382 et
406 2339 474 2382 curn
489 2324 526 2382 iis
541 2339 603 2384 una
619 2323 800 2396 Commium,
827 2339 918 2397 quern
933 2324 1003 2399 ipse
1015 2326 1128 2395 Atre--

130 2408 251 2469 batibus
267 2406 420 2480 superatis
431 2420 536 2481 regern
548 2407 589 2466 ibi
601 2406 807 2480 constituerat,
824 2407 911 2468 ouius
923 2414 955 2468 et
963 2406 1128 2479 virtutensi

132 2499 161 2552 ct
182 2490 341 2550 consilium
362 2489 513 2563 probabat
533 2496 563 2549 et
583 2505 672 2565 quern
695 2489 753 2549 sibi
780 2489 903 2550 fidelem
928 2506 1002 2553 esse
1025 2490 1095 2555 arbi·-
1123 2485 1128 2521 ³

130 2574 274 2642 trabatur,
291 2574 440 2648 cuiusque
455 2574 619 2633 auctoritas
635 2574 665 2633 in
679 2573 727 2632 liis
742 2574 920 2648 regionibus
935 2576 1038 2652 magni
1050 2574 1099 2637 hai
1122 2568 1126 2590 “

130 2659 272 2730 bebatur,
299 2658 393 2717 mittit.
429 2657 507 2716 Huic
528 2658 671 2731 imperat,
698 2673 775 2732 quas
796 2658 897 2732 possit
918 2660 1011 2722 adeat
1032 2658 1097 2737 ciri·
1123 2678 1128 2689 ·

132 2749 207 2803 tates
229 2741 441 2815 horteturque,
474 2747 507 2801 ut
527 2741 633 2816 populi
653 2740 783 2801 Romani
808 2741 901 2801 fidem
926 2732 1128 2820 sequanum,

132 2840 229 2900 seque
244 2825 381 2884 celeriter
396 2840 433 2884 eo
449 2831 610 2884 venturum
625 2825 750 2885 nuntiet.
779 2826 961 2889 Volusenus
975 2830 1110 2909 perspea',
1126 2830 1128 2861 ³

132 2908 375 3004 etisregionibus
389 2908 539 2982 omnibus,
557 2917 703 2983 quantum
715 2908 743 2967 ei
756 2910 907 2970 facultatis
919 2910 987 2971 dari
997 2912 1103 2991 potuit¹
1125 2906 1128 2931 ¹

133 2995 184 3068 qui
206 2994 275 3051 navi
297 2993 401 3068 egredi
424 3007 461 3050 ac
483 3007 518 3051 se
531 2993 671 3052 barbaris
681 2995 875 3052 committere
889 3010 952 3054 non
968 2997 1103 3095 auderet,
1124 2986 1128 3025 ³

132 3077 236 3152 quinto
252 3076 301 3135 die
317 3077 356 3135 ad
371 3077 534 3136 Caesarem
548 3076 708 3137 revertitur
720 3093 861 3151 quaeque
872 3076 913 3136 ibi
925 3080 1088 3156 perspexir
1100 3084 1113 3161 j
1125 3086 1128 3095 '

133 3168 180 3220 set
193 3160 354 3219 renuntiat
1126 3184 1128 3198 =

209 3244 299 3305 XXII.
322 3244 429 3304 Dum
421 3261 451 3304 tn
472 3243 520 3303 his
541 3244 618 3306 locis
634 3246 747 3305 Caesar
763 3245 884 3305 navium
899 3248 1110 3321 parandarum.

132 3346 226 3390 causa
240 3335 384 3403 moratur,
400 3344 439 3387 ex
454 3344 565 3403 magna
579 3336 665 3403 parte
673 3328 860 3389 Morinorum
876 3331 915 3390 ad
930 3346 1001 3394 eum
1014 3336 1056 3401 lt:
1071 3357 1116 3407 :·.

131 3420 289 3486 venerunt,
306 3413 356 3487 qui
373 3428 407 3472 se
423 3413 462 3471 de
478 3413 648 3486 superioris
664 3413 811 3486 temporis
828 3414 958 3476 consilio
974 3432 1087 3487 errotis¹
1099 3448 1116 3480 1

131 3504 206 3570 rent,
223 3497 306 3572 quod
321 3497 460 3557 homines
475 3496 597 3557 barbari
619 3503 648 3556 et
662 3503 787 3557 nostrae
802 3500 1037 3562 consuetudinis
1050 3486 1116 3563 lns'

134 3580 223 3655 periti
238 3582 350 3642 bellum
364 3583 481 3657 populo
496 3582 636 3643 Romano
653 3581 813 3655 iecissent,
830 3597 928 3657 seque
942 3597 996 3660 ea,
1026 3604 1045 3661 q
1073 3612 1076 3635 ι

133 3663 323 3738 imperasset,
340 3666 475 3726 facturos
490 3666 715 3741 pollicerentur.
744 3665 812 3726 Hoc
826 3665 886 3726 sibi
901 3666 1017 3731 caesar
1029 3686 1066 3731 su
1104 3676 1115 3692 ¹

134 3754 307 3822 opportune
322 3749 474 3809 accidisse
489 3749 667 3826 arbitratus,
684 3749 768 3827 qued
783 3764 885 3827 neque
898 3758 1115 3829 posttergans,
