2272 4176
124 470 189 537 320
364 470 523 535 suctum
542 470 867 537 ALExAnnRtttttit.

125 626 229 688 causis
243 642 338 688 naves
352 643 430 703 quas
442 626 542 703 potuit
552 626 666 686 caesar
678 626 717 687 ad
727 633 841 688 terram
852 627 999 691 detrahit:
1012 644 1091 707 quen

125 713 155 773 in
166 713 270 772 locum
280 712 349 772 illos
363 727 567 772 successuros
580 726 641 770 non
653 711 857 774 existimabat

207 796 257 857 xl.
300 796 373 857 Erat
389 813 452 857 una
468 796 555 855 navis
567 794 688 856 Rhodia
704 797 734 855 in
755 797 866 858 dextro
883 797 1024 860 caesaris
1034 814 1089 859 cor-

125 898 167 942 nu
184 883 276 956 longe
293 881 331 940 ab
353 880 481 955 reliquis
504 880 663 939 collocata.
690 880 777 941 Hanc
802 883 975 958 conspicati
995 882 1089 943 hostes

125 981 187 1026 non
208 973 370 1027 tenuerunt
390 979 462 1024 sese
484 979 659 1038 magnoque
680 966 798 1040 impetu
815 974 963 1041 quattuor
980 968 1019 1027 ad
1033 983 1089 1027 eam

126 1058 299 1111 constratae
317 1064 411 1109 naves
425 1057 455 1109 et
467 1050 640 1123 complures
654 1057 778 1124 apertae
791 1052 1023 1112 contenderunt.
1045 1052 1089 1111 Coi

126 1144 251 1196 coactus
275 1142 322 1194 est
340 1134 452 1194 Caesar
475 1135 556 1192 serre
573 1131 760 1206 subsidium,
785 1149 826 1193 ne
842 1142 966 1211 turpem
982 1137 1012 1195 in
1028 1151 1088 1196 con-

126 1227 235 1295 spectu
253 1220 465 1279 contumellam
484 1218 651 1292 acciperet,
676 1234 877 1293 quamquain,
902 1220 930 1280 si
950 1221 1023 1296 quid
1031 1236 1084 1295 gra·

125 1305 194 1365 vius
213 1304 272 1364 illis
285 1304 464 1378 accidisset,
487 1303 594 1362 merito
608 1317 752 1362 casurum
762 1303 929 1364 iudicabat.
950 1304 1088 1365 Proelium

126 1389 324 1450 commissum
342 1396 389 1448 est
406 1403 518 1462 magna
530 1387 723 1447 contentione
735 1387 947 1459 Rhodiorum
971 1390 1022 1465 qui
1032 1404 1089 1448 cum

126 1475 155 1533 in
176 1473 317 1534 omnibus
330 1471 575 1532 dimicationibus
589 1478 618 1531 et
630 1472 757 1531 scicntia
769 1479 799 1531 et
809 1473 921 1533 virtute
934 1474 1087 1549 praestitis·

127 1566 209 1630 sent,
231 1565 295 1617 tum
312 1557 443 1616 maxime
461 1557 512 1615 illo
524 1562 663 1629 tempore
675 1562 771 1615 totum
784 1572 863 1617 onus
877 1559 1029 1618 sustinere
1037 1573 1088 1617 non

125 1642 317 1712 recusabant,
330 1641 465 1715 nequod
478 1656 604 1700 suorum
616 1640 707 1714 culpa
719 1640 933 1701 detrimontum
945 1650 1088 1718 acceptum

127 1727 289 1786 videretur.
311 1726 356 1785 lta
368 1723 985 1799 proeliumsecundissimumestlactum.
1007 1727 1087 1801 capta

126 1818 173 1871 est
189 1827 251 1870 una
267 1810 400 1871 hostium
419 1809 636 1884 quadriremis,
661 1809 813 1883 depressa
831 1817 880 1870 est
890 1812 1000 1883 altera,
1022 1811 1088 1870 duae

127 1896 267 1955 omnibus
286 1895 416 1970 epibatis
434 1894 583 1961 nudatam
605 1909 716 1967 marmio
726 1894 1086 1967 praetereamultitudoin

126 1980 252 2055 reliquis
264 1980 394 2039 navibus
407 1984 671 2054 propugnatorum
683 1985 731 2037 est
742 1978 910 2038 interfecta.
943 1976 1085 2054 Quodnisi

127 2081 188 2125 nox
206 2066 355 2140 proelium
373 2064 560 2133 diremisset,
583 2069 647 2122 tota
659 2064 760 2122 classe
771 2062 906 2123 hostium
918 2064 1032 2125 Caesar
1043 2080 1086 2139 po

127 2151 196 2210 titus
216 2157 308 2210 esset.
341 2149 405 2207 Hac
424 2148 593 2207 calamitate
612 2147 780 2220 perterritis
803 2146 948 2209 hostibus
971 2150 1086 2209 adverso

127 2244 215 2294 vento
228 2235 334 2293 leniter
346 2231 438 2292 flante
450 2247 545 2291 naves
559 2231 715 2290 onerarias
729 2231 841 2291 Caesar
850 2236 990 2295 remulco
1001 2232 1085 2293 victri-

127 2320 213 2378 cibus
227 2319 291 2377 suis
304 2317 433 2376 navibus
445 2316 664 2375 Alexandriam
676 2316 806 2375 deducit.

208 2403 269 2460 Xll.
302 2402 347 2461 lio
375 2401 552 2460 detrimento
580 2400 657 2459 adeo
685 2407 755 2459 sunt
780 2401 865 2460 fracti
889 2402 1087 2473 Alexandrini,

127 2504 195 2546 rum
211 2487 270 2544 iam
284 2503 347 2544 non
361 2486 471 2546 virtute
486 2492 759 2559 propugnatorum,
777 2485 833 2543 sed
849 2486 982 2547 scientia
996 2488 1088 2549 classi-

126 2572 258 2631 ariorum
273 2585 308 2629 se
322 2571 421 2630 victos
436 2570 583 2642 viderent,
599 2566 637 2601 *²⁸
652 2569 764 2642 quibus
782 2577 811 2629 et
826 2571 1040 2644 superioribus
1053 2574 1088 2633 lo·

125 2656 169 2715 cis
191 2655 443 2725 sublevabantur,
470 2661 503 2713 ut
524 2669 563 2712 ex
585 2653 732 2712 aedificiis
755 2653 879 2712 delendi
901 2664 1046 2731 possent,
1067 2664 1091 2715 et

124 2739 279 2801 materiam
296 2745 435 2798 cunctam
450 2738 614 2810 obicerent,
632 2739 717 2812 quod
731 2745 856 2798 nostrae
871 2740 987 2802 classis
1003 2757 1088 2817 oppu-

124 2827 296 2900 gnationem
318 2823 407 2883 etiam
429 2822 468 2882 ad
489 2830 601 2881 terram
620 2823 813 2881 verebantur.
849 2823 951 2896 Idem,
979 2834 1090 2902 postea·

125 2927 216 2986 quam
239 2909 434 2986 Ganymedes
458 2908 487 2966 in
510 2906 638 2966 concilio
667 2907 857 2967 confirmavit
882 2924 957 2969 sese
984 2918 1014 2971 ct
1037 2926 1091 2981 eas,

125 3010 204 3071 quae
216 2991 1090 3065 essentamissac,restituturumetnumcrumadaucturum,

124 3095 234 3153 magna
254 3093 311 3152 spe
333 3085 363 3137 et
382 3077 496 3135 fiducia
515 3084 635 3136 veteres
657 3078 784 3135 reficere
799 3092 896 3136 naves
913 3081 1090 3140 accinctius·

124 3180 185 3240 que
208 3163 279 3222 huic
303 3163 348 3221 rei
373 3162 497 3221 studere
523 3169 615 3236 atque
643 3161 792 3220 inservire
817 3162 1024 3225 instituerunt.
1052 3168 1092 3224 Ac

122 3247 242 3311 tametsi
258 3248 388 3322 amplius
405 3263 442 3304 cx
457 3246 587 3306 navibus
603 3246 703 3320 longis
722 3247 751 3304 in
767 3254 859 3320 portu
875 3249 1092 3324 navalibusque

124 3334 301 3405 amiserant,
326 3340 426 3391 tamen
452 3331 643 3406 reparandae
669 3331 778 3390 classis
801 3332 1019 3405 cogitationem
1037 3350 1091 3395 non

123 3420 343 3494 deposuerunt.
378 3415 532 3475 Videbant
553 3415 632 3474 enim
654 3432 715 3474 non
737 3416 851 3476 auxilia
870 3416 1012 3494 Caesari,
1037 3434 1091 3479 non

125 3510 311 3563 commeatus
341 3501 517 3576 supportari
546 3516 657 3575 posse,
687 3500 713 3559 si
740 3503 841 3561 classe
866 3501 927 3577 ipsi
953 3506 1090 3565 valerent

125 3588 284 3647 Praeterea
298 3586 409 3646 nautici
423 3586 562 3647 homines
575 3585 660 3646 urbis
672 3591 701 3644 et
715 3586 850 3660 regionis
865 3587 1033 3648 maritimae
1047 3603 1091 3648 co·

42 3734 45 3739 ,
123 3671 299 3746 tidranoque
320 3688 380 3731 usu
402 3689 420 3730 a
435 3671 538 3747 pueris
560 3670 716 3730 exercitati
734 3671 775 3730 ad
789 3672 927 3731 naturale
945 3689 983 3732 ac
997 3673 1091 3733 dome

124 3757 232 3818 sticum
247 3756 360 3815 bonum
375 3757 516 3828 redigere
539 3755 718 3829 cupiebant,
745 3764 775 3816 ct
793 3763 939 3831 quantum
964 3756 1091 3823 parvulis
