<?xml version="1.0" encoding="UTF-8"?>
<!DOCTYPE html PUBLIC "-//W3C//DTD XHTML 1.0 Transitional//EN"
    "http://www.w3.org/TR/xhtml1/DTD/xhtml1-transitional.dtd">
<html xmlns="http://www.w3.org/1999/xhtml" xml:lang="en" lang="en">
 <head>
  <title>
</title>
<meta http-equiv="Content-Type" content="text/html;charset=utf-8" />
  <meta name='ocr-system' content='tesseract 3.04.00' />
  <meta name='ocr-capabilities' content='ocr_page ocr_carea ocr_par ocr_line ocrx_word'/>
</head>
<body>
  <div class='ocr_page' id='page_1' title='image "./commentarii00caesgoog_0313.png"; bbox 0 0 2272 4176; ppageno 0'>
   <div class='ocr_carea' id='block_1_1' title="bbox 140 461 787 525">
    <p class='ocr_par' dir='ltr' id='par_1_1' title="bbox 140 461 787 525">
     <span class='ocr_line' id='line_1_1' title="bbox 140 461 787 525; baseline 0.005 -3"><span class='ocrx_word' id='word_1_1' title='bbox 140 461 203 523; x_wconf 79' lang='lat'>300</span> <span class='ocrx_word' id='word_1_2' title='bbox 453 464 504 525; x_wconf 84' lang='lat' dir='ltr'>DE</span> <span class='ocrx_word' id='word_1_3' title='bbox 525 463 650 525; x_wconf 83' lang='lat' dir='ltr'><strong>BELLO</strong></span> <span class='ocrx_word' id='word_1_4' title='bbox 670 464 787 525; x_wconf 85' lang='lat' dir='ltr'>clVlLl</span> 
     </span>
    </p>
   </div>
   <div class='ocr_carea' id='block_1_2' title="bbox 136 617 1098 1116">
    <p class='ocr_par' dir='ltr' id='par_1_2' title="bbox 136 617 1098 1116">
     <span class='ocr_line' id='line_1_2' title="bbox 138 617 1095 695; baseline 0.004 -19"><span class='ocrx_word' id='word_1_5' title='bbox 138 626 170 677; x_wconf 92' lang='lat' dir='ltr'>ut</span> <span class='ocrx_word' id='word_1_6' title='bbox 185 617 320 692; x_wconf 88' lang='lat' dir='ltr'>equitum</span> <span class='ocrx_word' id='word_1_7' title='bbox 333 618 415 677; x_wconf 89' lang='lat' dir='ltr'>mille</span> <span class='ocrx_word' id='word_1_8' title='bbox 435 619 524 678; x_wconf 90' lang='lat' dir='ltr'>etiam</span> <span class='ocrx_word' id='word_1_9' title='bbox 545 618 748 694; x_wconf 75' lang='lat' dir='ltr'><strong>apertioribus</strong></span> <span class='ocrx_word' id='word_1_10' title='bbox 770 620 849 680; x_wconf 89' lang='lat' dir='ltr'>loeis</span> <span class='ocrx_word' id='word_1_11' title='bbox 864 628 982 695; x_wconf 81' lang='lat' dir='ltr'><strong>septem</strong></span> <span class='ocrx_word' id='word_1_12' title='bbox 996 620 1095 680; x_wconf 86' lang='lat' dir='ltr'>milium</span> 
     </span>
     <span class='ocr_line' id='line_1_3' title="bbox 137 701 1096 779; baseline 0.004 -18"><span class='ocrx_word' id='word_1_13' title='bbox 137 701 391 775; x_wconf 86' lang='lat' dir='ltr'>Pompeianorum</span> <span class='ocrx_word' id='word_1_14' title='bbox 406 702 555 777; x_wconf 88' lang='lat' dir='ltr'>inpetum,</span> <span class='ocrx_word' id='word_1_15' title='bbox 571 717 639 761; x_wconf 81' lang='lat' dir='ltr'>erun</span> <span class='ocrx_word' id='word_1_16' title='bbox 650 702 775 763; x_wconf 82' lang='lat' dir='ltr'>adesset</span> <span class='ocrx_word' id='word_1_17' title='bbox 792 720 880 779; x_wconf 91' lang='lat' dir='ltr'>usus,</span> <span class='ocrx_word' id='word_1_18' title='bbox 894 705 1046 765; x_wconf 84' lang='lat' dir='ltr'>sustinere</span> <span class='ocrx_word' id='word_1_19' title='bbox 1056 720 1096 765; x_wconf 85' lang='lat' dir='ltr'>aa·</span> 
     </span>
     <span class='ocr_line' id='line_1_4' title="bbox 139 788 1096 860; baseline 0.002 -17"><span class='ocrx_word' id='word_1_20' title='bbox 139 788 246 844; x_wconf 83' lang='lat' dir='ltr'>derant</span> <span class='ocrx_word' id='word_1_21' title='bbox 260 802 361 860; x_wconf 92' lang='lat' dir='ltr'>neque</span> <span class='ocrx_word' id='word_1_22' title='bbox 375 801 562 860; x_wconf 79' lang='lat' dir='ltr'>magnopere</span> <span class='ocrx_word' id='word_1_23' title='bbox 577 801 681 846; x_wconf 90' lang='lat' dir='ltr'>eorum</span> <span class='ocrx_word' id='word_1_24' title='bbox 696 788 890 848; x_wconf 90' lang='lat' dir='ltr'>multitudine</span> <span class='ocrx_word' id='word_1_25' title='bbox 913 794 1096 848; x_wconf 88' lang='lat' dir='ltr'>terrerentur.</span> 
     </span>
     <span class='ocr_line' id='line_1_5' title="bbox 136 870 1097 945; baseline 0.004 -18"><span class='ocrx_word' id='word_1_26' title='bbox 136 870 273 943; x_wconf 79' lang='lat' dir='ltr'>Namque</span> <span class='ocrx_word' id='word_1_27' title='bbox 286 871 375 929; x_wconf 90' lang='lat' dir='ltr'>etiam</span> <span class='ocrx_word' id='word_1_28' title='bbox 392 886 446 944; x_wconf 88' lang='lat' dir='ltr'>per</span> <span class='ocrx_word' id='word_1_29' title='bbox 461 887 516 930; x_wconf 93' lang='lat' dir='ltr'>eos</span> <span class='ocrx_word' id='word_1_30' title='bbox 532 870 598 929; x_wconf 91' lang='lat' dir='ltr'>dies</span> <span class='ocrx_word' id='word_1_31' title='bbox 615 871 763 945; x_wconf 89' lang='lat' dir='ltr'>proellmn</span> <span class='ocrx_word' id='word_1_32' title='bbox 779 872 952 933; x_wconf 87' lang='lat' dir='ltr'>secundum.</span> <span class='ocrx_word' id='word_1_33' title='bbox 966 880 1097 945; x_wconf 76' lang='lat' dir='ltr'>equestre</span> 
     </span>
     <span class='ocr_line' id='line_1_6' title="bbox 138 954 1098 1031; baseline 0.004 -19"><span class='ocrx_word' id='word_1_34' title='bbox 138 955 208 1012; x_wconf 88' lang='lat' dir='ltr'>lecit</span> <span class='ocrx_word' id='word_1_35' title='bbox 225 960 316 1028; x_wconf 90' lang='lat' dir='ltr'>atque</span> <span class='ocrx_word' id='word_1_36' title='bbox 327 971 419 1013; x_wconf 91' lang='lat' dir='ltr'>unum</span> <span class='ocrx_word' id='word_1_37' title='bbox 426 955 624 1028; x_wconf 87' lang='lat' dir='ltr'>Allobrogem</span> <span class='ocrx_word' id='word_1_38' title='bbox 639 970 678 1013; x_wconf 91' lang='lat' dir='ltr'>ex</span> <span class='ocrx_word' id='word_1_39' title='bbox 693 954 824 1029; x_wconf 87' lang='lat' dir='ltr'>duobus,</span> <span class='ocrx_word' id='word_1_40' title='bbox 841 972 921 1031; x_wconf 91' lang='lat' dir='ltr'>quos</span> <span class='ocrx_word' id='word_1_41' title='bbox 937 957 1098 1031; x_wconf 77' lang='lat' dir='ltr'>perfugisse</span> 
     </span>
     <span class='ocr_line' id='line_1_7' title="bbox 138 1037 1096 1116; baseline 0.002 -19"><span class='ocrx_word' id='word_1_42' title='bbox 138 1039 176 1097; x_wconf 88' lang='lat' dir='ltr'>ad</span> <span class='ocrx_word' id='word_1_43' title='bbox 184 1037 360 1112; x_wconf 87' lang='lat' dir='ltr'>Pompeium</span> <span class='ocrx_word' id='word_1_44' title='bbox 375 1054 470 1113; x_wconf 88' lang='lat' dir='ltr'>supra</span> <span class='ocrx_word' id='word_1_45' title='bbox 481 1039 650 1112; x_wconf 85' lang='lat' dir='ltr'>docuimus,</span> <span class='ocrx_word' id='word_1_46' title='bbox 667 1054 735 1097; x_wconf 91' lang='lat' dir='ltr'>cum</span> <span class='ocrx_word' id='word_1_47' title='bbox 751 1041 938 1116; x_wconf 90' lang='lat' dir='ltr'>quibusdam</span> <span class='ocrx_word' id='word_1_48' title='bbox 952 1040 1096 1100; x_wconf 89' lang='lat' dir='ltr'>interfecit</span> 
     </span>
    </p>
   </div>
   <div class='ocr_carea' id='block_1_3' title="bbox 138 1121 1110 3810">
    <p class='ocr_par' dir='ltr' id='par_1_3' title="bbox 138 1121 1103 2796">
     <span class='ocr_line' id='line_1_8' title="bbox 220 1121 1097 1199; baseline 0.006 -20"><span class='ocrx_word' id='word_1_49' title='bbox 220 1121 363 1180; x_wconf 88' lang='lat' dir='ltr'><strong>LXXXV.</strong></span> <span class='ocrx_word' id='word_1_50' title='bbox 386 1122 566 1197; x_wconf 59' lang='lat' dir='ltr'>Pompeius</span> <span class='ocrx_word' id='word_1_51' title='bbox 584 1123 635 1196; x_wconf 92' lang='lat' dir='ltr'>qui</span> <span class='ocrx_word' id='word_1_52' title='bbox 652 1131 753 1183; x_wconf 86' lang='lat' dir='ltr'>castra</span> <span class='ocrx_word' id='word_1_53' title='bbox 767 1126 797 1183; x_wconf 90' lang='lat' dir='ltr'>in</span> <span class='ocrx_word' id='word_1_54' title='bbox 814 1125 893 1184; x_wconf 90' lang='lat' dir='ltr'>colle</span> <span class='ocrx_word' id='word_1_55' title='bbox 909 1124 1055 1199; x_wconf 86' lang='lat' dir='ltr'>habebat,</span> <span class='ocrx_word' id='word_1_56' title='bbox 1068 1126 1097 1184; x_wconf 87' lang='lat' dir='ltr'>ed</span> 
     </span>
     <span class='ocr_line' id='line_1_9' title="bbox 138 1206 1097 1283; baseline 0.003 -18"><span class='ocrx_word' id='word_1_57' title='bbox 138 1206 257 1265; x_wconf 90' lang='lat' dir='ltr'>infimas</span> <span class='ocrx_word' id='word_1_58' title='bbox 272 1206 394 1265; x_wconf 81' lang='lat' dir='ltr'>radices</span> <span class='ocrx_word' id='word_1_59' title='bbox 408 1207 519 1267; x_wconf 84' lang='lat' dir='ltr'>nrontis</span> <span class='ocrx_word' id='word_1_60' title='bbox 535 1208 631 1265; x_wconf 86' lang='lat' dir='ltr'>aciem</span> <span class='ocrx_word' id='word_1_61' title='bbox 645 1207 815 1268; x_wconf 90' lang='lat' dir='ltr'>instruebat</span> <span class='ocrx_word' id='word_1_62' title='bbox 830 1223 965 1283; x_wconf 86' lang='lat' dir='ltr'>semper,</span> <span class='ocrx_word' id='word_1_63' title='bbox 980 1215 1014 1268; x_wconf 93' lang='lat' dir='ltr'>ut</span> <span class='ocrx_word' id='word_1_64' title='bbox 1026 1210 1097 1268; x_wconf 89' lang='lat' dir='ltr'>vide·</span> 
     </span>
     <span class='ocr_line' id='line_1_10' title="bbox 138 1291 1098 1364; baseline 0.007 -16"><span class='ocrx_word' id='word_1_65' title='bbox 138 1292 240 1363; x_wconf 82' lang='lat' dir='ltr'>batur,</span> <span class='ocrx_word' id='word_1_66' title='bbox 267 1298 449 1364; x_wconf 86' lang='lat' dir='ltr'>expectans,</span> <span class='ocrx_word' id='word_1_67' title='bbox 477 1292 503 1351; x_wconf 92' lang='lat' dir='ltr'>si</span> <span class='ocrx_word' id='word_1_68' title='bbox 524 1291 635 1363; x_wconf 87' lang='lat' dir='ltr'>iniquis</span> <span class='ocrx_word' id='word_1_69' title='bbox 658 1292 733 1350; x_wconf 88' lang='lat' dir='ltr'>locis</span> <span class='ocrx_word' id='word_1_70' title='bbox 756 1292 869 1351; x_wconf 87' lang='lat' dir='ltr'>Caesar</span> <span class='ocrx_word' id='word_1_71' title='bbox 889 1307 926 1351; x_wconf 92' lang='lat' dir='ltr'>se</span> <span class='ocrx_word' id='word_1_72' title='bbox 948 1292 1098 1355; x_wconf 82' lang='lat' dir='ltr'>subiceret</span> 
     </span>
     <span class='ocr_line' id='line_1_11' title="bbox 138 1374 1099 1451; baseline 0.003 -19"><span class='ocrx_word' id='word_1_73' title='bbox 138 1375 250 1433; x_wconf 88' lang='lat' dir='ltr'>Caesar</span> <span class='ocrx_word' id='word_1_74' title='bbox 270 1375 352 1432; x_wconf 89' lang='lat' dir='ltr'>nulla</span> <span class='ocrx_word' id='word_1_75' title='bbox 371 1376 488 1435; x_wconf 89' lang='lat' dir='ltr'>ratione</span> <span class='ocrx_word' id='word_1_76' title='bbox 510 1375 549 1433; x_wconf 93' lang='lat' dir='ltr'>ad</span> <span class='ocrx_word' id='word_1_77' title='bbox 570 1389 704 1448; x_wconf 89' lang='lat' dir='ltr'>pugnam</span> <span class='ocrx_word' id='word_1_78' title='bbox 725 1376 791 1435; x_wconf 91' lang='lat' dir='ltr'>elici</span> <span class='ocrx_word' id='word_1_79' title='bbox 813 1392 912 1450; x_wconf 90' lang='lat' dir='ltr'>posse</span> <span class='ocrx_word' id='word_1_80' title='bbox 934 1374 1099 1451; x_wconf 90' lang='lat' dir='ltr'>Pompelun</span> 
     </span>
     <span class='ocr_line' id='line_1_12' title="bbox 139 1458 1099 1529; baseline 0.004 -13"><span class='ocrx_word' id='word_1_81' title='bbox 139 1458 331 1529; x_wconf 76' lang='lat' dir='ltr'>existimem,</span> <span class='ocrx_word' id='word_1_82' title='bbox 353 1459 432 1518; x_wconf 82' lang='lat' dir='ltr'>lianc</span> <span class='ocrx_word' id='word_1_83' title='bbox 448 1459 506 1518; x_wconf 90' lang='lat' dir='ltr'>sibi</span> <span class='ocrx_word' id='word_1_84' title='bbox 521 1458 799 1518; x_wconf 87' lang='lat' dir='ltr'>commodissimam</span> <span class='ocrx_word' id='word_1_85' title='bbox 814 1461 885 1519; x_wconf 90' lang='lat' dir='ltr'>belli</span> <span class='ocrx_word' id='word_1_86' title='bbox 902 1461 1052 1523; x_wconf 89' lang='lat' dir='ltr'>rationem</span> <span class='ocrx_word' id='word_1_87' title='bbox 1063 1461 1099 1520; x_wconf 86' lang='lat' dir='ltr'>iu·</span> 
     </span>
     <span class='ocr_line' id='line_1_13' title="bbox 138 1542 1100 1621; baseline 0.007 -22"><span class='ocrx_word' id='word_1_88' title='bbox 138 1542 265 1615; x_wconf 82' lang='lat' dir='ltr'>dicavit,</span> <span class='ocrx_word' id='word_1_89' title='bbox 290 1542 332 1600; x_wconf 89' lang='lat' dir='ltr'>uti</span> <span class='ocrx_word' id='word_1_90' title='bbox 355 1553 455 1603; x_wconf 90' lang='lat' dir='ltr'>castra</span> <span class='ocrx_word' id='word_1_91' title='bbox 476 1559 515 1602; x_wconf 90' lang='lat' dir='ltr'>ex</span> <span class='ocrx_word' id='word_1_92' title='bbox 536 1558 573 1603; x_wconf 94' lang='lat' dir='ltr'>eo</span> <span class='ocrx_word' id='word_1_93' title='bbox 588 1544 657 1603; x_wconf 92' lang='lat' dir='ltr'>loco</span> <span class='ocrx_word' id='word_1_94' title='bbox 672 1552 810 1603; x_wconf 89' lang='lat' dir='ltr'>moveret</span> <span class='ocrx_word' id='word_1_95' title='bbox 824 1560 1015 1621; x_wconf 88' lang='lat' dir='ltr'>semperque</span> <span class='ocrx_word' id='word_1_96' title='bbox 1028 1554 1100 1605; x_wconf 85' lang='lat' dir='ltr'>esset</span> 
     </span>
     <span class='ocr_line' id='line_1_14' title="bbox 140 1624 1099 1703; baseline 0.002 -18"><span class='ocrx_word' id='word_1_97' title='bbox 140 1630 168 1685; x_wconf 93' lang='lat' dir='ltr'>in</span> <span class='ocrx_word' id='word_1_98' title='bbox 185 1624 562 1700; x_wconf 78' lang='lat' dir='ltr'>itineribus,hocsperans</span> <span class='ocrx_word' id='word_1_99' title='bbox 580 1627 779 1687; x_wconf 81' lang='lat' dir='ltr'>utmovendis</span> <span class='ocrx_word' id='word_1_100' title='bbox 792 1629 900 1690; x_wconf 77' lang='lat' dir='ltr'>castris</span> <span class='ocrx_word' id='word_1_101' title='bbox 910 1627 1099 1703; x_wconf 80' lang='lat' dir='ltr'>pluribusque</span> 
     </span>
     <span class='ocr_line' id='line_1_15' title="bbox 138 1705 1096 1780; baseline -0.006 -10"><span class='ocrx_word' id='word_1_102' title='bbox 138 1710 287 1770; x_wconf 87' lang='lat' dir='ltr'>adeundis</span> <span class='ocrx_word' id='word_1_103' title='bbox 309 1711 385 1769; x_wconf 90' lang='lat' dir='ltr'>locis</span> <span class='ocrx_word' id='word_1_104' title='bbox 408 1705 615 1769; x_wconf 85' lang='lat' dir='ltr'>commodiore</span> <span class='ocrx_word' id='word_1_105' title='bbox 635 1722 669 1765; x_wconf 89' lang='lat' dir='ltr'>re</span> <span class='ocrx_word' id='word_1_106' title='bbox 683 1710 880 1766; x_wconf 82' lang='lat' dir='ltr'>frumentaria</span> <span class='ocrx_word' id='word_1_107' title='bbox 893 1714 1045 1780; x_wconf 84' lang='lat' dir='ltr'>uteretur,</span> <span class='ocrx_word' id='word_1_108' title='bbox 1068 1706 1096 1764; x_wconf 89' lang='lat' dir='ltr'>si·</span> 
     </span>
     <span class='ocr_line' id='line_1_16' title="bbox 139 1790 1090 1868; baseline -0.004 -16"><span class='ocrx_word' id='word_1_109' title='bbox 139 1796 262 1868; x_wconf 90' lang='lat' dir='ltr'>mulque</span> <span class='ocrx_word' id='word_1_110' title='bbox 277 1794 307 1852; x_wconf 93' lang='lat' dir='ltr'>in</span> <span class='ocrx_word' id='word_1_111' title='bbox 330 1793 435 1852; x_wconf 89' lang='lat' dir='ltr'>itinere</span> <span class='ocrx_word' id='word_1_112' title='bbox 455 1802 488 1852; x_wconf 93' lang='lat' dir='ltr'>ut</span> <span class='ocrx_word' id='word_1_113' title='bbox 502 1794 633 1867; x_wconf 84' lang='lat' dir='ltr'>aliquam</span> <span class='ocrx_word' id='word_1_114' title='bbox 649 1791 843 1851; x_wconf 88' lang='lat' dir='ltr'>occasionem</span> <span class='ocrx_word' id='word_1_115' title='bbox 858 1790 1025 1849; x_wconf 92' lang='lat' dir='ltr'>dimicandi</span> <span class='ocrx_word' id='word_1_116' title='bbox 1039 1806 1090 1847; x_wconf 83' lang='lat' dir='ltr'>neu</span> 
     </span>
     <span class='ocr_line' id='line_1_17' title="bbox 140 1874 1098 1949; baseline -0.006 -11"><span class='ocrx_word' id='word_1_117' title='bbox 140 1880 305 1938; x_wconf 82' lang='lat' dir='ltr'>cisceretur</span> <span class='ocrx_word' id='word_1_118' title='bbox 319 1884 349 1936; x_wconf 88' lang='lat' dir='ltr'>et</span> <span class='ocrx_word' id='word_1_119' title='bbox 362 1877 516 1937; x_wconf 89' lang='lat' dir='ltr'>insolitum</span> <span class='ocrx_word' id='word_1_120' title='bbox 528 1877 567 1935; x_wconf 92' lang='lat' dir='ltr'>ad</span> <span class='ocrx_word' id='word_1_121' title='bbox 582 1875 717 1934; x_wconf 86' lang='lat' dir='ltr'>laborem</span> <span class='ocrx_word' id='word_1_122' title='bbox 729 1874 854 1949; x_wconf 86' lang='lat' dir='ltr'>Pompei</span> <span class='ocrx_word' id='word_1_123' title='bbox 876 1875 1046 1935; x_wconf 88' lang='lat' dir='ltr'>exercitum</span> <span class='ocrx_word' id='word_1_124' title='bbox 1059 1890 1098 1932; x_wconf 91' lang='lat' dir='ltr'>co·</span> 
     </span>
     <span class='ocr_line' id='line_1_18' title="bbox 141 1957 1099 2035; baseline -0.006 -14"><span class='ocrx_word' id='word_1_125' title='bbox 141 1963 259 2022; x_wconf 71' lang='lat' dir='ltr'>aldianis</span> <span class='ocrx_word' id='word_1_126' title='bbox 273 1962 430 2022; x_wconf 76' lang='lat' dir='ltr'>itineribus</span> <span class='ocrx_word' id='word_1_127' title='bbox 447 1961 632 2035; x_wconf 79' lang='lat' dir='ltr'>defatigaret.</span> <span class='ocrx_word' id='word_1_128' title='bbox 647 1959 702 2017; x_wconf 91' lang='lat' dir='ltr'>His</span> <span class='ocrx_word' id='word_1_129' title='bbox 716 1957 886 2019; x_wconf 90' lang='lat' dir='ltr'>constitutis</span> <span class='ocrx_word' id='word_1_130' title='bbox 902 1960 1008 2032; x_wconf 88' lang='lat' dir='ltr'>rebus,</span> <span class='ocrx_word' id='word_1_131' title='bbox 1024 1959 1099 2033; x_wconf 89' lang='lat' dir='ltr'>signo</span> 
     </span>
     <span class='ocr_line' id='line_1_19' title="bbox 139 2042 1101 2121; baseline -0.004 -16"><span class='ocrx_word' id='word_1_132' title='bbox 139 2049 198 2106; x_wconf 90' lang='lat' dir='ltr'>iam</span> <span class='ocrx_word' id='word_1_133' title='bbox 221 2047 416 2121; x_wconf 90' lang='lat' dir='ltr'>profectionis</span> <span class='ocrx_word' id='word_1_134' title='bbox 438 2047 508 2105; x_wconf 92' lang='lat' dir='ltr'>dato</span> <span class='ocrx_word' id='word_1_135' title='bbox 529 2044 795 2118; x_wconf 85' lang='lat' dir='ltr'>tabernaculisque</span> <span class='ocrx_word' id='word_1_136' title='bbox 817 2042 956 2102; x_wconf 89' lang='lat' dir='ltr'>detensis</span> <span class='ocrx_word' id='word_1_137' title='bbox 978 2042 1101 2102; x_wconf 87' lang='lat' dir='ltr'>animad-</span> 
     </span>
     <span class='ocr_line' id='line_1_20' title="bbox 140 2127 1099 2206; baseline -0.005 -17"><span class='ocrx_word' id='word_1_138' title='bbox 140 2148 262 2191; x_wconf 79' lang='lat' dir='ltr'>versum</span> <span class='ocrx_word' id='word_1_139' title='bbox 287 2139 334 2190; x_wconf 88' lang='lat' dir='ltr'>est</span> <span class='ocrx_word' id='word_1_140' title='bbox 354 2133 444 2206; x_wconf 88' lang='lat' dir='ltr'>paulo</span> <span class='ocrx_word' id='word_1_141' title='bbox 468 2137 537 2187; x_wconf 73' lang='lat' dir='ltr'>ttrite</span> <span class='ocrx_word' id='word_1_142' title='bbox 559 2136 646 2186; x_wconf 88' lang='lat' dir='ltr'>extra</span> <span class='ocrx_word' id='word_1_143' title='bbox 660 2128 841 2186; x_wconf 79' lang='lat' dir='ltr'>cotidianam</span> <span class='ocrx_word' id='word_1_144' title='bbox 857 2127 1099 2187; x_wconf 88' lang='lat' dir='ltr'>consuetudinem</span> 
     </span>
     <span class='ocr_line' id='line_1_21' title="bbox 140 2211 1100 2290; baseline -0.006 -16"><span class='ocrx_word' id='word_1_145' title='bbox 140 2217 259 2290; x_wconf 82' lang='lat' dir='ltr'>longius</span> <span class='ocrx_word' id='word_1_146' title='bbox 283 2217 393 2275; x_wconf 86' lang='lat' dir='ltr'>avallo</span> <span class='ocrx_word' id='word_1_147' title='bbox 415 2231 486 2274; x_wconf 90' lang='lat' dir='ltr'>esse</span> <span class='ocrx_word' id='word_1_148' title='bbox 508 2213 603 2272; x_wconf 89' lang='lat' dir='ltr'>aciem</span> <span class='ocrx_word' id='word_1_149' title='bbox 617 2211 743 2285; x_wconf 87' lang='lat' dir='ltr'>Pompei</span> <span class='ocrx_word' id='word_1_150' title='bbox 763 2227 980 2285; x_wconf 86' lang='lat' dir='ltr'>progressam,</span> <span class='ocrx_word' id='word_1_151' title='bbox 1006 2219 1100 2271; x_wconf 91' lang='lat' dir='ltr'>utnon</span> 
     </span>
     <span class='ocr_line' id='line_1_22' title="bbox 140 2295 1101 2374; baseline -0.003 -16"><span class='ocrx_word' id='word_1_152' title='bbox 140 2301 244 2374; x_wconf 91' lang='lat' dir='ltr'>iniquo</span> <span class='ocrx_word' id='word_1_153' title='bbox 260 2302 328 2360; x_wconf 90' lang='lat' dir='ltr'>loco</span> <span class='ocrx_word' id='word_1_154' title='bbox 344 2316 440 2373; x_wconf 91' lang='lat' dir='ltr'>posse</span> <span class='ocrx_word' id='word_1_155' title='bbox 455 2297 590 2368; x_wconf 84' lang='lat' dir='ltr'>dimicari</span> <span class='ocrx_word' id='word_1_156' title='bbox 610 2296 772 2354; x_wconf 87' lang='lat' dir='ltr'>videretur.</span> <span class='ocrx_word' id='word_1_157' title='bbox 801 2297 885 2354; x_wconf 91' lang='lat' dir='ltr'>Tunc</span> <span class='ocrx_word' id='word_1_158' title='bbox 900 2295 1019 2355; x_wconf 84' lang='lat' dir='ltr'>Caesar</span> <span class='ocrx_word' id='word_1_159' title='bbox 1032 2295 1101 2371; x_wconf 85' lang='lat' dir='ltr'>apud</span> 
     </span>
     <span class='ocr_line' id='line_1_23' title="bbox 141 2380 1100 2458; baseline -0.005 -16"><span class='ocrx_word' id='word_1_160' title='bbox 141 2401 224 2458; x_wconf 69' lang='lat' dir='ltr'>suos</span> <span class='ocrx_word' id='word_1_161' title='bbox 240 2401 308 2442; x_wconf 91' lang='lat' dir='ltr'>cum</span> <span class='ocrx_word' id='word_1_162' title='bbox 323 2384 382 2441; x_wconf 87' lang='lat' dir='ltr'>iam</span> <span class='ocrx_word' id='word_1_163' title='bbox 397 2393 480 2442; x_wconf 91' lang='lat' dir='ltr'>esset</span> <span class='ocrx_word' id='word_1_164' title='bbox 494 2398 601 2455; x_wconf 87' lang='lat' dir='ltr'>agmen</span> <span class='ocrx_word' id='word_1_165' title='bbox 617 2380 646 2438; x_wconf 91' lang='lat' dir='ltr'>in</span> <span class='ocrx_word' id='word_1_166' title='bbox 664 2381 768 2454; x_wconf 76' lang='lat' dir='ltr'>portiS,</span> <span class='ocrx_word' id='word_1_167' title='bbox 783 2380 996 2451; x_wconf 70' lang='lat' dir='ltr'>differendam</span> <span class='ocrx_word' id='word_1_168' title='bbox 1007 2388 1056 2451; x_wconf 87' lang='lat' dir='ltr'>est,</span> <span class='ocrx_word' id='word_1_169' title='bbox 1067 2380 1100 2438; x_wconf 92' lang='lat' dir='ltr'>in·</span> 
     </span>
     <span class='ocr_line' id='line_1_24' title="bbox 141 2465 1103 2541; baseline -0.005 -15"><span class='ocrx_word' id='word_1_170' title='bbox 141 2468 219 2541; x_wconf 82' lang='lat' dir='ltr'>quit,</span> <span class='ocrx_word' id='word_1_171' title='bbox 233 2471 290 2528; x_wconf 86' lang='lat' dir='ltr'>iter</span> <span class='ocrx_word' id='word_1_172' title='bbox 300 2470 511 2541; x_wconf 82' lang='lat' dir='ltr'>inpraesentia</span> <span class='ocrx_word' id='word_1_173' title='bbox 521 2467 602 2524; x_wconf 82' lang='lat' dir='ltr'>mobis</span> <span class='ocrx_word' id='word_1_174' title='bbox 613 2472 642 2524; x_wconf 83' lang='lat' dir='ltr'>el</span> <span class='ocrx_word' id='word_1_175' title='bbox 651 2466 810 2538; x_wconf 85' lang='lat' dir='ltr'>deproeiio</span> <span class='ocrx_word' id='word_1_176' title='bbox 820 2465 1028 2538; x_wconf 64' lang='lat' dir='ltr'>cogitandam,</span> <span class='ocrx_word' id='word_1_177' title='bbox 1039 2468 1103 2524; x_wconf 86' lang='lat' dir='ltr'>siml</span> 
     </span>
     <span class='ocr_line' id='line_1_25' title="bbox 139 2550 1103 2627; baseline -0.004 -16"><span class='ocrx_word' id='word_1_178' title='bbox 139 2569 253 2627; x_wconf 81' lang='lat' dir='ltr'>semper</span> <span class='ocrx_word' id='word_1_179' title='bbox 263 2554 491 2627; x_wconf 85' lang='lat' dir='ltr'>depoposcimas.</span> <span class='ocrx_word' id='word_1_180' title='bbox 514 2551 617 2608; x_wconf 81' lang='lat' dir='ltr'>Ammo</span> <span class='ocrx_word' id='word_1_181' title='bbox 629 2553 718 2608; x_wconf 86' lang='lat' dir='ltr'>simas</span> <span class='ocrx_word' id='word_1_182' title='bbox 729 2550 771 2607; x_wconf 84' lang='lat' dir='ltr'>ad</span> <span class='ocrx_word' id='word_1_183' title='bbox 781 2550 987 2608; x_wconf 81' lang='lat' dir='ltr'>dimicandum</span> <span class='ocrx_word' id='word_1_184' title='bbox 995 2551 1103 2624; x_wconf 86' lang='lat' dir='ltr'>parati:</span> 
     </span>
     <span class='ocr_line' id='line_1_26' title="bbox 140 2634 1102 2709; baseline -0.005 -14"><span class='ocrx_word' id='word_1_185' title='bbox 140 2652 197 2695; x_wconf 87' lang='lat' dir='ltr'>noa</span> <span class='ocrx_word' id='word_1_186' title='bbox 205 2637 300 2709; x_wconf 82' lang='lat' dir='ltr'>facile</span> <span class='ocrx_word' id='word_1_187' title='bbox 310 2640 489 2696; x_wconf 79' lang='lat' dir='ltr'>occasionem</span> <span class='ocrx_word' id='word_1_188' title='bbox 497 2642 600 2708; x_wconf 84' lang='lat' dir='ltr'>postea</span> <span class='ocrx_word' id='word_1_189' title='bbox 610 2637 807 2707; x_wconf 81' lang='lat' dir='ltr'>reperiemus:</span> <span class='ocrx_word' id='word_1_190' title='bbox 821 2634 1046 2708; x_wconf 85' lang='lat' dir='ltr'>confestimque</span> <span class='ocrx_word' id='word_1_191' title='bbox 1059 2648 1102 2692; x_wconf 85' lang='lat' dir='ltr'>ex-</span> 
     </span>
     <span class='ocr_line' id='line_1_27' title="bbox 141 2720 506 2796; baseline -0.008 -17"><span class='ocrx_word' id='word_1_192' title='bbox 141 2721 259 2796; x_wconf 90' lang='lat' dir='ltr'>peditas</span> <span class='ocrx_word' id='word_1_193' title='bbox 275 2721 380 2794; x_wconf 90' lang='lat' dir='ltr'>copias</span> <span class='ocrx_word' id='word_1_194' title='bbox 397 2720 506 2778; x_wconf 91' lang='lat' dir='ltr'>educit.</span> 
     </span>
    </p>

    <p class='ocr_par' dir='ltr' id='par_1_4' title="bbox 140 2802 1110 3810">
     <span class='ocr_line' id='line_1_28' title="bbox 222 2802 1104 2877; baseline -0.003 -12"><span class='ocrx_word' id='word_1_195' title='bbox 222 2805 378 2865; x_wconf 85' lang='lat' dir='ltr'><strong>LXXXVI.</strong></span> <span class='ocrx_word' id='word_1_196' title='bbox 393 2803 557 2877; x_wconf 90' lang='lat' dir='ltr'>Pompeius</span> <span class='ocrx_word' id='word_1_197' title='bbox 570 2816 703 2877; x_wconf 90' lang='lat' dir='ltr'>quoque,</span> <span class='ocrx_word' id='word_1_198' title='bbox 718 2809 752 2859; x_wconf 90' lang='lat' dir='ltr'>ut</span> <span class='ocrx_word' id='word_1_199' title='bbox 762 2807 872 2875; x_wconf 88' lang='lat' dir='ltr'>postca</span> <span class='ocrx_word' id='word_1_200' title='bbox 887 2802 1042 2875; x_wconf 88' lang='lat' dir='ltr'>cognitum</span> <span class='ocrx_word' id='word_1_201' title='bbox 1057 2810 1104 2862; x_wconf 86' lang='lat' dir='ltr'>est</span> 
     </span>
     <span class='ocr_line' id='line_1_29' title="bbox 142 2885 1102 2959; baseline -0.005 -9"><span class='ocrx_word' id='word_1_202' title='bbox 142 2907 265 2950; x_wconf 91' lang='lat' dir='ltr'>suorum</span> <span class='ocrx_word' id='word_1_203' title='bbox 276 2889 407 2949; x_wconf 89' lang='lat' dir='ltr'>omnium</span> <span class='ocrx_word' id='word_1_204' title='bbox 422 2887 541 2947; x_wconf 87' lang='lat' dir='ltr'>hortatu</span> <span class='ocrx_word' id='word_1_205' title='bbox 553 2893 700 2946; x_wconf 87' lang='lat' dir='ltr'>statuerat</span> <span class='ocrx_word' id='word_1_206' title='bbox 710 2885 827 2959; x_wconf 90' lang='lat' dir='ltr'>proelio</span> <span class='ocrx_word' id='word_1_207' title='bbox 840 2885 1011 2944; x_wconf 89' lang='lat' dir='ltr'>decertare.</span> <span class='ocrx_word' id='word_1_208' title='bbox 1026 2887 1102 2945; x_wconf 89' lang='lat' dir='ltr'>Nam·</span> 
     </span>
     <span class='ocr_line' id='line_1_30' title="bbox 142 2969 1105 3049; baseline -0.004 -16"><span class='ocrx_word' id='word_1_209' title='bbox 142 2991 202 3049; x_wconf 88' lang='lat' dir='ltr'>que</span> <span class='ocrx_word' id='word_1_210' title='bbox 217 2976 306 3033; x_wconf 88' lang='lat' dir='ltr'>etiam</span> <span class='ocrx_word' id='word_1_211' title='bbox 322 2975 351 3032; x_wconf 94' lang='lat' dir='ltr'>in</span> <span class='ocrx_word' id='word_1_212' title='bbox 368 2972 495 3034; x_wconf 90' lang='lat' dir='ltr'>consilio</span> <span class='ocrx_word' id='word_1_213' title='bbox 512 2971 721 3045; x_wconf 86' lang='lat' dir='ltr'>superioribus</span> <span class='ocrx_word' id='word_1_214' title='bbox 738 2970 846 3028; x_wconf 90' lang='lat' dir='ltr'>diebus</span> <span class='ocrx_word' id='word_1_215' title='bbox 862 2969 999 3043; x_wconf 87' lang='lat' dir='ltr'>dixerat,</span> <span class='ocrx_word' id='word_1_216' title='bbox 1016 2971 1105 3046; x_wconf 90' lang='lat' dir='ltr'>prius·</span> 
     </span>
     <span class='ocr_line' id='line_1_31' title="bbox 143 3053 1106 3132; baseline -0.005 -15"><span class='ocrx_word' id='word_1_217' title='bbox 143 3075 233 3132; x_wconf 87' lang='lat' dir='ltr'>quam</span> <span class='ocrx_word' id='word_1_218' title='bbox 248 3064 465 3119; x_wconf 87' lang='lat' dir='ltr'>concurrerent</span> <span class='ocrx_word' id='word_1_219' title='bbox 481 3057 572 3129; x_wconf 89' lang='lat' dir='ltr'>acies,</span> <span class='ocrx_word' id='word_1_220' title='bbox 588 3058 654 3115; x_wconf 89' lang='lat' dir='ltr'>fore</span> <span class='ocrx_word' id='word_1_221' title='bbox 667 3056 709 3113; x_wconf 88' lang='lat' dir='ltr'>uli</span> <span class='ocrx_word' id='word_1_222' title='bbox 725 3055 879 3112; x_wconf 88' lang='lat' dir='ltr'>exercitus</span> <span class='ocrx_word' id='word_1_223' title='bbox 893 3053 1035 3114; x_wconf 85' lang='lat' dir='ltr'>Caesaris</span> <span class='ocrx_word' id='word_1_224' title='bbox 1051 3056 1106 3129; x_wconf 90' lang='lat' dir='ltr'>pel·</span> 
     </span>
     <span class='ocr_line' id='line_1_32' title="bbox 144 3137 1108 3214; baseline -0.004 -12"><span class='ocrx_word' id='word_1_225' title='bbox 144 3148 260 3202; x_wconf 89' lang='lat' dir='ltr'>leretur.</span> <span class='ocrx_word' id='word_1_226' title='bbox 290 3144 324 3201; x_wconf 90' lang='lat' dir='ltr'>ld</span> <span class='ocrx_word' id='word_1_227' title='bbox 340 3158 407 3201; x_wconf 92' lang='lat' dir='ltr'>cum</span> <span class='ocrx_word' id='word_1_228' title='bbox 423 3148 527 3200; x_wconf 89' lang='lat' dir='ltr'>essent</span> <span class='ocrx_word' id='word_1_229' title='bbox 541 3141 678 3214; x_wconf 92' lang='lat' dir='ltr'>plerique</span> <span class='ocrx_word' id='word_1_230' title='bbox 694 3138 839 3210; x_wconf 86' lang='lat' dir='ltr'>admirati,</span> <span class='ocrx_word' id='word_1_231' title='bbox 855 3137 922 3196; x_wconf 85' lang='lat' dir='ltr'>Scio</span> <span class='ocrx_word' id='word_1_232' title='bbox 933 3154 989 3210; x_wconf 83' lang='lat' dir='ltr'>me,</span> <span class='ocrx_word' id='word_1_233' title='bbox 1009 3139 1108 3214; x_wconf 81' lang='lat' dir='ltr'>inquit,</span> 
     </span>
     <span class='ocr_line' id='line_1_33' title="bbox 142 3224 1109 3300; baseline -0.004 -13"><span class='ocrx_word' id='word_1_234' title='bbox 142 3245 236 3296; x_wconf 67' lang='lat' dir='ltr'>tuaene</span> <span class='ocrx_word' id='word_1_235' title='bbox 253 3229 452 3286; x_wconf 79' lang='lat' dir='ltr'>incredibilem</span> <span class='ocrx_word' id='word_1_236' title='bbox 468 3243 531 3284; x_wconf 90' lang='lat' dir='ltr'>rem</span> <span class='ocrx_word' id='word_1_237' title='bbox 540 3227 676 3300; x_wconf 87' lang='lat' dir='ltr'>polliceri</span> <span class='ocrx_word' id='word_1_238' title='bbox 681 3245 692 3292; x_wconf 84' lang='lat'>,·</span> <span class='ocrx_word' id='word_1_239' title='bbox 709 3225 762 3282; x_wconf 84' lang='lat' dir='ltr'>sed</span> <span class='ocrx_word' id='word_1_240' title='bbox 777 3224 923 3281; x_wconf 82' lang='lat' dir='ltr'>rationem</span> <span class='ocrx_word' id='word_1_241' title='bbox 934 3225 1109 3284; x_wconf 80' lang='lat' dir='ltr'>ommittimei</span> 
     </span>
     <span class='ocr_line' id='line_1_34' title="bbox 147 3308 1110 3387; baseline -0.005 -14"><span class='ocrx_word' id='word_1_242' title='bbox 147 3315 274 3387; x_wconf 81' lang='lat' dir='ltr'>accipite,</span> <span class='ocrx_word' id='word_1_243' title='bbox 286 3327 341 3386; x_wconf 84' lang='lat' dir='ltr'>quo</span> <span class='ocrx_word' id='word_1_244' title='bbox 349 3314 481 3384; x_wconf 71' lang='lat' dir='ltr'>firmiore</span> <span class='ocrx_word' id='word_1_245' title='bbox 492 3313 588 3369; x_wconf 84' lang='lat' dir='ltr'>animo</span> <span class='ocrx_word' id='word_1_246' title='bbox 600 3313 631 3368; x_wconf 88' lang='lat' dir='ltr'>m</span> <span class='ocrx_word' id='word_1_247' title='bbox 640 3311 784 3383; x_wconf 85' lang='lat' dir='ltr'>proelium</span> <span class='ocrx_word' id='word_1_248' title='bbox 789 3308 956 3382; x_wconf 84' lang='lat' dir='ltr'>prodeatis.</span> <span class='ocrx_word' id='word_1_249' title='bbox 974 3309 1110 3368; x_wconf 77' lang='lat' dir='ltr'>Percussi</span> 
     </span>
     <span class='ocr_line' id='line_1_35' title="bbox 143 3393 1108 3470; baseline -0.005 -14"><span class='ocrx_word' id='word_1_250' title='bbox 143 3399 282 3470; x_wconf 80' lang='lat' dir='ltr'>equilibus</span> <span class='ocrx_word' id='word_1_251' title='bbox 300 3399 405 3456; x_wconf 85' lang='lat' dir='ltr'>nostris</span> <span class='ocrx_word' id='word_1_252' title='bbox 422 3396 524 3469; x_wconf 83' lang='lat' dir='ltr'>(idque</span> <span class='ocrx_word' id='word_1_253' title='bbox 541 3396 614 3453; x_wconf 78' lang='lat' dir='ltr'>milti</span> <span class='ocrx_word' id='word_1_254' title='bbox 632 3393 769 3466; x_wconf 83' lang='lat' dir='ltr'>facturos</span> <span class='ocrx_word' id='word_1_255' title='bbox 789 3394 1054 3463; x_wconf 76' lang='lat' dir='ltr'>confirmaverant)</span> <span class='ocrx_word' id='word_1_256' title='bbox 1073 3404 1108 3459; x_wconf 82' lang='lat' dir='ltr'>at,</span> 
     </span>
     <span class='ocr_line' id='line_1_36' title="bbox 142 3477 1110 3557; baseline -0.004 -17"><span class='ocrx_word' id='word_1_257' title='bbox 142 3499 207 3540; x_wconf 87' lang='lat' dir='ltr'>cam</span> <span class='ocrx_word' id='word_1_258' title='bbox 213 3485 342 3557; x_wconf 85' lang='lat' dir='ltr'>propias</span> <span class='ocrx_word' id='word_1_259' title='bbox 352 3484 391 3539; x_wconf 87' lang='lat' dir='ltr'>sit</span> <span class='ocrx_word' id='word_1_260' title='bbox 400 3496 557 3551; x_wconf 86' lang='lat' dir='ltr'>accessam,</span> <span class='ocrx_word' id='word_1_261' title='bbox 570 3481 707 3538; x_wconf 80' lang='lat' dir='ltr'>dextram</span> <span class='ocrx_word' id='word_1_262' title='bbox 720 3477 856 3536; x_wconf 82' lang='lat' dir='ltr'>Caesaris</span> <span class='ocrx_word' id='word_1_263' title='bbox 867 3492 962 3536; x_wconf 86' lang='lat' dir='ltr'>corna</span> <span class='ocrx_word' id='word_1_264' title='bbox 973 3478 1110 3538; x_wconf 80' lang='lat' dir='ltr'>ablatem</span> 
     </span>
     <span class='ocr_line' id='line_1_37' title="bbox 143 3563 1110 3639; baseline -0.003 -16"><span class='ocrx_word' id='word_1_265' title='bbox 143 3577 243 3639; x_wconf 84' lang='lat' dir='ltr'>aperto</span> <span class='ocrx_word' id='word_1_266' title='bbox 265 3567 500 3638; x_wconf 74' lang='lat' dir='ltr'>rudprederemar</span> <span class='ocrx_word' id='word_1_267' title='bbox 519 3571 549 3623; x_wconf 86' lang='lat' dir='ltr'>et</span> <span class='ocrx_word' id='word_1_268' title='bbox 567 3567 765 3624; x_wconf 84' lang='lat' dir='ltr'>circumuenta</span> <span class='ocrx_word' id='word_1_269' title='bbox 782 3563 819 3620; x_wconf 81' lang='lat' dir='ltr'>ab</span> <span class='ocrx_word' id='word_1_270' title='bbox 841 3568 923 3634; x_wconf 69' lang='lat' dir='ltr'>tergo</span> <span class='ocrx_word' id='word_1_271' title='bbox 943 3565 1009 3621; x_wconf 87' lang='lat' dir='ltr'>acie</span> <span class='ocrx_word' id='word_1_272' title='bbox 1024 3565 1110 3637; x_wconf 78' lang='lat' dir='ltr'>prius</span> 
     </span>
     <span class='ocr_line' id='line_1_38' title="bbox 140 3646 1107 3724; baseline -0.003 -16"><span class='ocrx_word' id='word_1_273' title='bbox 140 3651 342 3723; x_wconf 78' lang='lat' dir='ltr'>perturbatam</span> <span class='ocrx_word' id='word_1_274' title='bbox 353 3652 514 3710; x_wconf 79' lang='lat' dir='ltr'>exercitam</span> <span class='ocrx_word' id='word_1_275' title='bbox 521 3652 674 3724; x_wconf 85' lang='lat' dir='ltr'>pellerem,</span> <span class='ocrx_word' id='word_1_276' title='bbox 693 3663 781 3721; x_wconf 83' lang='lat' dir='ltr'>qaam</span> <span class='ocrx_word' id='word_1_277' title='bbox 792 3663 812 3704; x_wconf 87' lang='lat' dir='ltr'>a</span> <span class='ocrx_word' id='word_1_278' title='bbox 824 3646 906 3705; x_wconf 79' lang='lat' dir='ltr'>nobis</span> <span class='ocrx_word' id='word_1_279' title='bbox 916 3649 1005 3706; x_wconf 85' lang='lat' dir='ltr'>telam</span> <span class='ocrx_word' id='word_1_280' title='bbox 1015 3649 1047 3706; x_wconf 85' lang='lat' dir='ltr'>ia</span> <span class='ocrx_word' id='word_1_281' title='bbox 1057 3647 1107 3705; x_wconf 85' lang='lat' dir='ltr'>iro-</span> 
     </span>
     <span class='ocr_line' id='line_1_39' title="bbox 142 3730 1107 3810; baseline 0 -17"><span class='ocrx_word' id='word_1_282' title='bbox 142 3743 213 3793; x_wconf 83' lang='lat' dir='ltr'>rtem</span> <span class='ocrx_word' id='word_1_283' title='bbox 224 3737 379 3794; x_wconf 85' lang='lat' dir='ltr'>iaceretur.</span> <span class='ocrx_word' id='word_1_284' title='bbox 397 3734 446 3792; x_wconf 85' lang='lat' dir='ltr'>Ita</span> <span class='ocrx_word' id='word_1_285' title='bbox 457 3737 520 3793; x_wconf 86' lang='lat' dir='ltr'>siae</span> <span class='ocrx_word' id='word_1_286' title='bbox 526 3736 662 3810; x_wconf 84' lang='lat' dir='ltr'>periculo</span> <span class='ocrx_word' id='word_1_287' title='bbox 672 3734 817 3807; x_wconf 77' lang='lat' dir='ltr'>iepioaam</span> <span class='ocrx_word' id='word_1_288' title='bbox 828 3737 961 3807; x_wconf 78' lang='lat' dir='ltr'>erpaene</span> <span class='ocrx_word' id='word_1_289' title='bbox 971 3734 1036 3792; x_wconf 85' lang='lat' dir='ltr'>sine</span> <span class='ocrx_word' id='word_1_290' title='bbox 1047 3730 1107 3793; x_wconf 78' lang='lat' dir='ltr'>rut-</span> 
     </span>
    </p>
   </div>
   <div class='ocr_carea' id='block_1_4' title="bbox 0 0 1147 4176">
    <p class='ocr_par' dir='ltr' id='par_1_5' title="bbox 0 0 1147 4176">
     <span class='ocr_line' id='line_1_40' title="bbox 0 0 1147 4176; baseline 0 0"><span class='ocrx_word' id='word_1_291' title='bbox 0 0 1147 4176; x_wconf 95' lang='lat' dir='ltr'> </span> 
     </span>
    </p>
   </div>
  </div>
 </body>
</html>
