2272 4176
137 466 201 533 aaa
425 450 428 455 '
453 468 504 529 na
524 464 647 529 aeaco
670 462 787 527 crvrm

137 627 176 686 Α.
193 622 345 699 clodium,
367 638 456 683 suum
476 628 568 698 atque
587 619 667 681 illius
681 619 876 697 familiarem,
897 637 990 699 quem
1003 620 1041 683 ab
1053 621 1094 685 illo

138 710 280 771 traditum
292 706 376 769 initio
389 714 419 768 et
430 705 673 769 commendatum
682 705 713 765 in
725 720 854 766 suorum
865 706 1094 769 necessariorum

137 810 265 856 numero
278 792 392 854 habere
405 793 585 853 instituerat.
612 790 691 851 Huic
707 790 760 851 dat
773 790 891 851 litteras
904 792 1094 868 mandataque

138 878 179 939 ad
193 895 279 949 eum;
301 892 432 953 quorum
444 877 521 937 haec
535 881 600 935 erat
613 891 747 935 summa=
769 873 849 936 Sese
863 877 967 938 omnia
979 877 1018 938 de
1030 890 1094 952 paee

138 971 298 1040 expertum
313 961 385 1022 nihil
400 961 501 1021 adhuc
516 960 654 1021 arbitrari
667 960 740 1021 vitio
756 960 871 1021 factum
885 977 1009 1043 eorum,
1029 977 1094 1037 quos

139 1064 210 1109 esse
225 1053 367 1108 auctores
383 1045 449 1106 eius
461 1046 507 1105 rei
520 1045 687 1118 voluisset,
710 1044 796 1120 quod
810 1060 870 1106 sua
883 1047 1027 1107 mandata
1038 1061 1093 1122 per-

137 1134 218 1192 ferre
238 1149 300 1192 nou
322 1137 497 1206 opportuno
518 1137 658 1204 tempore
672 1129 712 1189 ad
725 1128 908 1207 Pompeium
921 1136 1093 1193 vererentur.

139 1215 314 1292 Scipionem
329 1231 366 1276 ea
380 1231 451 1275 asse
466 1215 657 1289 auctoritate,
680 1219 789 1275 utnon
804 1216 907 1277 solum
920 1215 1017 1277 libere
1029 1228 1093 1292 qnae

137 1302 301 1378 probasset
310 1315 474 1376 exponere,
486 1299 543 1359 sed
554 1299 644 1359 etiam
655 1312 694 1358 ex
704 1314 816 1375 magna
825 1307 916 1374 parte
927 1301 1094 1377 compellere

137 1394 230 1462 atque
242 1378 390 1446 errantem
402 1399 510 1460 regere
520 1391 645 1459 posset;
656 1398 804 1459 praeesse
812 1391 981 1447 autemsuo
989 1384 1094 1446 nomino

139 1470 300 1544 exercitui,
321 1475 355 1530 ut
368 1475 490 1544 praeter
505 1470 714 1529 auctoritatem
728 1468 810 1528 vires
827 1485 956 1544 quoque
969 1469 1009 1530 ad
1022 1472 1091 1529 coer·

138 1555 267 1616 cendum
278 1553 413 1615 haberet.
439 1553 528 1628 Quod
540 1553 566 1614 si
577 1554 709 1629 fecisset,
726 1552 859 1629 quietem
870 1553 985 1631 ltaliae,
1000 1568 1091 1629 pacem

137 1640 371 1715 provinciarum
394 1640 522 1700 salutem
535 1638 654 1712 imperii
669 1638 721 1697 uni
736 1653 842 1699 omnes
858 1645 1019 1714 acceptam
1029 1638 1089 1697 rela·

136 1732 231 1784 turos.
267 1724 351 1782 Haec
373 1723 413 1782 ad
433 1739 502 1784 eum
522 1724 664 1783 mandata
685 1722 809 1784 Clodius
829 1724 927 1783 refert
946 1738 984 1785 aa
1003 1720 1091 1799 primis

137 1807 262 1884 diebus,
280 1813 314 1866 ut
333 1808 508 1882 videbatur,
529 1808 657 1868 libenter
678 1807 799 1868 auditus
813 1807 944 1883 reliquis
960 1807 999 1868 ad
1014 1806 1091 1868 eollo

138 1893 242 1969 quium
261 1909 324 1952 non
349 1892 513 1952 adnittitur
534 1893 682 1967 castigato
703 1890 848 1967 Scipione
868 1891 1050 1967 aFavonio,
1066 1896 1092 1949 ut

137 1985 247 2053 postea
267 1978 406 2038 conlecto
428 1977 508 2036 bello
528 1977 774 2053 reperiebamus,
795 1976 974 2054 infectaque
987 1993 1021 2037 re
1033 1988 1091 2037 sest

136 2063 177 2123 ad
193 2063 354 2123 Caesarem
367 2062 492 2136 recepit.
851 2135 853 2141 Ι

219 2147 321 2207 LVlll.
367 2146 487 2219 Caesar,
503 2163 564 2222 quo
580 2145 698 2206 facilius
710 2145 877 2221 equitatum
887 2143 1090 2221 Pompeianum

137 2233 176 2292 ad
186 2230 407 2310 Dyrrhachium
423 2232 590 2291 contineret
604 2237 634 2290 et
644 2231 840 2305 pabulatione
852 2230 1037 2306 prohiberet,
1050 2228 1090 2288 ad-

136 2316 195 2377 itus
212 2318 304 2390 duos,
328 2332 406 2390 quos
422 2330 493 2375 osse
508 2323 656 2390 angustos
669 2314 967 2390 demonstravimus,
988 2312 1092 2388 maguis

137 2401 281 2475 operibus
304 2398 504 2474 praemunivit
519 2401 705 2475 castellaque
720 2400 767 2461 his
783 2398 859 2461 locis
874 2400 989 2475 posuit
1017 2397 1091 2458 Pon·

136 2484 234 2558 peius,
249 2484 301 2545 ubi
312 2482 386 2543 nihil
400 2485 508 2559 profici
519 2485 655 2560 equitatu
667 2484 819 2560 cognovit,
834 2485 945 2558 paucis
958 2483 1091 2544 intermis-

137 2568 180 2629 sis
203 2568 311 2628 diebus
333 2584 455 2628 rursum
475 2585 545 2629 eum
562 2570 691 2630 navibus
712 2570 752 2629 ad
773 2585 808 2629 so
828 2569 907 2628 intra
921 2568 1092 2630 munitiones

135 2652 253 2728 recipit.
286 2652 360 2712 Erat
373 2670 492 2713 summa
505 2654 609 2729 inopia
624 2654 743 2730 pabuli,
765 2655 843 2714 adeo
858 2660 893 2713 ut
907 2654 991 2715 foliis
1006 2669 1044 2714 ex
1056 2669 1093 2714 ar·

137 2738 261 2799 boribus
278 2737 389 2798 strictis
406 2744 436 2797 et
451 2739 563 2799 teneris
579 2738 780 2799 harundinum
795 2737 952 2800 radicibus
969 2737 1093 2801 contusis

137 2838 235 2898 equos
257 2824 373 2882 alerent
392 2823 556 2896 (lrunrerrta
572 2825 666 2899 enim,
688 2840 768 2899 quae
783 2825 903 2884 fucrant
917 2825 998 2885 intra
1011 2822 1094 2883 muni·

137 2907 234 2969 tiones
252 2914 333 2983 sata,
354 2914 636 2983 consumpserant);
659 2909 846 2988 cogebantur
859 2907 998 2987 Corcyra
1014 2916 1096 2983 atque

135 2993 309 3053 Acarnania
328 2994 420 3067 longo
441 2992 597 3054 interiecto
619 2992 821 3068 navigationis
842 2993 945 3068 spatio
960 2993 1096 3069 pabulum

136 3085 334 3153 supportare,
358 3093 482 3152 quoquc
502 3086 567 3140 erat
587 3079 652 3140 eius
672 3078 717 3137 rei
738 3077 837 3137 minor
856 3077 964 3153 copia,
986 3077 1095 3140 hordeo

136 3162 290 3237 adaugere
312 3168 403 3238 atque
424 3162 470 3221 his
492 3163 660 3224 rationibus
682 3162 849 3237 equitatum
869 3164 1013 3223 tolerare.
1042 3160 1097 3222 Sed

136 3255 300 3323 postquam
315 3264 376 3307 non
391 3248 481 3308 modo
494 3248 640 3308 hordeum
653 3247 860 3323 pabulumque
872 3247 1016 3309 omnibus
1028 3246 1096 3309 locis

135 3332 310 3408 herbaeque
332 3332 489 3409 desectae,
512 3334 568 3393 sed
583 3333 673 3394 etiarn
687 3334 802 3394 fructus
818 3349 857 3392 ex
871 3332 1035 3393 arboribus
1050 3331 1096 3391 de

135 3417 271 3493 liciebat,
304 3417 455 3492 corruptis
483 3418 571 3494 equis
596 3418 693 3478 macie
714 3419 887 3478 conandum
908 3417 968 3479 sibi
988 3414 1096 3493 aliquid
1132 3422 1134 3465 i

134 3500 298 3577 Pompeius
314 3501 352 3562 de
369 3502 527 3578 eruptione
543 3504 733 3564 existimavit.

217 3588 290 3649 LlX.
333 3587 427 3647 Erant
441 3589 525 3664 apud
539 3589 700 3650 Caesarem
714 3589 744 3648 iu
759 3586 893 3662 equitum
908 3602 1036 3647 numero
1050 3586 1094 3646 lt-

136 3668 278 3746 lobroges
299 3673 360 3734 duo
382 3674 507 3749 fratres,
528 3675 683 3736 Roucillus
706 3680 735 3734 et
749 3673 848 3748 Egus,
869 3671 1026 3733 Adbucilli
1040 3669 1095 3743 lilii,

136 3755 187 3831 qui
201 3756 403 3833 principatum
416 3759 447 3819 in
459 3757 579 3819 civitate
589 3760 690 3821 multis
702 3758 790 3820 aunis
802 3756 984 3836 obtinuerat,
998 3757 1095 3833 sinsu-

1126 3806 1134 3937 l
