2272 4176
64 39 234 161 W

72 301 280 379 apcendorant
300 297 494 361 circumventi
516 305 609 373 atque
629 297 777 360 interfecti
793 315 880 361 muro
897 300 1045 378 praecipi-

71 384 224 457 tabantur.
252 384 295 445 M.
310 384 485 458 Petronius,
502 384 640 443 eiusdem
654 383 784 457 legionis
801 384 952 459 centurio,
979 401 1045 445 curn

72 477 177 547 portas
200 470 347 531 excidere
369 478 495 530 conatus
511 475 610 541 esset,
636 468 858 530 amultitudine
874 485 1046 545 oppressus

71 572 106 615 ac
121 555 182 615 sibi
199 555 373 630 desperans
387 553 488 615 multis
503 553 562 612 iam
573 551 750 613 vulneribus
763 555 898 630 acceptis
910 554 1046 631 manipu-

70 638 189 717 laribus
205 640 281 715 suis,
299 639 350 715 qui
365 640 449 700 illum
464 638 559 698 secuti
575 642 674 698 erant:
704 637 860 712 Quoniam,
876 638 986 714 inquil,
1003 656 1048 700 nte

70 741 132 785 aaa
144 725 296 785 uobiscum
308 741 429 785 servare
442 741 501 784 non
512 739 640 799 possam,
655 729 768 783 vestroe
781 726 899 799 quidem
912 732 991 786 certe
1000 727 1048 785 ut-

69 816 117 871 ae
128 811 331 884 prospiciam,
355 825 426 885 quos
445 810 606 883 cupiditate
622 808 739 882 ctoriae
759 810 905 870 adductas
918 812 949 870 tn
957 810 1046 885 peri-

69 897 169 955 nrum
185 894 311 953 dedam.
345 894 401 954 Vos
421 892 494 954 doto
512 893 658 965 facultate
678 892 755 952 vobr‘s
774 897 923 955 consulite.
953 892 1045 956 Simu*-

69 979 99 1038 in
121 977 246 1038 medios
266 977 372 1051 hostes
393 978 506 1053 inrupit
526 977 710 1052 duobusque
730 977 896 1039 interiectis
910 978 1047 1053 reliquos

70 1071 208 1138 sporta
234 1064 358 1138 paulurn
383 1062 554 1123 summovit.
592 1061 776 1122 Conantibus
803 1062 941 1123 auxiliari
965 1062 1046 1122 sulse

70 1149 217 1219 Fmtstro,
234 1148 346 1222 inquit,
361 1164 444 1208 nteae
456 1150 532 1211 vitoe
546 1147 699 1206 subvenire
712 1150 873 1222 conamini,
888 1164 973 1223 quem
987 1150 1047 1208 iam

70 1234 196 1307 sunonis
209 1234 343 1306 viresque
356 1233 503 1305 deficiunt.
530 1232 662 1291 Proinde
682 1231 772 1306 abite,
795 1234 866 1293 dum
885 1240 929 1293 est
938 1232 1047 1306 focal-

70 1328 123 1392 tas,
138 1333 249 1392 uosque
262 1318 457 1391 artemonem
469 1319 599 1393 recipite.
624 1316 669 1376 lta
682 1331 823 1391 pugnans
837 1325 911 1394 post
923 1318 1047 1394 paulurn

71 1401 208 1463 concidit
223 1416 259 1460 ac
274 1401 338 1461 suis
354 1402 443 1462 saluti
458 1401 522 1461 luit.

153 1486 203 1544 LI.
226 1485 329 1546 Nostri
345 1502 413 1546 cum
426 1486 562 1561 undique
577 1494 794 1562 premerentur,
810 1503 880 1547 xiv1
896 1487 1045 1547 centurio·

72 1571 160 1632 uibus
178 1569 304 1631 amissis
320 1570 429 1631 deiecti
444 1579 516 1632 sunt
529 1573 609 1633 loco.
640 1571 702 1633 Sed
717 1572 927 1632 intolerantius
943 1572 1045 1633 Gallos

72 1659 273 1731 insequentes
299 1655 379 1729 legio
404 1656 522 1716 decima
546 1657 692 1731 tardavit,
723 1673 802 1732 quae
822 1674 879 1732 pro
905 1656 1044 1721 subsidio

73 1743 163 1817 paulo
186 1739 337 1814 aequiore
357 1742 425 1801 loco
442 1742 626 1803 constiterat.
656 1743 742 1801 Hanc
756 1758 865 1802 rursus
880 1757 938 1799 xur
953 1741 1045 1816 legio-

73 1827 116 1887 nis
132 1824 282 1887 cohortes
298 1833 500 1901 exceperunt,
517 1843 596 1900 quae
611 1842 650 1886 ex
666 1827 775 1887 eastris
790 1825 957 1886 minoribus
973 1826 1045 1886 edu·

73 1919 134 1972 ctae
156 1927 230 1971 curn
250 1911 283 1970 Τ.
307 1907 410 1970 Sextio
432 1912 532 1985 legero
560 1920 705 1986 ceperant
725 1914 825 1972 locum
847 1911 1043 1987 superiorem

75 1996 235 2071 Legiones,
251 1994 303 2055 ubi
318 1994 448 2069 primum
463 1996 624 2070 planiciem
639 1996 825 2071 adtigerunt,
840 1997 958 2057 infestis
974 2012 1045 2058 con·

76 2088 115 2140 ua
127 2081 239 2141 hostes
254 2079 350 2153 signis
364 2081 571 2141 constiterunt.
593 2081 827 2157 Vercingetorix
838 2081 877 2141 ab
890 2080 1045 2143 radicibus

80 2166 160 2226 collis
176 2180 254 2224 suos
277 2164 355 2225 intra
370 2165 552 2225 munitiones
567 2165 697 2225 reduxit.
726 2166 771 2227 Eo
787 2166 837 2226 die
852 2167 960 2227 milites
977 2177 1047 2228 sunt

77 2252 160 2326 paulo
177 2249 280 2309 minus
296 2264 348 2307 occ
364 2249 537 2310 desiderati.

150 2334 215 2395 Lll.
239 2333 366 2394 Postero
382 2334 431 2393 die
448 2334 560 2394 Caesar
576 2337 716 2395 contione
731 2337 881 2398 advocata
895 2339 1045 2398 temerita-

77 2426 127 2480 tem
141 2417 406 2494 cupiditatemque
420 2419 544 2478 militum
560 2420 771 2496 reprehendit,
800 2422 884 2497 quod
906 2422 964 2481 sibi
985 2423 1046 2498 ipsi

79 2505 301 2578 iudicavissent,
318 2520 378 2578 quo
395 2504 623 2578 procedendum
639 2513 691 2565 aut
706 2505 778 2580 quid
794 2507 946 2580 agendum
961 2507 1045 2566 vide-

448 144 566 208 LlBER
586 143 653 203 vll.
985 136 1045 211 147

79 2598 159 2666 reim,
177 2604 283 2663 neque
298 2588 385 2661 signo
401 2588 566 2663 recipiendi
584 2590 654 2649 dato
671 2590 879 2649 constitissent
890 2605 991 2665 nequo
1006 2591 1045 2651 ab

79 2675 199 2736 tribunis
216 2673 343 2733 militum
358 2674 528 2748 legatisque
543 2674 665 2732 retineri
680 2675 862 2749 potuissent.
884 2675 1045 2750 Exposuit,

81 2761 142 2836 qrrid
156 2758 307 2833 iniquitas
323 2758 382 2817 loci
396 2765 518 2833 posset,
546 2757 619 2833 quid
640 2758 709 2833 ipsc
731 2760 767 2818 ad
791 2759 956 2820 Avaricum
976 2775 1045 2820 sen—

80 2847 177 2918 sisset,
194 2859 267 2903 oum
284 2842 350 2901 sine
366 2843 443 2902 duee
459 2850 488 2902 et
503 2842 569 2901 sine
585 2843 720 2917 equitatu
736 2844 936 2918 deprehensis
950 2844 1045 2904 hosti-

81 2927 125 2990 bus
147 2930 345 3003 exploratam
364 2927 525 2987 victoriam
548 2927 729 3002 dimisisset,
756 2944 794 2987 ne
809 2944 938 3003 parvum
953 2929 1045 2990 modo

79 3007 327 3075 detrimentumln
341 3012 533 3072 contentione
549 3020 674 3086 prolator
688 3012 876 3087 iniquitatem
891 3013 950 3072 loci
966 3014 1045 3073 accl-

79 3097 162 3160 deret.
190 3098 312 3172 Quanto
329 3112 423 3171 opere
438 3114 543 3157 eorum
558 3097 647 3154 animi
662 3098 898 3171 magnitudinem
915 3097 1039 3157 admira·

78 3192 158 3260 mur,
176 3199 259 3260 quos
275 3197 337 3241 non
354 3189 523 3242 castrorum
538 3181 729 3255 munitiones,
746 3199 806 3241 non
819 3182 944 3242 altitudo
957 3198 1043 3244 mon-

77 3266 120 3343 tls,
145 3286 209 3331 non
225 3283 335 3329 murus
351 3268 455 3342 oppidi
470 3266 591 3326 tardare
607 3267 772 3340 potuisset,
799 3272 882 3326 tanto
898 3282 992 3342 opere
1008 3268 1041 3328 li·

79 3356 197 3417 apuam
231 3352 504 3427 adrogantiamque
536 3350 777 3425 reprehendere,
804 3351 887 3425 quod
911 3353 980 3427 plus
1007 3369 1042 3413 se

78 3456 159 3511 alum
173 3442 394 3517 imperatorem
409 3437 447 3497 de
463 3435 589 3496 victoria
602 3442 694 3510 atque
710 3435 793 3495 exitu
807 3451 911 3497 rerum
924 3437 1041 3499 sentire
1068 3496 1070 3503 .

791 3522 852 3583 lb*
