2272 4176
408 133 529 196 ursan
550 136 599 196 111.
666 124 669 129 '
876 174 879 183 -
928 132 990 198 aot

52 302 120 347 rem
140 293 215 348 sunt
233 290 329 350 relata
344 304 441 348 cuxxx
462 297 492 349 et
511 289 632 364 aquilae
646 304 764 350 novem.
793 290 826 350 L.
840 290 990 351 Domitius

52 373 180 432 :castris
192 373 223 432 in
234 382 367 434 montem
377 374 542 448 refugiens,
558 389 627 433 cum
636 374 719 433 vires
731 390 800 435 eum
811 374 991 436 lassitudine

52 457 217 530 iecissent,
233 459 272 517 ab
286 458 439 532 equitibus
455 464 504 517 est
517 458 703 518 interiectus.

102 542 134 603 C.
178 542 297 602 Eodem
311 550 449 616 tempore
462 543 497 602 D.
509 542 630 601 Laelius
646 558 715 602 cum
730 544 831 604 classe
846 543 990 606 adBrun-

52 626 133 686 sium
147 627 232 686 venit
247 627 416 700 eademque
430 627 557 699 ratione,
575 642 636 700 qua
650 627 762 686 lactum
776 644 795 688 a
808 627 924 687 Libone
938 645 990 688 an·

52 726 65 770 a
81 711 367 783 demonstravimus,
384 711 512 771 insulam
528 711 677 770 obiectam
693 712 792 786 portui
806 712 990 775 Brundisino

52 795 122 855 nuit.
154 795 296 855 Similiter
309 795 466 870 Vatinius,
489 795 541 870 qui
553 795 717 856 Brundisio
732 802 879 870 praeerat,
902 798 990 858 tectis

52 880 239 955 structisque
254 879 377 954 scaphis
393 880 494 939 elicuit
509 894 603 938 naves
614 878 773 939 Laelianas
789 887 880 959 atque
892 896 932 940 ex
942 881 988 942 his

52 965 139 1038 ngius
154 966 337 1039 productam
351 980 442 1022 unam
458 965 706 1039 quinqueremem
721 970 752 1023 et
764 964 897 1025 minores
912 966 989 1027 duas

61 1048 214 1123 angustiis
229 1055 336 1123 portus
353 1048 447 1124 cepit,
468 1046 602 1122 itemque
615 1064 671 1122 per
687 1049 805 1123 equites
821 1049 989 1125 dispositos

52 1149 100 1207 qua
114 1133 280 1209 prohibere
295 1132 470 1192 classiarios
482 1132 617 1193 instituit.
646 1131 708 1191 Sed
719 1133 841 1193 Laelius
852 1140 990 1210 tempore

52 1218 88 1276 mi
111 1218 321 1277 commodiore
337 1233 410 1276 usus
425 1217 465 1275 ad
480 1217 682 1291 navigandum
697 1218 844 1277 onerariis
860 1219 988 1280 navibus

52 1318 156 1379 trcyra
167 1301 421 1378 Dyrrhachioque
436 1317 547 1375 aquam
562 1302 626 1361 suis
642 1302 843 1376 supportabat
857 1318 989 1378 nequeo

52 1386 180 1460 pposito
203 1385 410 1445 deterrebatur
430 1401 530 1460 neque
544 1392 612 1444 ante
628 1386 775 1460 proelium
790 1386 819 1445 in
833 1387 989 1451 Thessalia

52 1478 132 1530 ctum
155 1471 307 1544 cognitum
330 1477 382 1529 aut
402 1470 567 1544 ignominia
589 1470 769 1531 amissarmn
794 1472 915 1532 navium
939 1480 989 1534 aul

52 1555 263 1614 acessariarum
288 1571 389 1613 rerum
410 1555 514 1635 inopia
534 1570 574 1613 ex
592 1564 681 1629 portu
698 1554 859 1631 insulaque
879 1557 988 1632 expelli

52 1640 125 1699 ttuit.

103 1724 148 1783 cl.
192 1723 294 1782 lsdem
309 1723 373 1781 lere
386 1723 575 1798 temporibus
591 1721 714 1782 Cassius
730 1724 914 1784 cumulasse
930 1723 988 1803 Sy-

53 1824 122 1867 rum
138 1815 168 1867 et
180 1805 364 1867 Phoenicum
380 1814 409 1867 et
424 1806 547 1867 Cilicum
562 1807 592 1865 in
610 1806 743 1866 Siciliam
759 1808 854 1883 venit,
876 1813 906 1868 ct
920 1824 988 1870 curn

55 1900 103 1952 set
124 1892 265 1951 Caesaris
294 1892 403 1950 classis
431 1891 530 1951 divisa
550 1891 579 1950 in
601 1892 678 1952 duas
700 1896 818 1965 partes,
848 1892 989 1953 dimidiae

52 1977 96 2036 uti
117 1984 279 2051 praeesset
298 1975 330 2033 P.
354 1975 505 2049 Sulpicius
527 1983 650 2050 praetor
670 1976 790 2037 Vibone
811 1976 851 2036 ad
872 1977 988 2049 trettun,

52 2061 163 2120 midiae
177 2059 217 2119 llll.
233 2060 420 2133 Pomponius
441 2061 482 2118 ad
495 2059 684 2134 Messanam,
706 2061 793 2136 prius
810 2061 934 2122 Cassius
949 2064 989 2122 ad

52 2161 194 2204 essanam
215 2144 343 2203 navibus
365 2145 518 2204 advolavit
539 2162 630 2221 quam
650 2144 837 2221 Pomponius
859 2147 898 2206 de
923 2146 988 2207 eius

52 2230 153 2289 lventu
175 2235 384 2303 cognosceret,
397 2229 666 2305 perturbatumque
687 2245 756 2290 eum
777 2237 884 2293 nactus
899 2232 989 2291 nullis

52 2313 168 2373 istodiis
184 2328 282 2386 neque
298 2313 454 2372 ordinibus
471 2314 561 2374 certis
576 2329 685 2388 magno
699 2323 791 2374 vento
807 2323 838 2375 et
851 2316 988 2376 secundo

52 2399 188 2472 mpietas
204 2398 359 2458 onerarias
374 2413 468 2456 naves
485 2398 574 2458 taeda
585 2407 615 2459 et
625 2397 694 2475 pice
706 2407 735 2458 et
746 2407 837 2474 stupa
848 2400 988 2474 reliquis·

51 2498 79 2542 re
93 2482 197 2554 rebus,
216 2498 294 2555 quae
309 2489 380 2541 sunt
393 2482 432 2541 ad
446 2482 596 2557 incendia,
612 2483 642 2542 in
657 2482 895 2558 Pomponianam
911 2485 988 2544 elas·

53 2583 83 2625 m
97 2566 212 2625 inmisit
227 2575 318 2640 atque
333 2582 438 2626 omnes
455 2583 549 2627 naves
570 2567 705 2626 incendit
718 2585 819 2637 xxxv3
846 2584 863 2627 e
878 2567 988 2642 quibus

52 2659 103 2711 ant
116 2650 223 2725 viginti
239 2658 420 2710 constratae.
448 2652 623 2727 Tantusque
638 2666 674 2712 eo
691 2652 771 2713 lacto
787 2652 875 2712 timor
889 2651 987 2712 inces-

52 2755 64 2809 ,
80 2743 123 2809 ut,
139 2751 208 2793 cum
224 2742 306 2794 esset
320 2736 398 2810 legio
416 2737 569 2810 praesidio
585 2737 757 2811 Messanae,
775 2736 825 2796 vix
841 2735 988 2812 oppidum

52 2820 248 2894 tenderetur,
270 2828 300 2879 et
319 2819 377 2879 nisi
399 2837 436 2880 eo
458 2821 526 2894 ipso
549 2829 686 2895 tempore
702 2821 825 2894 quidam
839 2819 934 2880 nuntii
949 2820 988 2880 de

52 2904 158 2963 tesaris
173 2904 300 2964 victoria
314 2920 369 2978 per
384 2905 552 2978 dispositos
568 2906 686 2979 equites
702 2913 807 2965 essent
818 2905 915 2980 allati,
936 2919 989 2964 ex·
1071 2898 1074 2905 '

52 2988 192 3047 iurabant
213 2989 349 3061 plerique
364 2989 496 3048 futurum
513 2990 623 3063 luisse,
645 2988 688 3049 uti
704 2989 897 3048 amitteretur.
927 2988 989 3049 Sed

52 3071 278 3149 rportunissime
299 3073 410 3132 nuntiis
432 3074 539 3132 adlatis
561 3073 706 3148 oppidum
732 3074 787 3134 luit
812 3073 988 3142 defensum3

52 3158 207 3230 astusque
228 3156 268 3214 ad
290 3156 494 3231 Sulpicianam
515 3158 586 3216 inde
608 3158 739 3216 classem
760 3157 916 3232 proiectus
942 3166 989 3219 est

52 3242 176 3312 bonem,
189 3240 411 3315 adplicatisque
423 3242 537 3300 nostris
550 3242 589 3300 ad
601 3248 711 3300 terram
723 3241 851 3300 navibus
864 3247 989 3317 propter

52 3327 149 3386 ndem
170 3325 306 3386 timorem
328 3325 391 3399 pari
413 3333 504 3399 atque
518 3335 607 3385 antea
620 3324 738 3384 ratione
753 3327 920 3387 secundum
935 3343 987 3387 na·

52 3427 83 3473 us
104 3417 231 3469 ventum
253 3411 407 3469 onerarias
429 3425 524 3469 naves
550 3408 669 3469 circiter
685 3410 885 3485 quadraginta
898 3427 984 3487 prae-

725 3502 787 3559 Ὦ*
