<?xml version="1.0" encoding="UTF-8"?>
<!DOCTYPE html PUBLIC "-//W3C//DTD XHTML 1.0 Transitional//EN"
    "http://www.w3.org/TR/xhtml1/DTD/xhtml1-transitional.dtd">
<html xmlns="http://www.w3.org/1999/xhtml" xml:lang="en" lang="en">
 <head>
  <title>
</title>
<meta http-equiv="Content-Type" content="text/html;charset=utf-8" />
  <meta name='ocr-system' content='tesseract 3.04.00' />
  <meta name='ocr-capabilities' content='ocr_page ocr_carea ocr_par ocr_line ocrx_word'/>
</head>
<body>
  <div class='ocr_page' id='page_1' title='image "./commentarii00caesgoog_0582.png"; bbox 0 0 2272 4176; ppageno 0'>
   <div class='ocr_carea' id='block_1_1' title="bbox 273 176 1104 237">
    <p class='ocr_par' dir='ltr' id='par_1_1' title="bbox 273 176 1104 237">
     <span class='ocr_line' id='line_1_1' title="bbox 273 176 1104 237; baseline 0.002 -6"><span class='ocrx_word' id='word_1_1' title='bbox 273 190 316 231; x_wconf 78' lang='lat' dir='ltr'>nu</span> <span class='ocrx_word' id='word_1_2' title='bbox 338 189 441 232; x_wconf 75' lang='lat' dir='ltr'>acono</span> <span class='ocrx_word' id='word_1_3' title='bbox 464 190 665 233; x_wconf 78' lang='lat' dir='ltr'>rvovurumo</span> <span class='ocrx_word' id='word_1_4' title='bbox 684 191 712 233; x_wconf 87' lang='lat' dir='ltr'>c.</span> <span class='ocrx_word' id='word_1_5' title='bbox 729 182 789 237; x_wconf 78' lang='grc'><strong>111.</strong></span> <span class='ocrx_word' id='word_1_6' title='bbox 813 182 873 237; x_wconf 75' lang='lat'>11³·</span> <span class='ocrx_word' id='word_1_7' title='bbox 896 182 956 235; x_wconf 82' lang='grc'><strong>111.</strong></span> <span class='ocrx_word' id='word_1_8' title='bbox 1045 176 1104 234; x_wconf 85' lang='lat'>107</span> 
     </span>
    </p>
   </div>
   <div class='ocr_carea' id='block_1_2' title="bbox 91 336 1133 753">
    <p class='ocr_par' dir='ltr' id='par_1_2' title="bbox 97 336 1133 500">
     <span class='ocr_line' id='line_1_2' title="bbox 117 336 1133 407; baseline 0.009 -10"><span class='ocrx_word' id='word_1_9' title='bbox 117 341 238 397; x_wconf 88' lang='lat' dir='ltr'>ventam</span> <span class='ocrx_word' id='word_1_10' title='bbox 257 336 366 397; x_wconf 82' lang='lat' dir='ltr'>frustra</span> <span class='ocrx_word' id='word_1_11' title='bbox 391 337 494 399; x_wconf 87' lang='lat' dir='ltr'>luisse:</span> <span class='ocrx_word' id='word_1_12' title='bbox 517 345 647 399; x_wconf 88' lang='lat' dir='ltr'>ceterum</span> <span class='ocrx_word' id='word_1_13' title='bbox 669 337 804 399; x_wconf 91' lang='lat' dir='ltr'>Bocchus</span> <span class='ocrx_word' id='word_1_14' title='bbox 824 340 850 397; x_wconf 87' lang='lat' dir='ltr'>si</span> <span class='ocrx_word' id='word_1_15' title='bbox 871 338 1014 401; x_wconf 89' lang='lat' dir='ltr'>ambobus</span> <span class='ocrx_word' id='word_1_16' title='bbox 1036 356 1133 407; x_wconf 80' lang='lat' dir='ltr'>con-3</span> 
     </span>
     <span class='ocr_line' id='line_1_3' title="bbox 97 419 1103 500; baseline 0.005 -20"><span class='ocrx_word' id='word_1_17' title='bbox 97 419 230 481; x_wconf 70' lang='lat' dir='ltr'>cultum</span> <span class='ocrx_word' id='word_1_18' title='bbox 252 426 281 481; x_wconf 93' lang='lat' dir='ltr'>et</span> <span class='ocrx_word' id='word_1_19' title='bbox 302 427 395 481; x_wconf 91' lang='lat' dir='ltr'>ratam</span> <span class='ocrx_word' id='word_1_20' title='bbox 422 438 527 499; x_wconf 91' lang='lat' dir='ltr'>pacem</span> <span class='ocrx_word' id='word_1_21' title='bbox 548 421 647 490; x_wconf 90' lang='lat' dir='ltr'>vellet,</span> <span class='ocrx_word' id='word_1_22' title='bbox 677 423 760 483; x_wconf 89' lang='lat' dir='ltr'>daret</span> <span class='ocrx_word' id='word_1_23' title='bbox 786 439 907 500; x_wconf 81' lang='lat' dir='ltr'>operam</span> <span class='ocrx_word' id='word_1_24' title='bbox 929 432 961 482; x_wconf 92' lang='lat' dir='ltr'>ut</span> <span class='ocrx_word' id='word_1_25' title='bbox 987 442 1045 485; x_wconf 89' lang='lat' dir='ltr'>una</span> <span class='ocrx_word' id='word_1_26' title='bbox 1066 425 1103 485; x_wconf 92' lang='lat' dir='ltr'>ab</span> 
     </span>
    </p>

    <p class='ocr_par' dir='ltr' id='par_1_3' title="bbox 91 503 1105 753">
     <span class='ocr_line' id='line_1_4' title="bbox 118 503 1105 585; baseline 0.005 -22"><span class='ocrx_word' id='word_1_27' title='bbox 118 503 256 564; x_wconf 90' lang='lat' dir='ltr'>omnibus</span> <span class='ocrx_word' id='word_1_28' title='bbox 274 506 356 581; x_wconf 90' lang='lat' dir='ltr'>quasi</span> <span class='ocrx_word' id='word_1_29' title='bbox 371 505 407 565; x_wconf 92' lang='lat' dir='ltr'>de</span> <span class='ocrx_word' id='word_1_30' title='bbox 423 523 496 583; x_wconf 89' lang='lat' dir='ltr'>pace</span> <span class='ocrx_word' id='word_1_31' title='bbox 513 509 542 566; x_wconf 90' lang='lat' dir='ltr'>in</span> <span class='ocrx_word' id='word_1_32' title='bbox 559 505 746 583; x_wconf 87' lang='lat' dir='ltr'>conloquium</span> <span class='ocrx_word' id='word_1_33' title='bbox 761 506 918 575; x_wconf 89' lang='lat' dir='ltr'>veniretur,</span> <span class='ocrx_word' id='word_1_34' title='bbox 936 506 1035 585; x_wconf 81' lang='lat' dir='ltr'>ibique</span> <span class='ocrx_word' id='word_1_35' title='bbox 1049 508 1105 568; x_wconf 85' lang='lat' dir='ltr'>sibi</span> 
     </span>
     <span class='ocr_line' id='line_1_5' title="bbox 114 586 1102 666; baseline 0.004 -19"><span class='ocrx_word' id='word_1_36' title='bbox 114 586 228 647; x_wconf 81' lang='lat' dir='ltr'><strong>Sullam</strong></span> <span class='ocrx_word' id='word_1_37' title='bbox 239 588 384 648; x_wconf 90' lang='lat' dir='ltr'>traderet:</span> <span class='ocrx_word' id='word_1_38' title='bbox 406 607 473 649; x_wconf 92' lang='lat' dir='ltr'>cum</span> <span class='ocrx_word' id='word_1_39' title='bbox 486 590 574 650; x_wconf 90' lang='lat' dir='ltr'>talem</span> <span class='ocrx_word' id='word_1_40' title='bbox 590 590 684 649; x_wconf 92' lang='lat' dir='ltr'>virum</span> <span class='ocrx_word' id='word_1_41' title='bbox 702 591 733 649; x_wconf 90' lang='lat' dir='ltr'>in</span> <span class='ocrx_word' id='word_1_42' title='bbox 749 595 923 666; x_wconf 90' lang='lat' dir='ltr'>potestatem</span> <span class='ocrx_word' id='word_1_43' title='bbox 943 590 1102 659; x_wconf 78' lang='lat' dir='ltr'>habuisset,</span> 
     </span>
     <span class='ocr_line' id='line_1_6' title="bbox 91 669 1103 753; baseline 0.008 -26"><span class='ocrx_word' id='word_1_44' title='bbox 91 677 180 731; x_wconf 81' lang='lat' dir='ltr'>atum</span> <span class='ocrx_word' id='word_1_45' title='bbox 208 669 273 732; x_wconf 86' lang='lat' dir='ltr'>iore</span> <span class='ocrx_word' id='word_1_46' title='bbox 295 672 337 731; x_wconf 91' lang='lat' dir='ltr'>uti</span> <span class='ocrx_word' id='word_1_47' title='bbox 356 673 437 733; x_wconf 90' lang='lat' dir='ltr'>iussu</span> <span class='ocrx_word' id='word_1_48' title='bbox 460 671 592 752; x_wconf 86' lang='lat' dir='ltr'>[senatus</span> <span class='ocrx_word' id='word_1_49' title='bbox 613 671 677 752; x_wconf 91' lang='lat' dir='ltr'>aut]</span> <span class='ocrx_word' id='word_1_50' title='bbox 700 671 801 752; x_wconf 92' lang='lat' dir='ltr'>populi</span> <span class='ocrx_word' id='word_1_51' title='bbox 823 671 975 753; x_wconf 82' lang='lat' dir='ltr'>[Romani]</span> <span class='ocrx_word' id='word_1_52' title='bbox 999 674 1103 736; x_wconf 82' lang='lat' dir='ltr'>foedus</span> 
     </span>
    </p>
   </div>
   <div class='ocr_carea' id='block_1_3' title="bbox 68 754 1136 3511">
    <p class='ocr_par' dir='ltr' id='par_1_4' title="bbox 68 754 1136 3511">
     <span class='ocr_line' id='line_1_7' title="bbox 112 754 1102 833; baseline 0.006 -20"><span class='ocrx_word' id='word_1_53' title='bbox 112 754 214 814; x_wconf 85' lang='lat' dir='ltr'>tieret:</span> <span class='ocrx_word' id='word_1_54' title='bbox 230 771 328 833; x_wconf 89' lang='lat' dir='ltr'>neque</span> <span class='ocrx_word' id='word_1_55' title='bbox 342 755 490 816; x_wconf 92' lang='lat' dir='ltr'>bominem</span> <span class='ocrx_word' id='word_1_56' title='bbox 505 755 643 825; x_wconf 90' lang='lat' dir='ltr'>nobilem,</span> <span class='ocrx_word' id='word_1_57' title='bbox 655 774 716 817; x_wconf 94' lang='lat' dir='ltr'>non</span> <span class='ocrx_word' id='word_1_58' title='bbox 732 775 784 816; x_wconf 90' lang='lat' dir='ltr'>sua</span> <span class='ocrx_word' id='word_1_59' title='bbox 800 757 912 831; x_wconf 85' lang='lat' dir='ltr'>ignavia</span> <span class='ocrx_word' id='word_1_60' title='bbox 928 764 971 818; x_wconf 91' lang='lat' dir='ltr'>set</span> <span class='ocrx_word' id='word_1_61' title='bbox 987 758 1102 819; x_wconf 89' lang='lat' dir='ltr'>obrem</span> 
     </span>
     <span class='ocr_line' id='line_1_8' title="bbox 112 837 868 918; baseline 0.003 -21"><span class='ocrx_word' id='word_1_62' title='bbox 112 837 262 915; x_wconf 78' lang='lat' dir='ltr'>publicam</span> <span class='ocrx_word' id='word_1_63' title='bbox 284 838 314 897; x_wconf 94' lang='lat' dir='ltr'>in</span> <span class='ocrx_word' id='word_1_64' title='bbox 335 838 463 899; x_wconf 91' lang='lat' dir='ltr'>bostium</span> <span class='ocrx_word' id='word_1_65' title='bbox 484 847 641 918; x_wconf 80' lang='lat' dir='ltr'>potestate,</span> <span class='ocrx_word' id='word_1_66' title='bbox 664 841 802 900; x_wconf 89' lang='lat' dir='ltr'>relictum</span> <span class='ocrx_word' id='word_1_67' title='bbox 824 842 868 900; x_wconf 90' lang='lat' dir='ltr'>iri.</span> 
     </span>
     <span class='ocr_line' id='line_1_9' title="bbox 197 920 1127 1002; baseline 0.006 -21"><span class='ocrx_word' id='word_1_68' title='bbox 197 921 276 982; x_wconf 86' lang='lat' dir='ltr'>llaec</span> <span class='ocrx_word' id='word_1_69' title='bbox 288 920 407 982; x_wconf 88' lang='lat' dir='ltr'>Maurus</span> <span class='ocrx_word' id='word_1_70' title='bbox 419 941 519 983; x_wconf 91' lang='lat' dir='ltr'>secum</span> <span class='ocrx_word' id='word_1_71' title='bbox 530 926 591 1001; x_wconf 91' lang='lat' dir='ltr'>ipse</span> <span class='ocrx_word' id='word_1_72' title='bbox 607 924 657 984; x_wconf 92' lang='lat' dir='ltr'>diu</span> <span class='ocrx_word' id='word_1_73' title='bbox 673 924 790 984; x_wconf 93' lang='lat' dir='ltr'>volvens</span> <span class='ocrx_word' id='word_1_74' title='bbox 805 923 923 984; x_wconf 88' lang='lat' dir='ltr'>tandem</span> <span class='ocrx_word' id='word_1_75' title='bbox 934 926 1083 1002; x_wconf 86' lang='lat' dir='ltr'>promisit:</span> <span class='ocrx_word' id='word_1_76' title='bbox 1094 928 1127 987; x_wconf 91' lang='lat' dir='ltr'>tl</span> 
     </span>
     <span class='ocr_line' id='line_1_10' title="bbox 112 1004 1102 1085; baseline 0.004 -20"><span class='ocrx_word' id='word_1_77' title='bbox 112 1012 248 1067; x_wconf 81' lang='lat' dir='ltr'>cetarum</span> <span class='ocrx_word' id='word_1_78' title='bbox 266 1004 333 1065; x_wconf 95' lang='lat' dir='ltr'>dolo</span> <span class='ocrx_word' id='word_1_79' title='bbox 355 1023 392 1066; x_wconf 90' lang='lat' dir='ltr'>an</span> <span class='ocrx_word' id='word_1_80' title='bbox 408 1024 477 1067; x_wconf 93' lang='lat' dir='ltr'>vere</span> <span class='ocrx_word' id='word_1_81' title='bbox 497 1013 658 1075; x_wconf 90' lang='lat' dir='ltr'>cunctatus,</span> <span class='ocrx_word' id='word_1_82' title='bbox 682 1025 787 1085; x_wconf 88' lang='lat' dir='ltr'>parum</span> <span class='ocrx_word' id='word_1_83' title='bbox 809 1010 1006 1085; x_wconf 81' lang='lat' dir='ltr'>conperimus.</span> <span class='ocrx_word' id='word_1_84' title='bbox 1051 1010 1102 1071; x_wconf 87' lang='lat' dir='ltr'>Set</span> 
     </span>
     <span class='ocr_line' id='line_1_11' title="bbox 75 1088 1098 1167; baseline 0.006 -19"><span class='ocrx_word' id='word_1_85' title='bbox 75 1088 288 1167; x_wconf 67' lang='lat' dir='ltr'>optatumque</span> <span class='ocrx_word' id='word_1_86' title='bbox 307 1091 406 1165; x_wconf 84' lang='lat' dir='ltr'>regiae</span> <span class='ocrx_word' id='word_1_87' title='bbox 428 1090 598 1159; x_wconf 91' lang='lat' dir='ltr'>voluntates,</span> <span class='ocrx_word' id='word_1_88' title='bbox 618 1098 652 1151; x_wconf 90' lang='lat' dir='ltr'>ut</span> <span class='ocrx_word' id='word_1_89' title='bbox 671 1090 873 1159; x_wconf 90' lang='lat' dir='ltr'>vehementes,</span> <span class='ocrx_word' id='word_1_90' title='bbox 903 1093 945 1152; x_wconf 90' lang='lat' dir='ltr'>sic</span> <span class='ocrx_word' id='word_1_91' title='bbox 967 1092 1098 1163; x_wconf 86' lang='lat' dir='ltr'>mobiles,</span> 
     </span>
     <span class='ocr_line' id='line_1_12' title="bbox 111 1173 1128 1251; baseline 0.004 -18"><span class='ocrx_word' id='word_1_92' title='bbox 111 1190 202 1250; x_wconf 88' lang='lat' dir='ltr'>saepe</span> <span class='ocrx_word' id='word_1_93' title='bbox 223 1173 302 1249; x_wconf 86' lang='lat' dir='ltr'>ipsae</span> <span class='ocrx_word' id='word_1_94' title='bbox 324 1173 379 1233; x_wconf 93' lang='lat' dir='ltr'>sibi</span> <span class='ocrx_word' id='word_1_95' title='bbox 401 1173 549 1234; x_wconf 86' lang='lat' dir='ltr'>advorsae.</span> <span class='ocrx_word' id='word_1_96' title='bbox 587 1173 692 1234; x_wconf 92' lang='lat' dir='ltr'>Postea</span> <span class='ocrx_word' id='word_1_97' title='bbox 707 1182 840 1251; x_wconf 90' lang='lat' dir='ltr'>temporo</span> <span class='ocrx_word' id='word_1_98' title='bbox 863 1182 892 1235; x_wconf 92' lang='lat' dir='ltr'>et</span> <span class='ocrx_word' id='word_1_99' title='bbox 911 1174 977 1235; x_wconf 95' lang='lat' dir='ltr'>loco</span> <span class='ocrx_word' id='word_1_100' title='bbox 994 1180 1128 1243; x_wconf 79' lang='lat' dir='ltr'>consti-2</span> 
     </span>
     <span class='ocr_line' id='line_1_13' title="bbox 109 1255 1102 1335; baseline 0.007 -20"><span class='ocrx_word' id='word_1_101' title='bbox 109 1262 192 1324; x_wconf 91' lang='lat' dir='ltr'>tuto,</span> <span class='ocrx_word' id='word_1_102' title='bbox 216 1258 247 1315; x_wconf 91' lang='lat' dir='ltr'>in</span> <span class='ocrx_word' id='word_1_103' title='bbox 268 1255 455 1335; x_wconf 84' lang='lat' dir='ltr'>conloquium</span> <span class='ocrx_word' id='word_1_104' title='bbox 477 1259 520 1318; x_wconf 89' lang='lat' dir='ltr'>uti</span> <span class='ocrx_word' id='word_1_105' title='bbox 541 1259 576 1320; x_wconf 90' lang='lat' dir='ltr'>de</span> <span class='ocrx_word' id='word_1_106' title='bbox 598 1276 672 1335; x_wconf 90' lang='lat' dir='ltr'>pace</span> <span class='ocrx_word' id='word_1_107' title='bbox 696 1260 854 1326; x_wconf 85' lang='lat' dir='ltr'>veniretur,</span> <span class='ocrx_word' id='word_1_108' title='bbox 878 1258 1014 1321; x_wconf 91' lang='lat' dir='ltr'>Bocchus</span> <span class='ocrx_word' id='word_1_109' title='bbox 1037 1260 1102 1322; x_wconf 91' lang='lat' dir='ltr'>Sul·</span> 
     </span>
     <span class='ocr_line' id='line_1_14' title="bbox 110 1339 1101 1419; baseline 0.007 -21"><span class='ocrx_word' id='word_1_110' title='bbox 110 1339 172 1399; x_wconf 84' lang='lat' dir='ltr'>lam</span> <span class='ocrx_word' id='word_1_111' title='bbox 188 1339 286 1408; x_wconf 83' lang='lat' dir='ltr'>niodo,</span> <span class='ocrx_word' id='word_1_112' title='bbox 304 1341 392 1401; x_wconf 92' lang='lat' dir='ltr'>modo</span> <span class='ocrx_word' id='word_1_113' title='bbox 409 1340 568 1418; x_wconf 80' lang='lat' dir='ltr'>Iugurthae</span> <span class='ocrx_word' id='word_1_114' title='bbox 587 1342 715 1418; x_wconf 84' lang='lat' dir='ltr'>legatum</span> <span class='ocrx_word' id='word_1_115' title='bbox 730 1341 886 1419; x_wconf 89' lang='lat' dir='ltr'>adpellare,</span> <span class='ocrx_word' id='word_1_116' title='bbox 905 1341 1033 1419; x_wconf 80' lang='lat' dir='ltr'>benigne</span> <span class='ocrx_word' id='word_1_117' title='bbox 1050 1344 1101 1405; x_wconf 92' lang='lat' dir='ltr'>ba-</span> 
     </span>
     <span class='ocr_line' id='line_1_15' title="bbox 110 1422 1102 1504; baseline 0.005 -21"><span class='ocrx_word' id='word_1_118' title='bbox 110 1422 195 1491; x_wconf 86' lang='lat' dir='ltr'>bere,</span> <span class='ocrx_word' id='word_1_119' title='bbox 218 1423 295 1484; x_wconf 89' lang='lat' dir='ltr'>idem</span> <span class='ocrx_word' id='word_1_120' title='bbox 316 1423 460 1484; x_wconf 90' lang='lat' dir='ltr'>ambobus</span> <span class='ocrx_word' id='word_1_121' title='bbox 477 1424 618 1502; x_wconf 88' lang='lat' dir='ltr'>polliceri.</span> <span class='ocrx_word' id='word_1_122' title='bbox 642 1424 685 1485; x_wconf 95' lang='lat' dir='ltr'>llli</span> <span class='ocrx_word' id='word_1_123' title='bbox 705 1427 815 1502; x_wconf 89' lang='lat' dir='ltr'>pariter</span> <span class='ocrx_word' id='word_1_124' title='bbox 834 1425 901 1485; x_wconf 90' lang='lat' dir='ltr'>laeti</span> <span class='ocrx_word' id='word_1_125' title='bbox 922 1443 956 1486; x_wconf 91' lang='lat' dir='ltr'>ac</span> <span class='ocrx_word' id='word_1_126' title='bbox 972 1430 1034 1504; x_wconf 90' lang='lat' dir='ltr'>spei</span> <span class='ocrx_word' id='word_1_127' title='bbox 1048 1427 1102 1488; x_wconf 95' lang='lat' dir='ltr'>bo-</span> 
     </span>
     <span class='ocr_line' id='line_1_16' title="bbox 72 1506 1136 1587; baseline 0.01 -26"><span class='ocrx_word' id='word_1_128' title='bbox 72 1520 100 1561; x_wconf 79' lang='lat' dir='ltr'>ta</span> <span class='ocrx_word' id='word_1_129' title='bbox 111 1523 169 1566; x_wconf 91' lang='lat' dir='ltr'>nae</span> <span class='ocrx_word' id='word_1_130' title='bbox 182 1506 261 1583; x_wconf 88' lang='lat' dir='ltr'>pleni</span> <span class='ocrx_word' id='word_1_131' title='bbox 276 1525 350 1569; x_wconf 88' lang='lat' dir='ltr'>esse.</span> <span class='ocrx_word' id='word_1_132' title='bbox 388 1507 438 1569; x_wconf 89' lang='lat' dir='ltr'>Set</span> <span class='ocrx_word' id='word_1_133' title='bbox 452 1516 539 1570; x_wconf 90' lang='lat' dir='ltr'>nocte</span> <span class='ocrx_word' id='word_1_134' title='bbox 557 1528 606 1578; x_wconf 92' lang='lat' dir='ltr'>ea,</span> <span class='ocrx_word' id='word_1_135' title='bbox 623 1527 697 1587; x_wconf 88' lang='lat' dir='ltr'>quae</span> <span class='ocrx_word' id='word_1_136' title='bbox 712 1526 855 1586; x_wconf 85' lang='lat' dir='ltr'>proxuma</span> <span class='ocrx_word' id='word_1_137' title='bbox 871 1508 926 1567; x_wconf 83' lang='lat' dir='ltr'>fuit</span> <span class='ocrx_word' id='word_1_138' title='bbox 942 1516 1009 1570; x_wconf 90' lang='lat' dir='ltr'>ante</span> <span class='ocrx_word' id='word_1_139' title='bbox 1025 1512 1103 1572; x_wconf 91' lang='lat' dir='ltr'>diem</span> <span class='ocrx_word' id='word_1_140' title='bbox 1121 1530 1136 1554; x_wconf 44' lang='lat'>⁶1</span> 
     </span>
     <span class='ocr_line' id='line_1_17' title="bbox 111 1588 1102 1671; baseline 0.005 -22"><span class='ocrx_word' id='word_1_141' title='bbox 111 1588 269 1671; x_wconf 81' lang='lat' dir='ltr'>conloquio</span> <span class='ocrx_word' id='word_1_142' title='bbox 287 1592 453 1661; x_wconf 89' lang='lat' dir='ltr'>decretum,</span> <span class='ocrx_word' id='word_1_143' title='bbox 470 1592 589 1653; x_wconf 88' lang='lat' dir='ltr'>blaurus</span> <span class='ocrx_word' id='word_1_144' title='bbox 605 1592 740 1653; x_wconf 89' lang='lat' dir='ltr'>adhibitis</span> <span class='ocrx_word' id='word_1_145' title='bbox 759 1593 859 1651; x_wconf 87' lang='lat' dir='ltr'>amicis</span> <span class='ocrx_word' id='word_1_146' title='bbox 884 1609 918 1651; x_wconf 92' lang='lat' dir='ltr'>ao</span> <span class='ocrx_word' id='word_1_147' title='bbox 938 1595 1035 1653; x_wconf 92' lang='lat' dir='ltr'>statim</span> <span class='ocrx_word' id='word_1_148' title='bbox 1057 1596 1102 1654; x_wconf 93' lang='lat' dir='ltr'>in-</span> 
     </span>
     <span class='ocr_line' id='line_1_18' title="bbox 110 1675 1103 1757; baseline 0.004 -23"><span class='ocrx_word' id='word_1_149' title='bbox 110 1681 222 1735; x_wconf 89' lang='lat' dir='ltr'>mutata</span> <span class='ocrx_word' id='word_1_150' title='bbox 245 1675 390 1737; x_wconf 91' lang='lat' dir='ltr'>voluntate</span> <span class='ocrx_word' id='word_1_151' title='bbox 405 1679 525 1736; x_wconf 91' lang='lat' dir='ltr'>remotis</span> <span class='ocrx_word' id='word_1_152' title='bbox 547 1675 681 1757; x_wconf 88' lang='lat' dir='ltr'>[ceteris]</span> <span class='ocrx_word' id='word_1_153' title='bbox 705 1676 810 1736; x_wconf 90' lang='lat' dir='ltr'>dicitur</span> <span class='ocrx_word' id='word_1_154' title='bbox 829 1693 929 1736; x_wconf 93' lang='lat' dir='ltr'>secum</span> <span class='ocrx_word' id='word_1_155' title='bbox 952 1677 1014 1753; x_wconf 89' lang='lat' dir='ltr'>ipse</span> <span class='ocrx_word' id='word_1_156' title='bbox 1028 1677 1103 1738; x_wconf 91' lang='lat' dir='ltr'>mul·</span> 
     </span>
     <span class='ocr_line' id='line_1_19' title="bbox 108 1759 1102 1839; baseline 0.006 -22"><span class='ocrx_word' id='word_1_157' title='bbox 108 1767 175 1819; x_wconf 90' lang='lat' dir='ltr'>tum</span> <span class='ocrx_word' id='word_1_158' title='bbox 202 1760 369 1837; x_wconf 83' lang='lat' dir='ltr'>agitavisse,</span> <span class='ocrx_word' id='word_1_159' title='bbox 389 1778 514 1837; x_wconf 91' lang='lat' dir='ltr'>corpore</span> <span class='ocrx_word' id='word_1_160' title='bbox 532 1762 644 1838; x_wconf 86' lang='lat' dir='ltr'>pariter</span> <span class='ocrx_word' id='word_1_161' title='bbox 666 1768 753 1839; x_wconf 90' lang='lat' dir='ltr'>atquc</span> <span class='ocrx_word' id='word_1_162' title='bbox 776 1760 872 1818; x_wconf 89' lang='lat' dir='ltr'>animo</span> <span class='ocrx_word' id='word_1_163' title='bbox 891 1761 988 1819; x_wconf 89' lang='lat' dir='ltr'>varius</span> <span class='ocrx_word' id='word_1_164' title='bbox 1013 1759 1102 1839; x_wconf 87' lang='lat' dir='ltr'>[quae</span> 
     </span>
     <span class='ocr_line' id='line_1_20' title="bbox 109 1842 1127 1924; baseline 0.004 -23"><span class='ocrx_word' id='word_1_165' title='bbox 109 1842 223 1903; x_wconf 80' lang='lat' dir='ltr'>scilicet</span> <span class='ocrx_word' id='word_1_166' title='bbox 243 1850 357 1904; x_wconf 90' lang='lat' dir='ltr'>tacente</span> <span class='ocrx_word' id='word_1_167' title='bbox 378 1846 441 1921; x_wconf 93' lang='lat' dir='ltr'>ipso</span> <span class='ocrx_word' id='word_1_168' title='bbox 463 1844 577 1906; x_wconf 90' lang='lat' dir='ltr'>occulta</span> <span class='ocrx_word' id='word_1_169' title='bbox 595 1846 724 1924; x_wconf 84' lang='lat' dir='ltr'>pectoris</span> <span class='ocrx_word' id='word_1_170' title='bbox 743 1842 940 1922; x_wconf 68' lang='lat' dir='ltr'>patefecisse}</span> <span class='ocrx_word' id='word_1_171' title='bbox 989 1844 1127 1912; x_wconf 74' lang='lat' dir='ltr'>Tamenc</span> 
     </span>
     <span class='ocr_line' id='line_1_21' title="bbox 69 1926 1103 2004; baseline 0.001 -16"><span class='ocrx_word' id='word_1_172' title='bbox 69 1932 261 2004; x_wconf 74' lang='lat' dir='ltr'>aopostremo</span> <span class='ocrx_word' id='word_1_173' title='bbox 276 1927 386 1987; x_wconf 90' lang='lat' dir='ltr'>Sullam</span> <span class='ocrx_word' id='word_1_174' title='bbox 405 1929 515 1989; x_wconf 86' lang='lat' dir='ltr'>accersi</span> <span class='ocrx_word' id='word_1_175' title='bbox 533 1928 614 1989; x_wconf 91' lang='lat' dir='ltr'>iubet</span> <span class='ocrx_word' id='word_1_176' title='bbox 635 1936 664 1989; x_wconf 94' lang='lat' dir='ltr'>et</span> <span class='ocrx_word' id='word_1_177' title='bbox 686 1946 721 1988; x_wconf 86' lang='lat' dir='ltr'>ex</span> <span class='ocrx_word' id='word_1_178' title='bbox 743 1926 819 1987; x_wconf 90' lang='lat' dir='ltr'>illius</span> <span class='ocrx_word' id='word_1_179' title='bbox 842 1928 985 1988; x_wconf 90' lang='lat' dir='ltr'>sententia</span> <span class='ocrx_word' id='word_1_180' title='bbox 1002 1927 1103 1989; x_wconf 86' lang='lat' dir='ltr'>Numi·</span> 
     </span>
     <span class='ocr_line' id='line_1_22' title="bbox 108 2010 1127 2081; baseline -0.002 -10"><span class='ocrx_word' id='word_1_181' title='bbox 108 2010 165 2071; x_wconf 83' lang='lat' dir='ltr'>dae</span> <span class='ocrx_word' id='word_1_182' title='bbox 187 2010 305 2071; x_wconf 91' lang='lat' dir='ltr'>insidias</span> <span class='ocrx_word' id='word_1_183' title='bbox 322 2012 422 2071; x_wconf 84' lang='lat' dir='ltr'>tendit.</span> <span class='ocrx_word' id='word_1_184' title='bbox 467 2012 591 2081; x_wconf 84' lang='lat' dir='ltr'>Deinde,</span> <span class='ocrx_word' id='word_1_185' title='bbox 614 2013 665 2073; x_wconf 92' lang='lat' dir='ltr'>ubi</span> <span class='ocrx_word' id='word_1_186' title='bbox 688 2013 749 2072; x_wconf 89' lang='lat' dir='ltr'>dies</span> <span class='ocrx_word' id='word_1_187' title='bbox 764 2010 880 2071; x_wconf 90' lang='lat' dir='ltr'>advenit</span> <span class='ocrx_word' id='word_1_188' title='bbox 900 2017 928 2071; x_wconf 93' lang='lat' dir='ltr'>et</span> <span class='ocrx_word' id='word_1_189' title='bbox 944 2012 971 2070; x_wconf 89' lang='lat' dir='ltr'>ei</span> <span class='ocrx_word' id='word_1_190' title='bbox 985 2013 1127 2079; x_wconf 82' lang='lat' dir='ltr'>nuntia-5</span> 
     </span>
     <span class='ocr_line' id='line_1_23' title="bbox 85 2094 1109 2174; baseline 0.001 -21"><span class='ocrx_word' id='word_1_191' title='bbox 85 2102 174 2167; x_wconf 58' lang='lat' dir='ltr'>„tum</span> <span class='ocrx_word' id='word_1_192' title='bbox 186 2100 230 2154; x_wconf 91' lang='lat' dir='ltr'>est</span> <span class='ocrx_word' id='word_1_193' title='bbox 239 2094 411 2170; x_wconf 82' lang='lat' dir='ltr'>Iugurtham</span> <span class='ocrx_word' id='word_1_194' title='bbox 421 2095 492 2156; x_wconf 90' lang='lat' dir='ltr'>baut</span> <span class='ocrx_word' id='word_1_195' title='bbox 506 2095 610 2174; x_wconf 93' lang='lat' dir='ltr'>procul</span> <span class='ocrx_word' id='word_1_196' title='bbox 626 2097 744 2164; x_wconf 90' lang='lat' dir='ltr'>abesse,</span> <span class='ocrx_word' id='word_1_197' title='bbox 762 2113 828 2159; x_wconf 89' lang='lat' dir='ltr'>cum</span> <span class='ocrx_word' id='word_1_198' title='bbox 840 2097 941 2174; x_wconf 90' lang='lat' dir='ltr'>paucis</span> <span class='ocrx_word' id='word_1_199' title='bbox 956 2097 1056 2155; x_wconf 91' lang='lat' dir='ltr'>amicis</span> <span class='ocrx_word' id='word_1_200' title='bbox 1073 2102 1109 2155; x_wconf 83' lang='lat' dir='ltr'>et²</span> 
     </span>
     <span class='ocr_line' id='line_1_24' title="bbox 108 2180 1099 2257; baseline -0.001 -18"><span class='ocrx_word' id='word_1_201' title='bbox 108 2186 267 2257; x_wconf 87' lang='lat' dir='ltr'>quaestore</span> <span class='ocrx_word' id='word_1_202' title='bbox 289 2186 389 2239; x_wconf 90' lang='lat' dir='ltr'>nostro</span> <span class='ocrx_word' id='word_1_203' title='bbox 412 2183 495 2257; x_wconf 88' lang='lat' dir='ltr'>quasi</span> <span class='ocrx_word' id='word_1_204' title='bbox 518 2180 620 2240; x_wconf 94' lang='lat' dir='ltr'>obvius</span> <span class='ocrx_word' id='word_1_205' title='bbox 642 2180 762 2240; x_wconf 91' lang='lat' dir='ltr'>honoris</span> <span class='ocrx_word' id='word_1_206' title='bbox 785 2196 888 2239; x_wconf 87' lang='lat' dir='ltr'>caussa</span> <span class='ocrx_word' id='word_1_207' title='bbox 911 2180 1044 2255; x_wconf 87' lang='lat' dir='ltr'>procedit</span> <span class='ocrx_word' id='word_1_208' title='bbox 1068 2180 1099 2238; x_wconf 94' lang='lat' dir='ltr'>in</span> 
     </span>
     <span class='ocr_line' id='line_1_25' title="bbox 107 2259 1128 2331; baseline 0.004 -11"><span class='ocrx_word' id='word_1_209' title='bbox 107 2261 257 2323; x_wconf 89' lang='lat' dir='ltr'>tumulum</span> <span class='ocrx_word' id='word_1_210' title='bbox 279 2260 460 2323; x_wconf 83' lang='lat' dir='ltr'>facillumum</span> <span class='ocrx_word' id='word_1_211' title='bbox 487 2259 550 2325; x_wconf 86' lang='lat' dir='ltr'>visu</span> <span class='ocrx_word' id='word_1_212' title='bbox 577 2264 788 2326; x_wconf 90' lang='lat' dir='ltr'>insidiantibus.</span> <span class='ocrx_word' id='word_1_213' title='bbox 838 2262 950 2322; x_wconf 86' lang='lat' dir='ltr'>Eodem</span> <span class='ocrx_word' id='word_1_214' title='bbox 977 2261 1128 2331; x_wconf 79' lang='lat' dir='ltr'>Numidae</span> 
     </span>
     <span class='ocr_line' id='line_1_26' title="bbox 68 2345 1102 2423; baseline 0.002 -18"><span class='ocrx_word' id='word_1_215' title='bbox 68 2362 98 2403; x_wconf 76' lang='lat'>25</span> <span class='ocrx_word' id='word_1_216' title='bbox 109 2364 179 2406; x_wconf 90' lang='lat' dir='ltr'>cum</span> <span class='ocrx_word' id='word_1_217' title='bbox 190 2345 339 2423; x_wconf 88' lang='lat' dir='ltr'>plerisque</span> <span class='ocrx_word' id='word_1_218' title='bbox 354 2350 526 2408; x_wconf 88' lang='lat' dir='ltr'>necessariis</span> <span class='ocrx_word' id='word_1_219' title='bbox 542 2351 602 2408; x_wconf 93' lang='lat' dir='ltr'>suis</span> <span class='ocrx_word' id='word_1_220' title='bbox 616 2349 744 2416; x_wconf 89' lang='lat' dir='ltr'>inermis,</span> <span class='ocrx_word' id='word_1_221' title='bbox 764 2348 807 2407; x_wconf 92' lang='lat' dir='ltr'>uti</span> <span class='ocrx_word' id='word_1_222' title='bbox 830 2346 939 2406; x_wconf 90' lang='lat' dir='ltr'>dictum</span> <span class='ocrx_word' id='word_1_223' title='bbox 960 2353 1031 2413; x_wconf 88' lang='lat' dir='ltr'>erat,</span> <span class='ocrx_word' id='word_1_224' title='bbox 1051 2347 1102 2407; x_wconf 95' lang='lat' dir='ltr'>ad·</span> 
     </span>
     <span class='ocr_line' id='line_1_27' title="bbox 109 2429 1102 2511; baseline 0.002 -22"><span class='ocrx_word' id='word_1_225' title='bbox 109 2429 189 2490; x_wconf 88' lang='lat' dir='ltr'>cedit</span> <span class='ocrx_word' id='word_1_226' title='bbox 211 2448 245 2489; x_wconf 89' lang='lat' dir='ltr'>ac</span> <span class='ocrx_word' id='word_1_227' title='bbox 262 2431 359 2490; x_wconf 84' lang='lat' dir='ltr'>statim</span> <span class='ocrx_word' id='word_1_228' title='bbox 381 2433 463 2506; x_wconf 84' lang='lat' dir='ltr'>signo</span> <span class='ocrx_word' id='word_1_229' title='bbox 488 2433 554 2492; x_wconf 91' lang='lat' dir='ltr'>dato</span> <span class='ocrx_word' id='word_1_230' title='bbox 577 2433 705 2511; x_wconf 91' lang='lat' dir='ltr'>undique</span> <span class='ocrx_word' id='word_1_231' title='bbox 726 2429 812 2491; x_wconf 92' lang='lat' dir='ltr'>simul</span> <span class='ocrx_word' id='word_1_232' title='bbox 833 2447 869 2489; x_wconf 83' lang='lat' dir='ltr'>ex</span> <span class='ocrx_word' id='word_1_233' title='bbox 890 2429 1001 2489; x_wconf 91' lang='lat' dir='ltr'>insidiis</span> <span class='ocrx_word' id='word_1_234' title='bbox 1023 2430 1102 2491; x_wconf 88' lang='lat' dir='ltr'>inva-</span> 
     </span>
     <span class='ocr_line' id='line_1_28' title="bbox 108 2513 1125 2592; baseline 0.004 -19"><span class='ocrx_word' id='word_1_235' title='bbox 108 2514 207 2573; x_wconf 90' lang='lat' dir='ltr'>ditur..</span> <span class='ocrx_word' id='word_1_236' title='bbox 243 2513 339 2575; x_wconf 86' lang='lat' dir='ltr'>Ceteri</span> <span class='ocrx_word' id='word_1_237' title='bbox 361 2514 541 2575; x_wconf 89' lang='lat' dir='ltr'>obtruncati:</span> <span class='ocrx_word' id='word_1_238' title='bbox 563 2515 704 2592; x_wconf 82' lang='lat' dir='ltr'>Iugurtha</span> <span class='ocrx_word' id='word_1_239' title='bbox 720 2514 816 2575; x_wconf 91' lang='lat' dir='ltr'>Sullae</span> <span class='ocrx_word' id='word_1_240' title='bbox 838 2514 951 2573; x_wconf 90' lang='lat' dir='ltr'>vinctus</span> <span class='ocrx_word' id='word_1_241' title='bbox 972 2513 1125 2577; x_wconf 71' lang='lat' dir='ltr'>traditura</span> 
     </span>
     <span class='ocr_line' id='line_1_29' title="bbox 110 2594 698 2660; baseline 0.002 -5"><span class='ocrx_word' id='word_1_242' title='bbox 110 2602 141 2656; x_wconf 88' lang='lat' dir='ltr'>et</span> <span class='ocrx_word' id='word_1_243' title='bbox 163 2594 200 2655; x_wconf 85' lang='lat' dir='ltr'>ab</span> <span class='ocrx_word' id='word_1_244' title='bbox 224 2615 258 2657; x_wconf 89' lang='lat' dir='ltr'>eo</span> <span class='ocrx_word' id='word_1_245' title='bbox 281 2598 316 2657; x_wconf 93' lang='lat' dir='ltr'>ad</span> <span class='ocrx_word' id='word_1_246' title='bbox 334 2598 459 2659; x_wconf 80' lang='lat' dir='ltr'>lilerium</span> <span class='ocrx_word' id='word_1_247' title='bbox 480 2599 623 2660; x_wconf 91' lang='lat' dir='ltr'>deductus</span> <span class='ocrx_word' id='word_1_248' title='bbox 646 2605 698 2659; x_wconf 89' lang='lat' dir='ltr'>est.</span> 
     </span>
     <span class='ocr_line' id='line_1_30' title="bbox 195 2679 1127 2760; baseline -0.003 -19"><span class='ocrx_word' id='word_1_249' title='bbox 195 2679 252 2741; x_wconf 86' lang='lat' dir='ltr'>Per</span> <span class='ocrx_word' id='word_1_250' title='bbox 271 2682 348 2743; x_wconf 92' lang='lat' dir='ltr'>idem</span> <span class='ocrx_word' id='word_1_251' title='bbox 361 2688 478 2760; x_wconf 88' lang='lat' dir='ltr'>tempus</span> <span class='ocrx_word' id='word_1_252' title='bbox 493 2683 650 2743; x_wconf 88' lang='lat' dir='ltr'>advorsum</span> <span class='ocrx_word' id='word_1_253' title='bbox 666 2682 763 2742; x_wconf 85' lang='lat' dir='ltr'>Gallos</span> <span class='ocrx_word' id='word_1_254' title='bbox 780 2680 816 2740; x_wconf 90' lang='lat' dir='ltr'>ab</span> <span class='ocrx_word' id='word_1_255' title='bbox 834 2679 957 2739; x_wconf 92' lang='lat' dir='ltr'>ducibus</span> <span class='ocrx_word' id='word_1_256' title='bbox 977 2682 1127 2740; x_wconf 87' lang='lat' dir='ltr'>nostristt</span> 
     </span>
     <span class='ocr_line' id='line_1_31' title="bbox 69 2762 1103 2842; baseline 0.002 -20"><span class='ocrx_word' id='word_1_257' title='bbox 69 2778 99 2823; x_wconf 82' lang='lat' dir='ltr'>sc</span> <span class='ocrx_word' id='word_1_258' title='bbox 109 2762 145 2833; x_wconf 87' lang='lat' dir='ltr'>Q.</span> <span class='ocrx_word' id='word_1_259' title='bbox 162 2762 308 2841; x_wconf 84' lang='lat' dir='ltr'>Caepione</span> <span class='ocrx_word' id='word_1_260' title='bbox 324 2772 353 2825; x_wconf 89' lang='lat' dir='ltr'>et</span> <span class='ocrx_word' id='word_1_261' title='bbox 369 2766 424 2827; x_wconf 86' lang='lat' dir='ltr'>Gn.</span> <span class='ocrx_word' id='word_1_262' title='bbox 440 2764 546 2825; x_wconf 89' lang='lat' dir='ltr'>Manho</span> <span class='ocrx_word' id='word_1_263' title='bbox 562 2766 639 2826; x_wconf 89' lang='lat' dir='ltr'>male</span> <span class='ocrx_word' id='word_1_264' title='bbox 656 2772 836 2842; x_wconf 80' lang='lat' dir='ltr'>pugnatum:</span> <span class='ocrx_word' id='word_1_265' title='bbox 853 2780 910 2841; x_wconf 92' lang='lat' dir='ltr'>quo</span> <span class='ocrx_word' id='word_1_266' title='bbox 927 2770 1007 2822; x_wconf 90' lang='lat' dir='ltr'>metu</span> <span class='ocrx_word' id='word_1_267' title='bbox 1022 2762 1103 2824; x_wconf 88' lang='lat' dir='ltr'>ltalia</span> 
     </span>
     <span class='ocr_line' id='line_1_32' title="bbox 108 2847 1128 2928; baseline -0.002 -19"><span class='ocrx_word' id='word_1_268' title='bbox 108 2848 206 2909; x_wconf 90' lang='lat' dir='ltr'>omnis</span> <span class='ocrx_word' id='word_1_269' title='bbox 226 2852 412 2910; x_wconf 90' lang='lat' dir='ltr'>contremuit.</span> <span class='ocrx_word' id='word_1_270' title='bbox 451 2848 584 2927; x_wconf 87' lang='lat' dir='ltr'>lllirnquc</span> <span class='ocrx_word' id='word_1_271' title='bbox 603 2867 697 2928; x_wconf 88' lang='lat' dir='ltr'>usque</span> <span class='ocrx_word' id='word_1_272' title='bbox 717 2849 755 2910; x_wconf 90' lang='lat' dir='ltr'>ad</span> <span class='ocrx_word' id='word_1_273' title='bbox 774 2855 907 2908; x_wconf 89' lang='lat' dir='ltr'>nostram</span> <span class='ocrx_word' id='word_1_274' title='bbox 928 2847 1128 2907; x_wconf 74' lang='lat' dir='ltr'>memoriam</span> 
     </span>
     <span class='ocr_line' id='line_1_33' title="bbox 108 2932 1102 3008; baseline -0.003 -15"><span class='ocrx_word' id='word_1_275' title='bbox 108 2932 236 2993; x_wconf 81' lang='lat' dir='ltr'>Romani</span> <span class='ocrx_word' id='word_1_276' title='bbox 265 2933 307 2991; x_wconf 91' lang='lat' dir='ltr'>sie</span> <span class='ocrx_word' id='word_1_277' title='bbox 329 2932 469 3003; x_wconf 88' lang='lat' dir='ltr'>habuere,</span> <span class='ocrx_word' id='word_1_278' title='bbox 500 2933 555 2993; x_wconf 89' lang='lat' dir='ltr'>alia</span> <span class='ocrx_word' id='word_1_279' title='bbox 575 2936 672 2993; x_wconf 89' lang='lat' dir='ltr'>omnia</span> <span class='ocrx_word' id='word_1_280' title='bbox 700 2932 796 2993; x_wconf 87' lang='lat' dir='ltr'>virtuti</span> <span class='ocrx_word' id='word_1_281' title='bbox 818 2947 891 2991; x_wconf 82' lang='lat' dir='ltr'>suaa</span> <span class='ocrx_word' id='word_1_282' title='bbox 908 2934 1003 3008; x_wconf 83' lang='lat' dir='ltr'>pro&#39;na</span> <span class='ocrx_word' id='word_1_283' title='bbox 1027 2946 1102 2999; x_wconf 87' lang='lat' dir='ltr'>esso,</span> 
     </span>
     <span class='ocr_line' id='line_1_34' title="bbox 110 3012 1129 3095; baseline -0.004 -20"><span class='ocrx_word' id='word_1_284' title='bbox 110 3032 180 3075; x_wconf 89' lang='lat' dir='ltr'>cum</span> <span class='ocrx_word' id='word_1_285' title='bbox 202 3015 292 3076; x_wconf 88' lang='lat' dir='ltr'>Gallis</span> <span class='ocrx_word' id='word_1_286' title='bbox 312 3033 369 3095; x_wconf 87' lang='lat' dir='ltr'>pro</span> <span class='ocrx_word' id='word_1_287' title='bbox 391 3016 492 3086; x_wconf 91' lang='lat' dir='ltr'>salute,</span> <span class='ocrx_word' id='word_1_288' title='bbox 516 3034 576 3077; x_wconf 90' lang='lat' dir='ltr'>non</span> <span class='ocrx_word' id='word_1_289' title='bbox 590 3034 646 3095; x_wconf 87' lang='lat' dir='ltr'>pro</span> <span class='ocrx_word' id='word_1_290' title='bbox 676 3015 769 3092; x_wconf 84' lang='lat' dir='ltr'>gloria</span> <span class='ocrx_word' id='word_1_291' title='bbox 791 3015 907 3076; x_wconf 89' lang='lat' dir='ltr'>certari.</span> <span class='ocrx_word' id='word_1_292' title='bbox 952 3012 1003 3072; x_wconf 87' lang='lat' dir='ltr'>Set</span> <span class='ocrx_word' id='word_1_293' title='bbox 1021 3019 1129 3089; x_wconf 74' lang='lat' dir='ltr'>post-:s</span> 
     </span>
     <span class='ocr_line' id='line_1_35' title="bbox 109 3095 1103 3176; baseline -0.005 -17"><span class='ocrx_word' id='word_1_294' title='bbox 109 3116 200 3176; x_wconf 86' lang='lat' dir='ltr'>quam</span> <span class='ocrx_word' id='word_1_295' title='bbox 228 3098 339 3161; x_wconf 91' lang='lat' dir='ltr'>bellum</span> <span class='ocrx_word' id='word_1_296' title='bbox 358 3103 387 3161; x_wconf 93' lang='lat' dir='ltr'>in</span> <span class='ocrx_word' id='word_1_297' title='bbox 409 3101 545 3162; x_wconf 89' lang='lat' dir='ltr'>Numidia</span> <span class='ocrx_word' id='word_1_298' title='bbox 561 3101 729 3161; x_wconf 86' lang='lat' dir='ltr'>conlectum</span> <span class='ocrx_word' id='word_1_299' title='bbox 748 3107 777 3160; x_wconf 87' lang='lat' dir='ltr'>ct</span> <span class='ocrx_word' id='word_1_300' title='bbox 791 3096 962 3175; x_wconf 85' lang='lat' dir='ltr'>iugurtham</span> <span class='ocrx_word' id='word_1_301' title='bbox 977 3095 1103 3155; x_wconf 89' lang='lat' dir='ltr'>Romam</span> 
     </span>
     <span class='ocr_line' id='line_1_36' title="bbox 70 3178 1102 3253; baseline 0.001 -16"><span class='ocrx_word' id='word_1_302' title='bbox 70 3196 98 3238; x_wconf 74' lang='lat' dir='ltr'>aa</span> <span class='ocrx_word' id='word_1_303' title='bbox 108 3183 240 3243; x_wconf 90' lang='lat' dir='ltr'>vinctum</span> <span class='ocrx_word' id='word_1_304' title='bbox 256 3183 364 3245; x_wconf 89' lang='lat' dir='ltr'>adduci</span> <span class='ocrx_word' id='word_1_305' title='bbox 378 3187 542 3246; x_wconf 90' lang='lat' dir='ltr'>nuntiatum</span> <span class='ocrx_word' id='word_1_306' title='bbox 558 3190 611 3253; x_wconf 90' lang='lat' dir='ltr'>est,</span> <span class='ocrx_word' id='word_1_307' title='bbox 636 3184 744 3243; x_wconf 89' lang='lat' dir='ltr'>Marius</span> <span class='ocrx_word' id='word_1_308' title='bbox 760 3179 862 3242; x_wconf 93' lang='lat' dir='ltr'>consul</span> <span class='ocrx_word' id='word_1_309' title='bbox 878 3178 984 3239; x_wconf 89' lang='lat' dir='ltr'>absens</span> <span class='ocrx_word' id='word_1_310' title='bbox 1005 3178 1102 3249; x_wconf 82' lang='lat' dir='ltr'>iactus</span> 
     </span>
     <span class='ocr_line' id='line_1_37' title="bbox 109 3261 1101 3347; baseline -0.004 -20"><span class='ocrx_word' id='word_1_311' title='bbox 109 3272 156 3327; x_wconf 84' lang='lat' dir='ltr'>cst</span> <span class='ocrx_word' id='word_1_312' title='bbox 176 3271 205 3326; x_wconf 95' lang='lat' dir='ltr'>et</span> <span class='ocrx_word' id='word_1_313' title='bbox 223 3269 250 3327; x_wconf 90' lang='lat' dir='ltr'>ei</span> <span class='ocrx_word' id='word_1_314' title='bbox 270 3266 390 3329; x_wconf 89' lang='lat' dir='ltr'>decreta</span> <span class='ocrx_word' id='word_1_315' title='bbox 404 3270 553 3347; x_wconf 90' lang='lat' dir='ltr'>provincia</span> <span class='ocrx_word' id='word_1_316' title='bbox 569 3268 677 3330; x_wconf 88' lang='lat' dir='ltr'>Gallia:</span> <span class='ocrx_word' id='word_1_317' title='bbox 701 3268 783 3343; x_wconf 87' lang='lat' dir='ltr'>isque</span> <span class='ocrx_word' id='word_1_318' title='bbox 804 3262 942 3323; x_wconf 87' lang='lat' dir='ltr'>Kalendis</span> <span class='ocrx_word' id='word_1_319' title='bbox 959 3261 1101 3323; x_wconf 85' lang='lat' dir='ltr'>Ianuariis</span> 
     </span>
     <span class='ocr_line' id='line_1_38' title="bbox 108 3349 1123 3429; baseline -0.002 -20"><span class='ocrx_word' id='word_1_320' title='bbox 108 3366 217 3428; x_wconf 84' lang='lat' dir='ltr'>magna</span> <span class='ocrx_word' id='word_1_321' title='bbox 237 3349 330 3426; x_wconf 84' lang='lat' dir='ltr'>gloria</span> <span class='ocrx_word' id='word_1_322' title='bbox 345 3351 449 3413; x_wconf 88' lang='lat' dir='ltr'>consul</span> <span class='ocrx_word' id='word_1_323' title='bbox 465 3350 662 3429; x_wconf 88' lang='lat' dir='ltr'>triumphavit.</span> <span class='ocrx_word' id='word_1_324' title='bbox 695 3349 731 3408; x_wconf 84' lang='lat' dir='ltr'>Et</span> <span class='ocrx_word' id='word_1_325' title='bbox 746 3368 779 3409; x_wconf 87' lang='lat' dir='ltr'>ea</span> <span class='ocrx_word' id='word_1_326' title='bbox 791 3351 961 3424; x_wconf 88' lang='lat' dir='ltr'>tempestato</span> <span class='ocrx_word' id='word_1_327' title='bbox 973 3362 1041 3423; x_wconf 90' lang='lat' dir='ltr'>spes</span> <span class='ocrx_word' id='word_1_328' title='bbox 1052 3350 1123 3407; x_wconf 62' lang='lat' dir='ltr'>atur</span> 
     </span>
     <span class='ocr_line' id='line_1_39' title="bbox 111 3432 628 3511; baseline -0.002 -18"><span class='ocrx_word' id='word_1_329' title='bbox 111 3450 170 3510; x_wconf 87' lang='lat' dir='ltr'>que</span> <span class='ocrx_word' id='word_1_330' title='bbox 192 3450 263 3511; x_wconf 86' lang='lat' dir='ltr'>opes</span> <span class='ocrx_word' id='word_1_331' title='bbox 286 3437 407 3496; x_wconf 90' lang='lat' dir='ltr'>civitatis</span> <span class='ocrx_word' id='word_1_332' title='bbox 428 3438 458 3496; x_wconf 95' lang='lat' dir='ltr'>in</span> <span class='ocrx_word' id='word_1_333' title='bbox 479 3432 528 3495; x_wconf 92' lang='lat' dir='ltr'>illo</span> <span class='ocrx_word' id='word_1_334' title='bbox 548 3437 628 3495; x_wconf 88' lang='lat' dir='ltr'>sitae.</span> 
     </span>
    </p>
   </div>
   <div class='ocr_carea' id='block_1_4' title="bbox 465 3536 728 3591">
    <p class='ocr_par' dir='ltr' id='par_1_5' title="bbox 465 3536 728 3591">
     <span class='ocr_line' id='line_1_40' title="bbox 465 3536 728 3591; baseline 0.004 -12"><span class='ocrx_word' id='word_1_335' title='bbox 465 3536 728 3591; x_wconf 51' lang='lat' dir='ltr'>um„-</span> 
     </span>
    </p>
   </div>
   <div class='ocr_carea' id='block_1_5' title="bbox 0 0 1170 4176">
    <p class='ocr_par' dir='ltr' id='par_1_6' title="bbox 0 0 1170 4176">
     <span class='ocr_line' id='line_1_41' title="bbox 0 0 1170 4176; baseline 0 0"><span class='ocrx_word' id='word_1_336' title='bbox 0 0 1170 4176; x_wconf 95' lang='lat' dir='ltr'> </span> 
     </span>
    </p>
   </div>
  </div>
 </body>
</html>
