2272 4176
63 482 125 553 198
375 484 426 545 DE
446 484 571 547 Baubo
593 484 710 547 civim

64 639 108 702 sis
124 637 252 715 legibus,
267 638 342 700 invi
355 637 524 711 tribunicia,
539 638 570 698 iu
585 639 765 701 secessione
779 636 902 719 populi,
912 641 1004 717 templ

63 725 203 801 locisque
229 724 407 787 editioribus
433 723 608 799 occupatis;
638 731 731 800 atque
760 725 840 787 haec
864 725 1004 802 superior

65 810 171 872 aetatis
186 811 327 886 exempla
347 810 470 885 expiata
485 807 638 869 Saturnini
653 816 746 885 atque
761 810 972 872 Gracchorum
986 825 1002 870 c

64 895 149 956 sibus
165 894 271 963 docet3
293 911 421 970 quarum
434 909 537 953 rerum
550 894 601 955 illo
616 901 754 970 tempore
768 894 843 955 nibil
860 896 1004 970 factumi

64 980 227 1055 cogitatum
243 979 374 1053 quidem.
392 979 544 1053 Hortatur,
560 976 856 1055 cuius'imperatoris
873 981 968 1040 ductu
981 997 1004 1038 n

63 1079 132 1124 vom
149 1063 236 1123 annis
251 1063 469 1137 rempublicam
484 1063 658 1123 felicissime
673 1065 827 1139 gesserint
842 1065 1004 1141 plurimaqr

63 1148 181 1225 proelia
194 1148 331 1207 secunda
346 1147 486 1220 iecerint,
502 1163 623 1208 omnem
639 1148 763 1207 Galliam
780 1149 1004 1223 Germaniamqr

64 1232 254 1309 pacaverint,
274 1237 307 1291 ut
327 1232 393 1291 eius
408 1231 659 1293 existimationem
675 1232 914 1308 dignitatemque
929 1234 968 1294 ab
982 1234 1004 1293 ir

64 1317 150 1377 micis
167 1315 338 1374 defendant.
369 1316 565 1376 Conclamant
578 1316 707 1391 legionis
722 1333 798 1392 xnr,
823 1333 904 1392 quae
922 1318 1004 1378 adera

64 1401 172 1460 milites
192 1399 283 1474 (h'anc
303 1400 382 1460 enim
405 1400 488 1460 initio
507 1402 650 1463 tumultus
672 1408 870 1471 evocaveram
899 1402 1004 1478 reliqua

65 1485 199 1547 nondum
212 1488 386 1557 venerant)=
409 1500 480 1544 sese
493 1492 618 1560 paratos
634 1501 705 1544 esse
718 1485 912 1561 imperatoris
924 1486 971 1545 sui
984 1492 1004 1545 tr

65 1571 279 1644 hunorumque
293 1569 392 1644 plebis
407 1570 533 1630 iniurias
550 1570 724 1630 defendere.

147 1653 226 1712 Vlll.
261 1653 387 1728 cognita
406 1655 530 1714 militum
550 1656 705 1714 voluntate
722 1653 894 1715 Ariminum
916 1670 1004 1714 cumr

66 1738 185 1813 legione
205 1738 410 1813 proficiscitur
427 1739 530 1814 ibique
550 1738 819 1813 tribunusplebis,
844 1739 898 1814 qui
913 1739 952 1798 ad
967 1755 1004 1798 eu

65 1824 274 1898 confugerant,
291 1824 447 1892 convenit;
462 1824 598 1899 reliquas
612 1824 749 1899 legiones
764 1838 803 1882 ex
813 1823 952 1883 hibernis
964 1839 1004 1882 ev«

65 1914 114 1968 cat
137 1914 167 1967 et
191 1908 339 1983 subsequi
363 1908 454 1968 iubet.
489 1908 534 1967 Eo
554 1908 587 1966 L.
611 1907 723 1968 Cacsar
744 1907 930 1967 adulescens
944 1923 1004 1967 ven

66 1993 152 2053 cuius
177 1998 264 2067 pater
288 1993 428 2053 Caesaris
454 1999 518 2052 erat
541 1994 668 2067 legatus.
706 1993 736 2051 ls
756 1991 876 2066 reliquo
893 2008 1004 2052 sermor

65 2078 221 2152 conlecto,
243 2077 329 2138 cuius
344 2078 388 2138 rei
406 2093 500 2137 causa
513 2083 652 2148 venerat,
677 2076 791 2135 babere
806 2091 841 2136 se
856 2093 875 2136 a
888 2076 1003 2152 Pompe

66 2163 105 2223 ad
126 2178 194 2221 eum
214 2163 323 2237 privati
344 2162 437 2222 officii
458 2162 600 2221 mandata
614 2162 816 2220 demonstran
844 2161 935 2221 Velle
948 2162 1004 2221 Pon

66 2247 167 2323 peium
179 2262 213 2306 se
221 2248 342 2307 Caesari
353 2254 523 2323 purgatum,
537 2262 576 2305 ne
588 2262 633 2319 ca,
650 2261 728 2321 quae
738 2244 928 2318 reipublicae
944 2262 1004 2306 cam

66 2332 173 2407 egerit,
194 2331 332 2390 insuam
353 2332 564 2392 contumeliam
584 2337 689 2389 vertat.
729 2329 858 2404 Semper
879 2345 914 2389 se
935 2331 1004 2406 reip

65 2415 162 2476 blicae
178 2416 339 2475 commoda
359 2415 485 2491 privatis
509 2414 786 2474 necessitudinibus
809 2414 958 2474 babuisse
980 2432 1004 2490 p.

64 2501 151 2561 tiora.
182 2498 343 2559 Caesarem
358 2515 482 2577 quoque
496 2516 552 2575 pro
561 2516 625 2560 'sua
640 2500 784 2574 dignitate
800 2498 916 2558 debere
931 2507 960 2558 et
973 2507 1004 2559 so

66 2585 148 2644 dium
171 2589 201 2642 et
225 2584 412 2644 iracundiam
438 2601 525 2644 suam
548 2584 735 2659 reipublicae
760 2582 909 2642 dimittere
935 2600 1005 2660 nequ

65 2670 143 2729 adeo
158 2668 291 2744 graviter
304 2670 395 2729 irasci
409 2669 552 2743 inimicis,
567 2676 614 2739 ut,
631 2685 699 2728 cum
714 2667 772 2726 illis
787 2682 900 2726 nocere
916 2685 951 2728 se
966 2686 1001 2744 sp

64 2760 119 2829 ret,
134 2753 318 2828 reipublicae
333 2758 450 2814 noceat.
465 2752 567 2813 Pauca
581 2754 718 2814 eiusdem
732 2752 853 2826 generis
869 2752 954 2812 addit
968 2769 1005 2813 cu

66 2838 262 2899 excusatione
272 2838 398 2914 Pompei
421 2838 590 2898 coniuncta.
605 2838 719 2896 Eadem
733 2837 797 2895 fere
812 2842 904 2911 atque
920 2837 1004 2897 eisde

67 2924 167 2984 verbis
187 2930 311 2998 praetor
330 2922 462 2984 Roscius
484 2923 544 2997 agit
566 2938 634 2982 cum
656 2923 785 2981 Caesare
807 2921 928 2995 sibique
948 2922 1004 2982 Por

66 3010 167 3086 peium
182 3024 437 3068 commemorasse
452 3009 647 3067 demonstrat.

149 3092 198 3152 IX.
215 3092 298 3165 Quae
312 3109 362 3152 res
377 3094 434 3154 etsi
449 3093 521 3152 nihil
536 3092 575 3151 ad
590 3092 735 3150 levandas
746 3089 870 3149 iniiuias
882 3091 1004 3165 pertine:

67 3177 255 3252 videbantur,
270 3184 370 3237 tamen
385 3179 514 3238 idoneos
529 3183 637 3236 nactus
652 3176 806 3246 hominm,
822 3189 878 3249 per
893 3191 972 3249 quos
988 3191 1004 3234 e

69 3278 147 3339 quae
160 3263 260 3337 vellet,
276 3263 398 3322 adeum
412 3265 626 3338 perferrentur,
643 3261 716 3336 petit
731 3260 767 3319 ab
780 3265 921 3334 utroque,
939 3275 1004 3335 quo:

68 3348 127 3407 iam
140 3346 266 3421 Pompei
291 3348 434 3408 mandata
448 3348 488 3407 ad
502 3363 537 3406 se
553 3347 729 3420 detulerint,
744 3360 783 3403 ne
797 3352 964 3418 graventur
978 3360 1004 3404 ει

69 3447 192 3508 quoquc
213 3431 253 3491 ad
273 3447 342 3492 cum
360 3434 513 3508 postulata
534 3432 668 3504 deferre,
696 3431 721 3489 si
743 3444 837 3505 parvo
853 3429 1002 3488 laborem

68 3533 144 3593 gnas
161 3518 387 3579 controversias
408 3520 514 3579 tollere
535 3522 626 3590 atque
642 3529 760 3574 omnem
775 3514 889 3574 ltaliam
904 3515 1004 3574 metui

68 3601 176 3660 berare
197 3602 327 3677 possint.
364 3602 427 3664 Sibi
449 3617 570 3676 semper
590 3599 718 3675 primam
737 3597 924 3675 reipublicae
939 3597 1004 3658 luisr

70 3681 244 3757 dignitatem
256 3687 380 3763 vitaque
394 3688 554 3763 potiorem.
582 3682 725 3743 Doluisse
747 3699 796 3757 se,
823 3682 906 3757 quod
929 3699 1004 3758 popu

71 3767 197 3828 Romani
218 3769 399 3830 beneficimn
414 3770 472 3831 sibi
486 3786 542 3845 per
557 3768 767 3829 contumeliam
783 3768 820 3827 ab
836 3766 966 3826 inimicis
982 3782 1004 3825 e}
