2272 4176
407 162 411 170 '
439 184 554 245 niara
575 185 639 247 vll.
970 183 1031 249 ιιι

35 339 184 405 bostium
199 339 313 414 procul
328 338 414 401 visus
429 345 490 413 est,
508 338 560 413 qui
575 352 684 413 agmen
698 339 960 415 Vercingetorigis
976 357 1029 402 nn-

55 432 230 487 tecesserat.
262 424 360 499 Quem
380 424 563 498 simulatque
578 425 727 499 oppidani
742 433 971 500 conspexerunt
985 433 1028 486 at-

32 526 111 589 quc
123 510 155 570 iu
172 525 265 585 spem
280 509 386 568 auxilii
400 515 563 583 venerunt,
590 511 723 571 clamore
745 511 864 571 sublato
881 527 966 569 arma
980 526 1028 571 oa

23 584 39 654 ιι
60 610 132 671 perc,
147 602 260 692 portas
276 594 429 668 claudere,
444 609 564 655 murum
578 596 733 670 complere
749 602 926 669 coeperunt.
954 596 1027 655 Cen-

35 662 189 743 titiones
210 680 244 738 in
266 680 382 776 oppido
406 694 474 738 curn
496 695 535 739 cx
550 679 773 755 significatione
790 681 944 740 Gallorum
958 680 1028 740 navi

24 764 165 881 aliquid
180 764 256 824 ab’'
237 780 275 824 ns
290 764 358 823 iniri
380 765 500 839 consilii
521 762 759 838 intellexissent,
786 764 895 839 gladiis
919 765 1027 824 destri-

24 843 109 911 ctis
122 856 234 925 portas
250 857 479 925 occupaverunt
499 864 638 925 suosque
662 865 768 910 omnes
791 851 959 909 incolumes
980 865 1027 908 re-

65 943 211 1012 ceperunt.

135 1018 215 1079 Xlll.
242 1019 354 1079 Cacsar
369 1034 408 1078 ex
423 1018 532 1079 castris
544 1018 712 1094 equitatum
726 1019 815 1081 educi
830 1019 921 1094 iubet,
937 1034 1026 1094 proc·

66 1105 124 1167 ium
138 1112 284 1179 equestre
300 1104 470 1164 committit:
485 1103 694 1164 laborantibus
709 1105 769 1164 iarn
784 1105 849 1164 suis
858 1105 1026 1165 Germanos

67 1191 172 1265 equites
191 1190 314 1248 circiter
329 1205 397 1248 ccco
412 1189 583 1263 summittit,
601 1205 680 1266 quos
696 1189 733 1248 ab
749 1190 833 1250 initio
849 1189 963 1248 habere
978 1204 1026 1249 se

67 1290 122 1337 tum
135 1275 316 1336 instituerat.
345 1273 458 1334 Eorum
472 1274 622 1370 impetum
634 1274 710 1333 Galli
726 1275 878 1336 sustinere
894 1290 956 1335 non
970 1290 1026 1350 po·

26 1380 39 1443 ι
66 1368 172 1421 luerunt
196 1367 290 1435 atque
314 1359 345 1416 in
368 1360 470 1432 lugam
496 1359 624 1418 coniecti
603 1359 731 1418 ttnrul
713 1365 750 1418 tis
778 1359 900 1420 amissis
928 1374 962 1419 se
986 1359 1025 1419 ad

25 1460 161 1533 Ιςιιιιιιιιι
181 1450 376 1518 receperunt.
407 1441 521 1516 Quibus
546 1442 717 1518 profligatis
744 1460 852 1504 rursus
878 1443 1025 1518 oppidani

25 1526 203 1606 'perterriti
219 1528 452 1602 conprehensos
468 1543 522 1587 eos
532 1545 692 1604 ,quorum
708 1545 804 1603 opera
816 1528 938 1604 plebem
953 1544 1024 1588 con·

65 1616 173 1675 citatam
188 1614 418 1687 existimabant,
435 1613 473 1672 ad
490 1612 652 1673 Caesarem
667 1614 877 1689 perduxerunt
891 1629 1024 1690 seseque

64 1715 85 1759 ιι
78 1699 287 1759 dediderunt.
304 1659 418 1772 Quibus
433 1697 525 1758 rebus
542 1699 689 1758 coniectis
707 1699 819 1758 Caesar
830 1698 869 1758 ad
877 1698 1024 1773 oppidum

23 1794 26 1821 ¹
62 1785 224 1857 Avaricum,
242 1783 326 1858 quod
341 1790 406 1843 erat
418 1782 583 1842 maximum
598 1783 895 1857 munitissimumque
909 1783 940 1841 in
955 1781 1022 1841 lini-

30 1868 33 1899 *
62 1868 111 1930 bus
123 1866 292 1941 Biturigum
313 1874 404 1943 atque
419 1866 483 1941 agri
498 1867 684 1927 fertilissima
697 1868 839 1943 regione,
865 1868 1021 1941 proiectus

62 1960 115 2029 cst,
140 1952 226 2028 quod
248 1967 285 2012 eo
308 1951 423 2026 oppido
445 1958 571 2026 recepto
595 1953 745 2013 civitatem
759 1952 927 2026 Biturigum
943 1968 977 2012 se
992 1952 1019 2012 iu

62 2044 186 2111 potestat
187 2053 236 2096 ern
250 2037 444 2096 redacturum
460 2036 643 2096 confidebat.

133 2121 214 2182 XIV
236 2121 469 2195 Vercingetorix
493 2128 538 2181 tot
560 2121 711 2181 continuis
733 2122 934 2182 incommodis
949 2122 1020 2183 Vel·

22 2202 228 2281 ῑιιιιιιοιιιιιιι,
245 2206 369 2279 Gennbi,
382 2205 553 2265 Novioduni
565 2207 699 2281 acceptis
715 2222 789 2266 suos
806 2208 845 2266 ad
861 2208 1021 2268 concilium

61 2297 211 2351 convocat.
240 2291 338 2351 Docet
361 2291 452 2365 longe
478 2291 537 2349 alia
557 2293 674 2351 ratione
696 2307 766 2350 esse
787 2291 900 2351 bellum
914 2308 1020 2388 geren-

61 2375 122 2437 dum
137 2383 231 2450 atque
246 2383 335 2435 antea
349 2383 467 2450 gestum
482 2376 529 2434 sit.
510 2375 692 2436 tOmnibus
705 2376 804 2435 modis
819 2375 889 2435 huic
904 2378 948 2436 rei
960 2384 988 2436 st
988 2395 1020 2437 ιι·

61 2460 194 2535 dendum,
209 2467 243 2519 ut
256 2460 452 2535 pabulatione
468 2466 498 2519 et
512 2471 681 2522 commeatu
695 2461 824 2519 Romani
839 2461 1020 2535 prohibean-

61 2552 106 2605 tur.
134 2546 172 2604 ιιι
186 2561 259 2604 csse
274 2545 377 2618 facile,
401 2545 484 2619 quod
499 2545 635 2619 equitatu
648 2545 709 2619 ipsi
723 2546 879 2605 abundent
894 2553 923 2606 et
939 2547 1020 2622 quod

27 2678 31 2713 ;
59 2632 120 2690 anni
140 2639 281 2704 ternpore
303 2629 509 2689 subleventur.
537 2629 682 2689 Pabulum
705 2630 804 2689 secari
826 2646 888 2690 non
908 2647 1021 2705 posse;

26 2716 31 2787 ξ
59 2715 229 2775 necessario
255 2715 415 2789 dispersos
440 2715 547 2775 hostes
574 2729 613 2773 ex
638 2714 785 2774 aediliciis
811 2724 931 2790 petere:
963 2715 1021 2776 lios

26 2838 31 2887 Ι
59 2814 156 2859 omnes
173 2799 286 2859 cotidie
301 2799 338 2858 ab
355 2800 506 2875 equitibus
523 2799 617 2857 deleri
634 2815 738 2873 posse.
764 2798 926 2860 Praeterea
941 2803 1020 2861 salu-

25 2890 30 2943 l
58 2883 88 2943 tis
102 2901 199 2944 eausa
220 2883 265 2942 rei
286 2884 442 2944 familiaris
459 2884 620 2945 commoda
640 2885 847 2959 neglegenda:
874 2886 962 2946 vicos
977 2893 1020 2946 at-

13 3004 16 3015 ·
58 2985 109 3044 que
121 2968 266 3029 aedilicia
279 2969 400 3028 incendi
416 2978 558 3044 oportere
573 2968 632 3029 hoc
647 2970 746 3045 spatio
764 2986 1020 3046 quoqueversus,

56 3070 109 3130 quo
131 3053 301 3129 pabulandi
323 3070 418 3114 causa
438 3056 523 3114 adire
537 3070 634 3128 posse
649 3056 818 3115 videantur.
847 3056 961 3115 Harum
975 3055 1017 3130 ip-

53 3141 92 3199 sis
104 3154 208 3198 reruni
225 3138 346 3213 copiam
362 3148 535 3214 suppetere,
553 3142 635 3214 quod
652 3158 780 3216 quorum
791 3141 821 3199 in
833 3139 944 3198 linibus
957 3139 1020 3199 bel-

52 3226 108 3286 lurn
123 3231 263 3299 geratur,
291 3239 396 3284 eorum
419 3226 528 3300 opibus
551 3225 763 3286 subleventur:
791 3227 948 3285 Romanos
970 3231 1021 3288 aut

50 3307 184 3386 inopiam
205 3325 268 3369 non
289 3309 404 3370 laturos
427 3317 478 3370 aut
498 3327 608 3384 magno
625 3312 761 3386 periculo
777 3311 897 3385 longius
914 3311 952 3370 ab
969 3327 1019 3370 ca·

51 3395 120 3455 stris
135 3409 361 3469 processuros3
387 3410 488 3470 neque
504 3395 667 3469 interesse,
694 3396 824 3471 ipsosne
840 3395 1023 3456 interficiant

12 3550 15 3557 Ι
51 3478 315 3555 impedimentisne
329 3489 453 3559 eruant,
483 3481 595 3560 quibus
612 3482 877 3549 amissisbelltun
887 3482 1043 3561 gennas

82 3578 107 3619 c.
126 3576 225 3620 ruerus
245 3576 371 3622 cassan.
815 3582 838 3640 a
