2272 4176
63 427 126 494 216
327 380 331 387 Ι
375 430 426 491 ΒΕ
445 429 570 492 Rullo
592 428 707 493 clvlhl

62 583 193 663 patebat,
207 589 242 644 ut
254 587 317 644 tres
332 584 498 647 instructae
511 584 652 647 cohortes
664 599 733 645 eum
747 583 849 645 locum
862 544 1026 661 explorent,
1058 539 1066 629 ἕ

62 675 97 731 ut
117 684 218 746 neque
237 667 376 731 subsidia
398 670 575 732 alateribus
590 669 724 731 submitti
737 682 841 745 neque
854 669 977 746 equites
988 669 1027 729 le·
1058 638 1066 719 i

62 752 242 815 borantibus
256 754 327 815 usui
341 770 413 815 esse
427 762 564 830 possent.
592 755 642 814 Ab
658 754 772 830 oppido
788 759 891 815 autem
905 751 1027 814 decline

62 840 150 900 locus
171 838 254 899 tenui
274 839 394 915 fastigio
415 840 561 916 vergebat
584 840 615 899 in
639 838 860 914 longitudinem
883 853 1026 915 passuum

64 924 183 985 circitor
196 939 272 983 cccc.
302 922 367 983 Hac
382 925 494 985 nostris
510 930 574 985 erat
586 931 745 999 receptuS,
767 923 853 999 quod
867 937 906 984 eo
920 922 1026 983 incitati

64 1007 165 1069 studio
185 1007 385 1069 inconsultius
407 1014 639 1084 processerant;
665 1008 724 1069 hoc
744 1007 942 1083 pugnabatur
954 1007 1026 1082 loco,
1064 1020 1066 1095 j

64 1099 94 1153 et
114 1099 239 1168 propter
260 1094 415 1167 angustias
437 1093 541 1169 iniquo
563 1099 594 1153 et
614 1093 696 1169 quod
710 1091 768 1153 sub
783 1091 862 1169 ipsis
876 1091 1026 1151 radicibus

63 1178 173 1238 montis
187 1176 400 1251 constiterant,
423 1183 457 1237 ut
471 1179 586 1239 nullum
593 1176 704 1239 trustra
712 1178 805 1237 telum
820 1176 851 1236 in
868 1191 924 1238 eos
937 1176 1025 1235 mitte

63 1268 155 1321 retur.
183 1261 295 1320 Tamen
310 1261 419 1321 virtute
434 1268 464 1322 et
477 1262 623 1337 patientia
635 1261 809 1322 nitebantur
823 1267 918 1337 atque
934 1260 1027 1322 omnia

63 1348 190 1407 vulnera
204 1344 402 1406 sustinebant.
430 1346 607 1421 Augebatur
621 1347 679 1406 illis
695 1345 799 1420 copia,
821 1351 916 1421 atque
931 1359 970 1405 ex
984 1360 1026 1404 ca-

65 1429 134 1490 stris
150 1428 292 1490 cohortes
307 1445 364 1503 per
378 1431 524 1505 oppidum
539 1432 646 1492 crebro
662 1429 926 1505 submittebantur,
941 1437 974 1490 ut
987 1430 1025 1488 in-

64 1514 139 1589 tegri
154 1513 284 1574 defessis
300 1515 509 1575 succederent.
548 1514 615 1575 Hoc
635 1515 715 1574 idem
730 1513 844 1574 Caesar
865 1516 969 1575 iacere
981 1529 1026 1574 co-

64 1598 198 1672 gebatur,
213 1605 247 1657 ut
261 1597 431 1660 summissis
446 1599 476 1659 in
488 1600 618 1660 eundem
629 1601 729 1660 locum
741 1598 922 1661 cohortibus
933 1598 1026 1659 detes·

65 1697 117 1743 sos
132 1681 290 1756 reciperet.

146 1766 248 1826 XLVI.
272 1765 339 1827 Hoc
361 1782 429 1827 oum
451 1775 536 1828 esset
555 1768 646 1828 modo
662 1773 828 1843 pugnatum
844 1769 1028 1828 continenter

65 1850 146 1914 horis
164 1849 298 1927 quinque
312 1852 471 1928 nostrique
484 1852 607 1928 gravius
623 1868 643 1912 a
657 1852 847 1914 multitudine
858 1868 1027 1927 premeren-

64 1951 120 2011 tur,
137 1935 325 2011 consumptis
341 1936 480 2000 omnibus
495 1937 571 2011 telis,
588 1938 697 2012 gladiis
719 1935 874 1997 destrictis
890 1938 1027 2013 impetum

64 2011 213 2082 ad'versus
235 2028 367 2082 montem
387 2021 418 2082 in
440 2021 573 2083 cohortis
594 2021 707 2082 iaciunt
720 2020 893 2097 paucisque
908 2022 1027 2083 deiectis

64 2106 199 2183 reliquos
222 2121 293 2167 sese
315 2113 492 2167 convertere
514 2112 634 2181 cogunt.
665 2105 820 2166 Submotis
842 2107 901 2168 sub
915 2123 1027 2169 murum

65 2191 240 2252 cohortibus
263 2207 299 2252 ac
319 2193 464 2251 nonnulla
484 2199 570 2266 parte
592 2198 716 2266 propter
736 2197 884 2252 terrorem
899 2191 930 2251 in
947 2193 1028 2267 oppi-

65 2277 136 2335 dum
158 2277 322 2351 compulsrs
344 2275 441 2336 tacitis
463 2283 510 2334 est
524 2275 637 2336 nostris
652 2282 794 2350 receptus
812 2275 913 2335 datus.
941 2276 1028 2352 Equi·

64 2367 143 2419 tatus
159 2368 260 2420 autem
274 2367 379 2420 noster
394 2359 432 2418 ab
447 2366 578 2435 utroque
593 2361 701 2434 latere,
723 2359 780 2419 etsi
799 2358 927 2419 deiectis
943 2369 1029 2435 atque

64 2444 257 2504 interioribus
278 2444 355 2504 locis
379 2444 570 2519 constiterat,
597 2451 696 2504 tamen
719 2443 748 2502 in
764 2459 916 2503 summum
931 2445 1029 2520 iugum

63 2530 173 2588 virtute
189 2529 329 2588 conititur
344 2535 436 2604 atque
451 2529 528 2589 inter
544 2530 620 2589 duas
637 2528 718 2589 acies
734 2529 934 2603 perequitans
952 2545 1028 2590 com-

64 2612 231 2673 modiorem
256 2628 293 2672 ao
317 2613 457 2673 tutiorem
482 2613 595 2673 nostris
619 2623 774 2689 receptum
799 2613 859 2671 dat.
890 2614 936 2673 lta
949 2612 1030 2674 vario

65 2698 228 2759 certamine
241 2705 408 2773 pugnatum
430 2703 486 2756 est.
515 2698 618 2757 Nostri
632 2699 661 2757 in
677 2698 774 2772 primo
791 2713 964 2772 congressu
979 2698 1031 2758 cir·

65 2783 138 2845 citer
148 2796 213 2842 axx
226 2782 409 2855 ceciderunt,
425 2782 454 2839 in
470 2781 517 2841 his
534 2781 730 2856 Q.Fulginius
746 2798 784 2841 ex
801 2781 899 2856 primo
914 2782 1031 2843 hastato

64 2868 192 2944 legionis
208 2884 293 2941 xrrrr,
311 2866 362 2942 qui
377 2874 504 2941 propter
519 2867 658 2926 eximiam
673 2867 812 2926 virtutem
829 2882 868 2925 ex
883 2866 1032 2928 interiori-

65 2952 121 3013 bus
137 2952 293 3014 ordinibus
308 2951 338 3010 in
354 2965 422 3010 eum
434 2953 535 3011 locum
549 2959 745 3026 pervenerat3
761 2952 959 3011 vulnerantur
973 2968 1032 3011 am·

63 3039 143 3112 plius
158 3054 202 3097 oc.
231 3037 277 3096 Ex
291 3037 467 3096 Afranianis
482 3036 701 3096 interficiuntur
715 3037 747 3094 T.
765 3035 930 3111 CaeciliuS,
945 3035 1033 3111 primi

64 3123 116 3197 pili
132 3122 276 3196 centurio,
292 3129 322 3182 et
336 3128 457 3197 praeter
472 3137 540 3182 eum
552 3122 745 3181 centuriones
759 3128 910 3196 quattuor,
926 3121 1033 3181 milites

65 3207 193 3283 amplius
209 3207 339 3267 ducenti.

146 3291 263 3352 XLVll.
288 3290 350 3352 Sed
371 3289 447 3350 haec
464 3290 530 3351 eius
546 3290 606 3351 diei
621 3291 791 3366 praefertur
807 3290 926 3367 opinio,
953 3298 987 3350 ut
1001 3306 1034 3351 se

64 3377 184 3453 utrique
206 3376 386 3452 superiores
409 3375 594 3436 discessisse
616 3375 838 3436 existimarent:
865 3375 1033 3450 Afraniani,

66 3463 164 3536 quod,
192 3479 260 3523 cum
286 3477 357 3522 esse
384 3461 516 3520 omnium
541 3459 653 3520 iudicio
674 3461 834 3520 interiores
849 3460 1034 3535 viderentur,

65 3546 231 3608 comminus
246 3556 307 3608 tam
323 3547 375 3607 diu
389 3546 544 3606 stetissent
558 3552 588 3605 et
602 3550 775 3604 nostrorum
787 3545 933 3620 impetum
944 3545 1034 3606 susti·

66 3630 203 3691 naissent
226 3639 256 3691 et
280 3631 363 3691 initio
389 3631 489 3690 locum
515 3630 722 3703 tumulumque
747 3630 928 3705 tenuissent,
957 3645 1034 3704 quae

67 3728 160 3773 causa
174 3716 330 3788 pugnandi
345 3717 451 3790 luerat,
467 3720 497 3774 et
511 3720 633 3775 nostros
648 3713 747 3787 primo
765 3730 936 3790 congressu
949 3724 1033 3790 terga
