2302 4192
67 296 134 338 suos
152 281 281 341 severius
299 280 423 354 scripsit,
445 282 518 341 nacti
534 280 666 338 idoneum
682 281 798 337 ventum
816 295 851 335 ne
863 262 1038 335 occasionem

450 124 647 187 maroam
900 101 904 107 '
977 118 1036 183 451

66 367 223 440 navigandi
240 366 421 437 dimitterent,
444 368 468 423 si
481 368 528 426 vel
547 365 584 422 ad
600 366 680 421 litora
695 364 911 438 Apolloniatium
928 377 1038 419 cursum

64 451 191 525 dirigere
205 457 288 524 atqua
303 469 338 509 eo
353 466 441 509 naves
457 452 548 508 eicere
562 454 687 523 possent.

433 570 471 611 su
486 568 679 610 u.arror1vn.

149 639 190 709 (a.
201 632 257 706 48)
273 638 327 696 otc.
339 640 378 695 od
387 637 439 695 Au.
452 636 512 710 ΧΙ,
534 638 563 708 7,
586 637 619 700 2:
647 635 694 693 Ad
704 652 749 692 mc
759 635 833 692 misit
842 634 979 692 Antonius
991 653 1036 692 ex·

66 723 191 795 emplum
208 720 336 780 Caesaris
353 722 391 779 ad
408 740 439 779 se
458 724 626 793 litterarum,
647 722 791 793 inquibus
808 725 866 777 erat
880 739 911 777 se
927 720 1039 777 audIsse

65 805 202 864 Catonem
218 814 246 862 et
261 808 291 863 L.
303 807 443 864 Metellum
459 808 488 862 in
504 807 609 863 ltaliam
626 807 755 877 venisse,
776 805 882 862 Romae
902 812 933 861 ut
947 811 1038 862 essent

62 894 175 964 palam:
196 891 227 947 id
247 893 299 948 sibi
315 908 373 948 non
388 893 517 964 placere,
540 908 575 948 ne
590 892 637 963 qui
648 896 738 947 motus
750 906 831 948 exeo
842 890 956 962 fierent,
975 907 1038 964 pro-

62 976 212 1048 hiberlque
226 993 323 1033 omnes
337 976 428 1046 Italia,
451 977 504 1032 nisi
516 992 633 1048 quorum
645 976 706 1049 ipse
719 992 833 1032 causam
845 976 1040 1048 cognovissem

64 1060 159 1134 deque
172 1077 206 1116 eo
220 1059 413 1118 vehementius
428 1068 488 1117 erat
501 1061 641 1134 scriptum.

150 1165 191 1232 (o.
204 1157 260 1232 47)
276 1162 328 1220 sse.
340 1162 411 1219 Phil.
422 1161 458 1218 ΙΙ
463 1206 470 1235 ,
487 1157 543 1233 40,
565 1160 641 1224 1032
663 1162 798 1218 Varronis
811 1161 968 1220 Casinatem
979 1165 1039 1219 sun-

64 1247 135 1303 dum
149 1248 210 1319 quis
224 1247 338 1304 venisse
353 1247 446 1303 dicetl
477 1249 538 1320 quis
552 1248 660 1304 hastam
674 1248 752 1303 istius
767 1247 934 1306 venditionis
948 1248 1039 1306 viditl

65 1333 129 1404 quis
140 1347 240 1389 vocem
249 1333 398 1404 praeconis
410 1331 536 1390 audivit?
557 1333 667 1388 Misisse
679 1332 748 1388 dicis
759 1331 974 1403 Alexandriam,
993 1333 1039 1404 qui

64 1423 173 1473 emeret
195 1432 213 1472 a
238 1415 367 1473 Caesare.
416 1417 511 1489 Ipsum
537 1418 610 1473 enim
635 1423 784 1490 expectare
817 1433 949 1490 magnum
976 1418 1037 1472 luit!

65 1499 135 1569 Quis
149 1517 219 1559 vero
233 1501 338 1558 audivit
355 1517 485 1572 umquam
497 1502 611 1571 (nullius
629 1507 721 1558 autern
732 1503 808 1556 salus
820 1518 903 1558 curae
914 1503 1038 1575 pluribus

65 1585 129 1655 luit)
144 1585 180 1642 de
196 1586 311 1641 fortunis
325 1585 460 1642 Varronis
481 1603 541 1642 rcm
555 1587 640 1642 ullam
657 1602 721 1642 esse
742 1584 915 1643 detractam?
945 1586 1038 1655 Quina

67 1671 90 1725 si
104 1670 188 1726 etiam
202 1671 311 1743 scripsit
325 1670 362 1727 ad
375 1676 403 1727 te
415 1668 534 1743 Caesar,
556 1677 586 1726 ut
605 1669 757 1741 redderes,
779 1670 846 1742 quid
862 1672 928 1727 satis
947 1677 1039 1744 potest

64 1754 120 1811 dici
136 1755 173 1811 de
186 1760 261 1811 tanta
274 1755 467 1828 impudentia?

249 1862 259 1887 '⁸
350 1874 387 1912 sn
403 1872 429 1921 o.
444 1871 588 1910 usruruvu
602 1871 752 1911 scurornu.

146 1945 187 2012 (o.
199 1936 254 2010 48)
270 1941 347 1999 Coss.
359 1942 383 1998 h.
396 1943 447 1997 civ.
458 1938 525 2010 ΙΙΙ,
541 1936 591 2008 57,
612 1940 645 1998 1:
668 1941 744 1996 Haec
762 1957 824 1996 cum
839 1941 867 1994 in
877 1940 985 1997 Achaia
996 1948 1036 1997 at-

65 2045 121 2100 que
142 2026 219 2099 apud
240 2025 443 2098 Dyrrhachium
465 2029 644 2098 gererentur,
664 2023 880 2097 Scipionemque
900 2026 929 2081 in
944 2026 1036 2082 Mace-

64 2113 180 2168 doniam
193 2110 306 2168 venisse
326 2114 477 2179 constaret,
500 2124 557 2164 non
571 2109 669 2166 oblitos
687 2111 793 2182 pristini
809 2111 922 2166 instituti
934 2108 1038 2167 Caesar
1077 2164 1080 2169 Α

64 2197 147 2253 mittit
160 2196 196 2252 ad
211 2211 273 2251 eum
288 2195 322 2251 A.
335 2194 477 2263 Clodium,
495 2209 576 2249 suum
587 2200 669 2265 atque
680 2194 752 2250 illius
763 2196 939 2266 familiarem,
955 2212 1037 2267 quern

65 2283 99 2339 ab
115 2281 162 2337 illo
177 2280 306 2336 traditum
320 2280 395 2336 initio
410 2284 437 2335 et
451 2277 673 2335 commendatum
690 2279 719 2334 in
734 2296 847 2336 suorum
864 2281 1036 2336 necessario-

64 2381 127 2422 rum
138 2380 254 2421 numero
266 2363 370 2422 habere
385 2364 545 2420 instituerat.
588 2363 658 2419 lluic
674 2363 721 2420 dal
734 2365 837 2421 litteras
852 2365 1037 2437 mandataque

64 2449 102 2505 ad
116 2465 188 2505 eum.

280 2551 316 2590 nu
332 2550 371 2590 or.
383 2550 517 2590 uourrrvu
532 2549 677 2589 cmvrnvn.
700 2535 741 2602 (a.
754 2528 819 2605 48.)

147 2618 223 2676 Coeo.
234 2618 259 2673 b.
272 2621 322 2674 etv.
334 2617 400 2689 III,
421 2617 478 2687 78,
495 2616 529 2679 δι
552 2616 715 2673 Praemissis
726 2619 827 2674 nuntiis
840 2618 876 2674 ad
889 2618 1037 2676 CnDorni-

64 2704 132 2759 tiinn
146 2701 251 2759 Caesar
266 2703 375 2775 scripsit
389 2709 431 2773 et,
453 2703 520 2774 quid
534 2702 596 2758 fieri
609 2703 707 2772 vellet,
729 2703 857 2759 ostendit.

145 2804 219 2861 Hirt.
231 2803 255 2859 b.
267 2801 348 2859 Aac.
359 2797 417 2874 34,
437 2800 472 2862 8³
501 2802 548 2859 Ad
561 2805 688 2877 legiones
699 2805 840 2876 profectus
851 2820 935 2871 unam
947 2819 982 2859 ex
992 2784 1037 2858 tri-

64 2892 116 2947 bus
131 2904 218 2945 xxxvl
230 2904 326 2944 secum
340 2887 429 2957 ducit,
451 2888 521 2944 duas
537 2887 566 2943 in
578 2888 739 2961 Aegyptum
754 2889 791 2945 ad
804 2886 952 2945 Caesarem
962 2887 1040 2942 mittit

64 2974 162 3032 litteris
177 2974 237 3029 eius
253 2977 393 3029 evocatas.

146 3074 225 3133 Idem
244 3074 307 3131 thid.
321 3071 373 3146 38,
396 3072 429 3133 1:
459 3073 588 3130 Proxima
606 3079 687 3131 nocte
704 3072 864 3129 Pharnaces
881 3074 1039 3145 interceptis

65 3160 231 3231 tabellariis,
254 3158 300 3231 qui
315 3159 351 3215 de
364 3157 562 3215 Alexandrinis
577 3159 662 3217 rebus
674 3156 778 3214 litteras
794 3158 830 3213 ad
841 3156 988 3213 Domitium
999 3159 1038 3213 lc·

65 3248 180 3315 rebant,
201 3243 345 3318 cognoscit
356 3240 505 3301 Caesarem
521 3258 625 3337 majac
637 3242 665 3299 in
675 3242 799 3315 periculo
811 3243 920 3300 versari
930 3240 1038 3316 flagita·

64 3332 146 3405 rique
160 3331 196 3388 ab
209 3327 343 3399 Domitio,
363 3335 393 3384 ut
408 3320 628 3403 quam-fimum
643 3324 756 3385 Caesari
772 3326 897 3384 subsidia
912 3328 1039 3398 mitteret,

63 3417 238 3492 propiusque
252 3431 314 3487 lpse
324 3413 524 3471 Alexandriam
538 3430 590 3491 per
604 3412 721 3491 Spriam
733 3412 897 3471 accederet.

787 3490 855 3559 Q*
