2272 4176
154 162 200 203 na
220 161 392 203 carmarias
411 162 653 205 coarvnsrrore
677 165 703 207 o.
720 158 761 210 52.
781 160 822 211 53.
937 151 974 211 31

80 325 135 369 res
154 310 219 386 ipsa
237 326 340 389 aspera
361 316 418 381 est,
441 316 485 371 set
505 328 557 371 ros
579 329 639 371 non
652 314 759 372 timetis
779 331 853 373 eam.
886 316 981 376 lmmo

79 410 241 454 maxume:
261 400 307 453 set
327 395 431 455 inertia
446 401 476 454 et
489 394 608 455 mollitia
626 397 714 456 animi
737 396 809 456 alius
827 397 914 458 alium
929 418 979 459 er·

64 482 147 535 tutes
162 479 350 547 cunctamini,
361 477 495 538 videlicet
511 478 573 538 deis
588 478 790 540 inmortalibus
802 482 911 549 contisi,
930 485 980 560 qui

64 576 152 620 >rem
172 559 320 637 publicam
338 578 427 638 saepe
446 563 476 621 in
493 564 638 622 maxumis
653 562 792 640 periculis
814 582 976 625 servavere.

74 644 156 703 rotis
170 660 268 721 neque
290 643 440 721 subpliciis
456 643 649 704 muliebribus
667 646 770 706 auxilia
787 647 910 707 deorum
927 651 1024 726 par-29

64 744 112 787 rr:
131 725 287 804 vigilando,
305 728 428 804 agendo,
444 727 521 788 bene
532 728 711 789 consulendo
727 747 869 807 prospere
882 734 979 792 omnia

65 816 115 871 nt:
137 809 190 869 ubi
208 811 360 871 socordiae
381 819 415 871 te'
432 819 520 890 atque
539 814 669 889 ignaviae
684 814 852 883 tradideris,
876 817 978 894 nequi-

64 911 78 953 o
102 892 177 954 deos
194 893 338 971 inplores:
362 896 427 955 irati
448 895 602 974 infestique
626 903 702 957 sunt.
747 898 831 975 Apud
852 901 978 958 maiores
988 898 1023 950 30

64 994 109 1037 ros
120 976 155 1037 T.
165 976 290 1038 ldanlius
301 978 468 1056 Torquatus
478 979 556 1040 bello
568 980 677 1041 Gallico
689 981 781 1041 lilium
792 999 887 1051 suum,
901 982 979 1060 quod

66 1068 136 1121 ntra
150 1062 297 1139 inperium
318 1064 348 1122 in
363 1063 477 1123 hostem
492 1071 686 1141 pugnaverat,
709 1066 809 1124 necari
826 1066 918 1133 iussit,
936 1073 978 1125 at-

64 1144 114 1205 ille
132 1147 270 1222 egregius
287 1145 459 1207 adulescens
476 1148 674 1208 inmoderatae
690 1147 867 1207 fortitudinis
883 1156 978 1209 morte

64 1246 104 1288 tas
121 1228 218 1289 dedit:
239 1247 291 1288 ros
307 1230 342 1290 de
359 1229 577 1291 crudelissumis
598 1232 734 1308 paricidis
757 1232 827 1310 quid
847 1232 1019 1292 statuatis3l

64 1312 191 1373 taminil
217 1311 357 1373 Videlicet
372 1322 470 1374 cetera
481 1316 537 1375 vita
550 1332 653 1374 eorum
669 1316 738 1374 huic
752 1315 857 1375 sceleri
873 1315 978 1376 obstat.

64 1413 103 1455 rm
125 1398 238 1474 parcite
260 1397 391 1473 dignitati
412 1397 542 1466 Lentuli,
566 1400 589 1456 si
613 1400 674 1475 ipse
693 1398 862 1475 pudicitiae,
890 1401 914 1458 si
936 1400 1021 1459 ἵει-32

79 1497 166 1549 suae,
188 1481 213 1540 si
229 1480 290 1541 deis
304 1488 391 1559 atque
410 1481 577 1541 homiuibus
595 1499 735 1559 umquam
752 1481 817 1541 ullis
831 1485 978 1560 pepercit:

64 1565 136 1625 scite
151 1562 273 1640 Cethegi
291 1564 514 1632 adulescentiae,
534 1566 588 1623 nisi
610 1566 716 1625 iterum
737 1566 848 1642 patriae
868 1565 1022 1625 bellum33

64 1690 72 1703 .
114 1646 191 1707 Nam
207 1648 276 1726 quid
294 1664 349 1724 ego
372 1648 407 1709 de
424 1648 547 1710 Gabinio
568 1648 679 1708 Statilio
698 1647 838 1726 Caepario
856 1647 1020 1729 loquarl3s

66 1733 141 1791 ussi
159 1732 316 1810 quicquam
333 1750 470 1810 umquam
490 1734 572 1808 pensi
592 1733 710 1801 luisset,
733 1750 792 1792 non
808 1751 842 1792 ea
860 1731 978 1793 consilia

66 1810 222 1893 epublica
241 1815 420 1875 habuissent.
444 1816 612 1884 Postremo,
636 1823 734 1891 patres
762 1818 932 1895 conscripti,
953 1817 977 1876 si
988 1827 1022 1878 35

64 1897 179 1958 ercules
200 1906 322 1976 peccato
342 1897 425 1958 loeus
446 1908 530 1967 esset,
549 1898 633 1959 larile
654 1905 772 1977 paterer
791 1917 843 1959 vos
863 1901 925 1975 ipsa
944 1917 978 1959 re

64 1982 123 2057 igi,
139 1984 277 2059 quoniam
295 1981 382 2042 verba
398 1985 597 2042 contemnitis:
614 1990 658 2042 set
673 1983 802 2062 undique
817 1982 978 2043 circumve·

65 2082 161 2125 umus.
190 2065 312 2126 Catilina
328 2084 395 2125 cum
413 2068 542 2126 exercitu
561 2066 694 2127 saucibus
709 2072 824 2144 urguet,
842 2065 889 2126 alii
904 2068 978 2126 intra

64 2150 108 2208 nia
124 2156 212 2227 atque
228 2152 258 2211 in
273 2152 339 2209 sinu
355 2148 466 2229 [urbis]
487 2158 555 2209 sunt
569 2149 677 2219 hostes,
701 2168 796 2227 neque
812 2151 910 2227 parari
927 2168 978 2209 ne-

66 2233 179 2294 ccnsuli
195 2236 351 2312 quicquam
369 2233 482 2294 occulte
496 2240 606 2311 potest:
631 2252 688 2312 quo
703 2235 795 2309 magis
816 2250 978 2311 properan-

78 2322 134 2377 est.

77 2401 186 2473 Quare
200 2402 240 2461 ita
261 2418 382 2461 censeo:
407 2419 472 2460 cum
494 2400 607 2460 nelarie
627 2400 746 2460 consilio
768 2399 979 2459 sceleratorum
988 2399 1022 2452 36

64 2500 99 2545 un
120 2502 170 2545 res
190 2483 308 2563 publica
326 2486 355 2543 in
373 2501 509 2544 maxuma
531 2484 660 2563 pericula
682 2485 804 2550 venerit,
830 2483 914 2559 eique
935 2482 979 2540 in-

64 2568 114 2629 t'l'.
135 2567 266 2629 Volturci
278 2575 307 2628 et
327 2567 492 2644 legatorum
509 2567 700 2644 Allobrogum
724 2567 846 2626 convicti
864 2564 980 2624 confes·

64 2653 157 2724 osiut,
180 2652 300 2712 caedem
316 2652 449 2712 incendia
466 2651 579 2728 aliaque
595 2670 625 2712 se
647 2651 732 2711 loeda
748 2657 835 2727 atque
850 2648 980 2709 crudelia

64 2754 123 2796 rora
138 2738 171 2797 in
191 2737 262 2796 ciris
279 2737 462 2814 patriamque
477 2737 639 2812 paravisse,
662 2735 697 2795 de
719 2732 874 2800 confessis,
895 2734 980 2792 sicuti

64 2820 217 2881 sanusestis
230 2838 332 2881 rerum
349 2819 529 2898 capitalium,
549 2836 633 2879 more
647 2820 791 2878 maiorum
804 2815 980 2894 subplicium

64 2903 192 2966 undum!

76 2988 237 3069 Postquam
253 2987 324 3049 Cato
338 2987 464 3055 adsedit,
490 2984 660 3046 consulares
675 3002 776 3046 omnes
791 2985 919 3062 itemque
934 3001 979 3044 se-
991 2976 1031 3038 53

64 3090 200 3151 smagna
223 3090 293 3152 pars
309 3073 482 3133 sententiam
500 3073 561 3130 eius
579 3070 713 3137 laudant,
734 3071 871 3128 virtutem
892 3069 981 3126 animi

65 3156 160 3219 aslum
172 3158 289 3219 lerunt:
305 3154 352 3216 alii
364 3155 434 3215 alios
445 3158 631 3231 increpantes
642 3155 758 3214 timidos
773 3156 892 3218 vocant,
909 3149 981 3209 Cato

64 3258 93 3303 us
113 3248 201 3323 atque
213 3257 339 3319 magnus
358 3240 499 3300 habetur:
518 3241 610 3298 senati
626 3239 775 3299 decretum
788 3238 820 3295 nt
839 3236 913 3293 sicut
933 3231 981 3292 ille

64 3333 161 3389 uerat.

80 3410 133 3473 sn
151 3410 225 3473 mun
238 3407 330 3471 multa
345 3409 468 3487 legenti,
484 3407 574 3469 multa
594 3406 736 3474 audienti,
760 3421 834 3483 quae
852 3402 1005 3480 populusa
