2272 4176
10 39 142 123 5'''‘³,⁷'”

439 172 554 236 LIBER
577 174 641 238 vll.
970 174 1033 242 1³9

16 374 21 379 -
54 328 214 408 imperium
228 331 390 409 deponere
404 331 518 406 coligit,
534 329 818 409 Convictolitavem,
845 332 898 410 qui
912 348 968 410 per
982 350 1030 395 sa·

54 416 195 477 cerdotes
220 432 310 478 more
336 417 465 478 civitatis
489 416 672 497 intermissis
698 418 925 494 magistratibus
948 427 1032 481 esset

10 524 15 553 :
55 508 182 577 creatus,
200 508 387 578 potestatem
401 501 540 563 obtinere
555 502 654 562 iussit.

131 586 273 647 XXXIV.
301 587 370 648 Hoc
395 588 519 647 decreto
545 586 724 662 interposito
751 587 928 651 cohortatus
952 589 1030 650 llae-

17 676 21 684 '
55 671 144 747 daos,
159 678 196 732 ut
212 672 492 732 controversiarum
507 685 544 729 ec
559 671 763 733 dissensionis
780 673 1031 736 obliviscerentur

10 774 28 883 ¹}
54 764 140 834 atque
166 756 315 818 omnibus
335 757 460 817 omissis
485 755 534 815 his
557 757 652 817 rebus
677 756 748 817 huic
773 757 854 818 bello
881 759 1031 820 servirent

54 856 150 919 eaque
170 857 257 919 quae
277 841 463 902 meruissent
479 841 615 917 praemia
629 842 668 901 ab
683 856 718 901 se
733 842 853 903 devicta
868 843 965 904 Gallia
979 861 1030 905 ex-

54 934 213 1004 pectarent
233 928 464 1004 equitatumque
486 941 607 986 omnem
629 931 658 985 et
679 927 814 1001 peditum
834 929 917 988 milia
936 945 957 988 x
972 930 1031 990 sibi

55 1012 192 1073 celeriter
213 1013 381 1088 mitterent,
407 1026 488 1089 quoe
512 1011 542 1069 in
562 1011 725 1085 praesidiis
750 1012 794 1070 rei
816 1013 1032 1074 frumentariae

56 1112 146 1158 eausa
157 1098 352 1173 disponeret
368 1097 536 1157 exercitum
550 1095 580 1153 in
596 1095 673 1155 duas
689 1103 792 1170 partes
809 1097 1026 1159 divisit=1vle

55 1184 157 1258 mones
180 1184 214 1242 in
236 1181 377 1243 Senones
392 1180 590 1256 Parisiosque
604 1181 739 1241 Labieno
762 1181 920 1244 ducendas
936 1184 1029 1259 dedit,

55 1284 79 1326 n
97 1268 169 1344 ipse
191 1268 225 1327 in
246 1268 405 1327 Arvernos
427 1266 467 1327 ad
488 1265 636 1341 oppidum
658 1265 840 1341 Gergoviam
861 1270 1029 1330 secundum

55 1352 163 1413 lumen
178 1352 294 1411 Elaver
309 1351 410 1420 duxit;
431 1350 585 1427 equitatus
600 1357 717 1425 partem
731 1351 773 1410 illi
787 1351 945 1429 adtribuit,
960 1370 1028 1429 par·

22 1459 29 1529 q
55 1445 106 1499 tem
121 1437 185 1498 sibi
200 1435 334 1511 reliquit.
365 1434 432 1510 Qua
450 1450 485 1494 re
501 1434 623 1509 cognita
635 1435 872 1510 Vercingetorix
887 1438 1029 1498 omnibus

21 1534 26 1551 ¹
53 1522 228 1599 interruptis
244 1521 311 1581 eius
327 1519 461 1582 fluminis
476 1518 621 1597 pontibus
636 1518 674 1579 ab
689 1521 784 1581 altera
798 1519 931 1582 fluminis
941 1530 1029 1599 parte

54 1608 102 1669 iter
116 1609 227 1668 iacere
239 1606 350 1681 coepit.

129 1692 257 1753 XXXV.
280 1690 355 1751 Cum
368 1695 499 1766 uterque
513 1689 666 1765 utrimque
680 1689 798 1750 exisset
811 1691 982 1768 exercitus,
998 1694 1026 1752 in

53 1784 224 1854 conspectu
234 1777 363 1852 fereque
374 1791 392 1835 e
403 1775 530 1851 regione
542 1774 651 1835 castris
664 1780 766 1835 castra
779 1776 944 1849 ponebant.
959 1777 1027 1838 Dis·

20 1902 23 1907 -
54 1863 160 1941 positis
169 1861 431 1938 exploratoribus,
442 1859 552 1920 necubi
561 1858 671 1919 effecto
683 1860 913 1934 ponteRomani
921 1862 1026 1937 copias

17 1925 25 1983 ¹
54 1950 255 2022 traducerent,
271 1952 337 2006 erat
349 1945 380 2005 in
394 1944 660 2021 magnisdaesaris
672 1944 901 2006 difficultatibus
912 1962 973 2021 res,
988 1964 1026 2007 ne

55 2036 200 2096 maiorem
215 2030 342 2092 aestatis
357 2037 475 2105 partem
490 2029 614 2091 flumine
628 2029 840 2104 impediretur,
867 2031 951 2107 quod
964 2049 1025 2093 non

54 2121 111 2179 lere
133 2124 208 2178 ante
228 2122 406 2177 autumnum
420 2115 530 2174 Elaver
549 2115 630 2174 vado
651 2115 773 2174 transiri
795 2116 883 2176 solet.
912 2117 1026 2194 ltaque,

54 2220 87 2264 ne
100 2204 134 2263 id
155 2202 326 2275 accideret,
353 2200 485 2259 silvestri
505 2201 574 2261 loeo
602 2198 712 2259 eastris
733 2200 842 2275 positis
865 2202 1026 2276 eregione

55 2289 139 2349 unius
156 2302 265 2347 eorum
280 2285 434 2360 pontium,
461 2300 541 2359 quos
554 2283 789 2358 Vercingetorix
803 2285 1025 2347 rescindendos

56 2378 228 2447 curaverat,
244 2376 372 2446 postero
388 2369 437 2429 die
454 2384 523 2428 cum
538 2368 658 2430 duabus
672 2368 845 2443 legionibus
860 2369 891 2428 in
907 2373 1026 2433 occulto

23 2472 29 2531 ξ
98 2458 176 2528 titit;
202 2456 340 2532 reliquas
363 2454 469 2528 copias
491 2469 560 2513 cum
574 2453 715 2513 omnibus
731 2454 970 2530 impedimentis,
995 2463 1029 2516 ut

11 2570 31 2613 ι,
59 2547 274 2616 consueverat,
289 2539 370 2599 misit
385 2539 482 2614 captis
499 2538 682 2615 quibusdam
697 2538 890 2613 cohortibus,
915 2541 958 2599 uti
973 2556 1028 2599 nu-

28 2656 33 2705 ·.
58 2644 152 2689 uenis
173 2627 331 2702 legionum
353 2631 495 2684 constare
514 2623 678 2682 videretur.
717 2623 771 2683 His
799 2639 890 2699 quam
913 2625 1025 2700 longis

17 2718 33 2785 ,ξ
58 2714 125 2774 sime
139 2717 274 2789 possent
289 2708 393 2784 egredi
408 2709 511 2782 iussis,
528 2724 596 2767 cum
611 2708 671 2766 iam
682 2722 722 2766 ex
733 2707 793 2767 diei
805 2715 943 2783 tempore
956 2725 1027 2769 con-

29 2820 33 2841 =
58 2796 199 2859 lecturam
221 2800 348 2872 ceperat
368 2793 399 2852 in
428 2801 529 2853 castra
549 2798 746 2867 perventum,
773 2792 871 2852 isdem
892 2793 1028 2868 sublicis,

28 2930 31 2937 .
60 2899 182 2959 quarum
197 2896 273 2956 pars
288 2877 414 2938 inferior
428 2878 546 2952 integro
556 2877 747 2950 remanebat,
762 2883 887 2953 pontem
900 2878 1029 2938 reficere

26 3026 29 3033 .
59 2968 161 3045 coepit.
194 2965 341 3025 Celeriter
355 2962 464 3023 allecto
481 2977 574 3038 opere
589 2960 825 3037 legionibusque
838 2962 985 3022 madualis
1000 2971 1029 3022 et

58 3052 119 3115 loco
145 3050 259 3113 eastris
284 3049 395 3109 idoneo
421 3048 540 3108 delecto
565 3047 701 3122 reliquas
728 3045 834 3121 copias
861 3047 1028 3108 revocavit.

58 3136 291 3212 Vercingetorix
303 3149 339 3193 re
353 3133 490 3207 cognita,
505 3148 545 3190 ne
561 3139 668 3192 contra
682 3146 769 3191 suam
782 3132 970 3191 voluntatem
984 3130 1028 3192 di·

58 3222 165 3284 micare
181 3225 353 3295 cogeretur,
369 3219 487 3293 magnis
503 3217 659 3276 itineribus
676 3215 850 3275 antecessit.

132 3306 271 3368 XXXVI.
290 3303 402 3363 Caesar
416 3318 456 3362 ex
471 3319 507 3362 eo
523 3304 591 3361 loco
606 3300 718 3375 quintis
731 3299 839 3359 castris
849 3299 1028 3376 Gergoviam

57 3392 192 3469 pervenit
206 3388 408 3467 equestrique
423 3404 461 3449 eo
478 3388 527 3446 die
541 3384 659 3462 proelio
673 3384 734 3445 levi
748 3384 844 3461 laeto,
865 3393 1028 3463 perspecto

57 3477 137 3539 urbis
152 3476 232 3555 situ,
259 3488 341 3552 quae
358 3473 461 3549 posita
480 3471 511 3534 in
533 3471 683 3538 altissimo
696 3476 803 3538 moute
816 3470 922 3537 arunte
933 3471 1044 3536 abitus
