2272 4176
153 527 213 591 102
341 546 383 588 ιι
404 545 508 588 ιιιιο
530 544 731 589 marmonio
756 544 785 588 c.
809 526 870 590 102.
888 538 951 592 loa.

151 701 180 754 te
201 695 336 773 experiri,
360 712 448 761 nunc,
470 693 587 771 quaudo
607 711 661 771 per
683 694 761 753 illam
776 693 853 763 licet,
869 694 978 757 festina
994 694 1122 775 atquculi

112 794 143 846 10
154 778 275 855 coepisti
289 795 390 855 perge.
424 776 514 837 llulta
530 776 647 858 [atque]
664 785 809 857 oportuna
823 778 929 849 habes,
954 797 1014 858 quo
1029 779 1122 841 lucilius

109 880 139 932 11
151 868 247 923 errata
268 862 371 923 officiis
393 879 523 939 superes
564 861 716 921 Postremo
735 861 792 923 boc
813 864 844 922 iu
863 869 972 940 pectus
993 864 1122 925 tuumdc·

149 947 240 1014 mitte,
259 964 420 1024 numquam
438 944 580 1023 populum
595 944 761 1006 Romanum
774 946 920 1007 benificiis
935 948 1046 1008 victum
1059 964 1122 1009 esse·

149 1047 218 1089 nam
240 1028 318 1090 bello
341 1029 411 1107 quid
431 1029 589 1089 valcatt
545 1034 606 1089 tute
627 1028 702 1088 scis!

110 1126 140 1176 ιι
234 1113 279 1174 Ad
303 1132 337 1174 ca
357 1113 492 1173 Bocchus
518 1112 630 1191 placide
655 1121 683 1172 et
699 1113 835 1190 benigue,
858 1114 951 1175 simul
972 1096 1065 1193 pauca
1081 1132 1123 1193 pro

151 1197 256 1259 delicto
273 1215 326 1258 suo
348 1196 438 1257 rerba
460 1197 544 1257 lacit:
565 1214 596 1256 se
617 1215 677 1256 uon
699 1196 797 1257 hostili
818 1200 928 1268 animo,
954 1206 1001 1258 set
1019 1216 1124 1277 regnum

107 1296 140 1348 13
150 1288 293 1342 tutantem
316 1300 396 1341 arma
412 1283 537 1358 cepisse:
556 1298 625 1340 nam
641 1279 794 1341 Numidiae
809 1290 939 1360 partem,
958 1283 1038 1343 uude
1053 1303 1079 1343 ιι
1072 1281 1123 1343 ’1ι·

149 1364 286 1441 gurtham
303 1365 455 1443 exprderit
479 1366 543 1424 iure
565 1363 634 1424 belli
656 1381 738 1424 suam
761 1364 885 1425 factam:
909 1385 979 1426 eam
1001 1368 1123 1427 vastarit

108 1458 141 1507 14
152 1447 242 1522 Mario
257 1450 317 1526 pati
332 1449 515 1526 nequivisse:
537 1456 690 1525 praeterea
704 1449 800 1509 missis
815 1458 903 1509 antea
918 1448 1048 1511 Romam
1062 1450 1122 1527 lega·

150 1534 186 1591 tis
200 1532 352 1609 repulsum
370 1531 406 1591 ab
423 1533 562 1591 amicitia:
587 1538 717 1591 ceterum
732 1539 831 1592 vetera
847 1536 1000 1603 omittere,
1022 1552 1055 1595 ac
1067 1540 1120 1601 tum

109 1626 140 1677 15
150 1616 175 1673 si
189 1632 244 1691 per
260 1615 383 1675 Marium
396 1613 511 1683 liceret,
534 1615 645 1690 legatos
660 1615 696 1675 ad
712 1624 846 1676 senatum
864 1619 1039 1679 missurum
1065 1616 1118 1678 neu

151 1699 235 1775 copia
249 1698 325 1758 lacta
340 1698 453 1757 animus
469 1697 589 1758 barbari
606 1697 642 1757 ab
662 1699 762 1758 amicis
775 1699 881 1770 llexus,
906 1718 985 1779 quos
1001 1700 1117 1778 iugum

152 1783 266 1858 cognita
289 1781 434 1858 legatione
457 1781 553 1842 Sullae
573 1787 602 1841 et
623 1780 719 1849 Manli,
742 1790 879 1843 metucns
898 1784 932 1844 id
956 1786 1035 1865 quod
1053 1801 1115 1863 pau

149 1864 252 1933 batur,
274 1866 357 1926 donis
373 1874 559 1943 conruperat.

101 1949 158 2011 103
234 1948 342 2008 Marius
361 1950 473 2009 interea
489 1951 619 2009 exercitu
639 1950 668 2008 in
685 1948 885 2010 hibernaculis
902 1955 1055 2032 conposito
1067 1966 1113 2013 cun

150 2033 299 2110 expeditis
315 2033 419 2092 cohort
419 2032 532 2093 ibuset
545 2039 628 2129 parte
649 2035 793 2110 equitatus
808 2034 1012 2110 proficiscitur
1032 2034 1112 2097 inlou

149 2116 210 2175 sola
226 2116 379 2176 obsessum
394 2119 502 2175 turrim
513 2119 639 2193 regiam,
656 2135 713 2194 quo
728 2115 872 2192 iugurtha
887 2118 1031 2196 perfugas
1044 2118 1111 2179 omni

147 2200 326 2277 praesidium
339 2202 516 2277 inposuerat.

123 2299 140 2347 2
234 2283 310 2343 Tum
326 2301 429 2343 rursus
445 2283 580 2343 bocchus
595 2283 731 2352 flectitur,
749 2300 802 2343 seu
813 2287 983 2362 reputando
1000 2282 1112 2367 quaesibi

151 2365 266 2426 duobus
288 2368 405 2442 proeliis
426 2376 581 2435 uenerant,
611 2386 663 2428 seu
692 2367 859 2428 admonitus
882 2368 920 2428 ab
944 2369 1006 2430 aliis
1028 2370 1111 2431 amici

151 2466 225 2525 quos
241 2451 431 2528 inconruptos
446 2450 586 2526 iugurtha
597 2450 765 2529 reliquerat.
789 2451 889 2523 Ipitur
906 2471 944 2512 ex
962 2457 1041 2515 omui
1054 2451 1112 2530 copb

150 2536 383 2593 necessariorum
406 2536 534 2612 quinque
551 2534 673 2610 delegit,
695 2552 821 2612 quorum
841 2543 871 2594 et
884 2536 960 2598 fides
979 2539 1112 2614 coguitad

123 2618 265 2691 3ingenia
287 2616 472 2678 validissuma
502 2626 599 2677 erant:
630 2636 680 2678 eos
702 2617 738 2677 ad
760 2618 886 2679 Marium
908 2639 944 2681 ac
965 2622 1078 2689 deiude,
1098 2614 1113 2675 ι’

148 2698 275 2777 placeat,
304 2700 428 2760 Romam
456 2701 533 2776 legat
535 2719 567 2759 os
589 2703 632 2761 ire
655 2701 751 2761 iubet:
778 2703 963 2777 agendarum
987 2706 1112 2766 rerumd

149 2802 335 2862 quocumque
349 2785 435 2844 modo
446 2783 516 2845 belli
530 2785 714 2863 conponendi
728 2783 876 2845 licentiam
889 2785 976 2868 [illis]
989 2787 1112 2867 permittit

123 2866 192 2926 41111
216 2876 330 2927 mature
353 2869 389 2927 ad
410 2867 533 2927 hiberna
548 2867 750 2928 Romanorum
771 2869 1016 2944 proficiscuntur,
1036 2868 1114 2933 deinde

150 2949 216 3029 [in
209 2971 218 3009 ι
219 2950 325 3030 tinere]
342 2971 358 3011 a
373 2951 501 3012 Gaetulis
516 2950 677 3012 latronibus
693 2953 884 3013 circumuenti
899 2955 1115 3036 spoliatiquep·

148 3035 206 3094 vidi
223 3037 284 3094 sine
300 3036 408 3095 decore
423 3035 460 3094 ad
478 3034 587 3095 Sullam
602 3036 786 3113 perfugiunt,
813 3054 902 3113 quem
924 3039 1052 3101 consul
1044 3058 1070 3101 ιι
1081 3054 1115 3098 ιι

123 3119 326 3195 ιιιι1111ιιιιιιιι
352 3119 542 3196 proficiscens
564 3137 618 3196 pro
644 3126 780 3197 praetore
802 3118 977 3198 reliquerat.
1014 3124 1068 3185 Eos
1084 3118 1117 3182 illc

149 3220 209 3261 non
230 3221 286 3280 pro
307 3204 389 3262 tanis
411 3202 559 3271 hostibus
578 3205 620 3263 uti
638 3204 734 3263 meriti
756 3210 854 3271 erant,
877 3212 924 3265 set
946 3216 1081 3269 accurate
1096 3220 1119 3265 ιι

148 3284 308 3347 liberaliter
334 3286 449 3345 habuit:
481 3305 538 3364 qua
559 3306 592 3347 re
614 3286 734 3346 barbari
755 3292 785 3345 et
805 3286 919 3349 lamam
937 3289 1120 3353 Romanorum

148 3371 285 3430 avaritiae
300 3369 403 3429 falsam
417 3376 446 3429 et
462 3368 572 3430 Sullam
587 3370 623 3429 ob
640 3370 870 3431 munificentiam
883 3374 915 3432 in
930 3391 999 3436 sese
1015 3378 1121 3437 amicuu

120 3456 212 3515 orati
253 3453 328 3514 Nam
351 3455 500 3513 etiamtum
524 3451 643 3550 largitio
670 3452 768 3515 multis
789 3456 927 3531 ignorata
950 3467 1032 3520 erat:
1053 3472 1121 3521 nent

147 3537 303 3597 munificus
317 3536 485 3615 putabatur,
501 3538 556 3597 nisi
569 3539 646 3614 parit
647 3555 679 3597 cr
634 3535 809 3606 t,volens
834 3539 914 3600 dona
930 3546 1033 3605 omnia
1047 3547 1075 3605 iu
1086 3542 1123 3603 be·

121 3622 287 3696 unignitate
304 3619 498 3680 habebantur.
531 3620 585 3696 lgit
586 3639 622 3680 ur
641 3622 790 3700 quaestori
802 3624 945 3686 mandata
967 3626 1075 3690 bocchi
1086 3642 1123 3704 pt·

150 3703 306 3763 telaciunt:
329 3703 415 3763 simul
436 3703 471 3762 ab
489 3722 524 3764 eo
542 3711 659 3781 petunt,
675 3702 830 3764 utifautor
850 3710 1066 3791 consultorque
1083 3706 1125 3771 sib·

146 3787 240 3852 adsit:
265 3790 376 3873 copias,
398 3787 499 3859 libem
516 3787 744 3865 maqmtudiuem
765 3789 847 3867 regis
868 3794 918 3853 sui
937 3802 968 3855 et
986 3795 1051 3866 alia,
1066 3804 1132 3874 qun
