2272 4176
118 432 182 497 296
238 431 241 437 ’
438 435 489 495 DE
510 434 635 496 BELLO
658 435 775 496 ctvttl

120 588 202 648 dium
216 586 361 647 exercitui
376 588 518 656 dandum,
535 591 638 649 socios
651 588 887 665 confirmandos,
902 592 1080 666 praesidium

118 673 244 733 urbibus
269 673 500 748 relinquendum
528 687 656 732 necesse
680 683 746 733 erat
775 674 862 735 adire
884 676 1080 751 Apolloniam.

120 757 180 817 Sed
194 757 242 816 his
257 757 349 817 rebus
365 765 478 818 tantum
493 756 639 831 temporis
654 756 765 831 tribuit,
782 764 928 833 qnantum
942 768 1009 821 crat
1020 778 1080 836 pro-

121 843 236 916 peranti
261 856 405 900 necesse:
434 842 542 902 timens
563 841 707 915 Domitio,
733 856 772 901 ne
799 842 934 904 adventu
958 842 1076 920 Pompo

122 934 413 1001 praeoccuparetur,
440 925 478 984 ad
502 925 666 986 cumomni
682 926 838 985 eeleritate
856 936 887 988 et
900 929 1002 988 studio
1017 930 1079 989 incr-

119 1018 197 1070 tatus
214 1010 374 1068 serebatur.
390 1010 494 1069 Totius
509 1016 609 1080 antem
623 1010 667 1068 rel
683 1010 843 1070 consilium
858 1010 907 1071 his
921 1014 1080 1073 rationibus

119 1092 298 1168 explicabat,
315 1103 355 1166 ut,
371 1093 566 1168 siPompcius
579 1093 686 1153 eodem
702 1095 911 1170 contenderet,
926 1097 1080 1158 abductum

118 1179 200 1238 illum
214 1194 233 1235 a
246 1177 320 1236 mari
337 1184 426 1253 atquc
441 1177 478 1237 ab
497 1178 534 1237 iis
550 1178 656 1252 copiis,
673 1194 750 1252 quas
766 1179 952 1256 Dyrrhachii
967 1197 1080 1257 compa·

118 1269 251 1335 raverat‚
278 1263 426 1323 irumento
448 1277 484 1320 ac
505 1269 674 1321 commeatu
694 1263 880 1322 abstractum
898 1265 970 1339 pari
986 1267 1080 1326 condi·
1123 1280 1127 1353 1

119 1347 206 1406 cione
220 1345 290 1405 belli
306 1361 411 1405 secum
426 1347 581 1405 decertare
598 1353 736 1420 cogerem
757 1349 784 1406 si
804 1347 834 1405 in
850 1349 969 1408 ltaliam
983 1351 1080 1410 transi-
1125 1358 1127 1383 ²

118 1439 173 1504 ret,
190 1430 352 1489 coniuncto
366 1431 500 1490 exercitu
516 1447 584 1489 cum
599 1430 728 1490 Domitio
745 1447 800 1505 per
815 1433 973 1509 Illyricum
988 1434 1080 1495 ltaliae
1125 1454 1127 1495 :

119 1515 255 1573 subsidio
277 1514 539 1588 proficisceretur3
569 1514 594 1572 si
617 1515 810 1589 Apolloniam
833 1515 1021 1594 Oricumque
1034 1535 1079 1593 op·

119 1614 255 1673 pugnare
275 1605 304 1657 et
324 1614 359 1658 se
380 1599 461 1658 omni
482 1599 641 1657 marituma
662 1615 715 1657 ora
735 1599 902 1660 excludere
918 1610 1080 1677 conaretur,

119 1683 248 1742 obsesso
272 1681 430 1758 Scipione,
458 1684 633 1743 necessario
655 1684 737 1742 illum
758 1683 823 1742 suis
845 1686 995 1746 auxilium
1010 1689 1081 1746 lerre

118 1774 248 1841 cogeret.
278 1768 384 1841 ltaque
399 1767 575 1841 praemissis
591 1766 702 1826 nuntiis
718 1766 755 1825 ad
772 1767 823 1826 Cn.
837 1769 1003 1831 Domitium
1017 1770 1080 1831 Cae

118 1867 168 1910 sar
190 1851 313 1925 scripsit
333 1859 376 1923 et,
403 1851 476 1926 quid
498 1851 563 1909 lieri
585 1853 690 1924 vellet,
716 1852 850 1911 ostendit
864 1855 1080 1931 praesidioque

119 1935 298 2010 Apolloniae
319 1935 495 1996 cohortibus
517 1942 670 2008 quattuor,
696 1934 774 1993 Lissi
790 1952 867 2010 una,
893 1938 994 1999 tribus
1011 1939 1080 2000 Orici

118 2021 228 2079 relictis
237 2021 443 2094 quiqueerant
454 2035 493 2078 ex
506 2020 682 2077 vulneribus
692 2019 773 2092 aegri
783 2019 935 2094 depositis
949 2039 1007 2098 per
1017 2024 1080 2099 Epi·

116 2120 181 2163 rum
197 2112 287 2179 atque
300 2104 510 2162 Athamaniam
524 2103 579 2162 iter
593 2103 694 2162 lacere
709 2104 818 2176 eoepit.
832 2104 1001 2180 Pompeius
1016 2124 1078 2184 quo

118 2204 176 2262 que
185 2189 223 2247 de
232 2189 370 2247 Caesaris
380 2189 507 2247 consilio
522 2188 697 2246 coniectura
709 2186 847 2247 iudicans
864 2191 904 2249 ad
913 2189 1082 2266 Scipionem

117 2274 344 2346 properandum
359 2273 416 2331 sibi
431 2271 636 2331 existimabat:
652 2272 679 2331 si
694 2271 806 2330 Caesar
818 2273 875 2331 iter
889 2275 941 2335 illo
954 2274 1082 2349 haberet,

116 2362 148 2413 ut
161 2356 329 2414 subsidium
339 2355 473 2430 Scipioni
487 2358 596 2423 serret3
612 2357 638 2414 si
652 2355 689 2413 ab
699 2371 753 2414 ora
765 2357 927 2417 marituma
936 2357 1083 2436 Oricoque

115 2439 275 2499 discedere
290 2441 389 2512 nollet,
403 2441 485 2514 quod
501 2440 636 2513 legiones
652 2441 880 2515 equitatumque
895 2442 1077 2504 exltallaex·

114 2529 257 2598 peccaret,
273 2524 340 2598 ipse
353 2532 386 2583 ut
400 2523 541 2584 omnibus
554 2524 651 2598 copiis
660 2524 820 2582 Domitium
835 2527 1063 2599 adgrederetur.

196 2606 322 2667 LXXlX.
344 2607 398 2667 His
422 2608 459 2667 de
476 2609 577 2667 causis
593 2616 722 2681 uterque
738 2623 842 2668 eorum
860 2612 1009 2672 celeritati
1025 2622 1080 2674 stu·

115 2691 214 2764 debat,
232 2698 262 2750 ct
274 2692 338 2751 suis
354 2699 387 2752 ut
401 2701 483 2752 esset
498 2693 626 2767 auxilio,
643 2699 672 2751 et
686 2692 725 2750 ad
741 2693 963 2766 opprimendos
979 2698 1082 2757 adver-

114 2776 212 2836 sarlos
225 2792 263 2834 nc
277 2776 431 2836 occasioni
443 2777 588 2851 temporis
601 2778 732 2836 deesset.
750 2775 810 2835 Sed
821 2777 985 2838 Caesarem
994 2783 1081 2857 Apol-

113 2860 195 2920 lonia
214 2877 232 2919 a
254 2861 368 2920 directo
390 2861 496 2919 itinere
511 2868 678 2929 averterat3
703 2860 866 2934 Pompeius
889 2878 947 2937 per
969 2864 1071 2925 Canda

112 2947 191 3004 viam
212 2944 268 3004 iter
289 2946 319 3004 in
338 2944 549 3005 Macedoniam
575 2945 749 3019 expeditum
771 2944 913 3005 habebat.
944 2949 1083 3009 Accessit

113 3029 202 3088 ctiam
217 3044 256 3087 ex
271 3029 436 3104 improviso
452 3030 534 3088 aliud
555 3029 795 3103 incommodum,
825 3032 908 3103 quod
924 3032 1081 3105 Domitius,

114 3113 163 3189 qni
185 3113 252 3174 dios
274 3116 447 3187 complures
469 3114 577 3174 eastris
601 3112 755 3186 Scipionis
778 3122 879 3173 castra
900 3117 1014 3175 collata
1033 3117 1082 3177 ha-

112 3197 243 3271 buisset,
269 3197 313 3257 rei
334 3199 546 3257 frumentariae
562 3213 657 3258 causa
671 3197 709 3256 ab
725 3212 761 3257 co
779 3198 968 3259 discesserat
982 3206 1015 3259 ot
1027 3201 1082 3260 He-

112 3282 252 3356 racliam,
269 3298 348 3357 quae
362 3289 409 3343 est
423 3283 561 3342 subiecta
569 3282 750 3354 Candaviae,
766 3281 822 3339 lter
834 3284 958 3358 lecerat,
973 3291 1007 3344 ut
1018 3285 1083 3361 ipsa

71 3421 75 3426 .
112 3367 232 3426 fortuna
257 3366 338 3426 illum
364 3367 486 3428 obicere
511 3367 656 3441 Pompeio
683 3366 849 3426 videretur,
877 3368 963 3428 Haec
990 3368 1082 3429 adid

112 3456 230 3524 tempus
247 3450 359 3512 Caesar
379 3451 545 3526 ignorabat.
576 3450 671 3511 Simul
693 3465 711 3508 a
730 3448 876 3525 Pompeio
900 3451 1007 3513 litteris
1029 3468 1083 3530 per

111 3550 216 3593 omnes
238 3536 411 3611 provincias
433 3536 630 3611 civitatesque
652 3534 786 3595 dimissis
808 3535 926 3609 proelio
950 3537 992 3596 ad
1005 3536 1080 3617 Dyr-

112 3617 265 3678 rhachium
286 3621 365 3682 laeto
385 3620 474 3681 latius
495 3618 692 3696 inflatiusque
706 3620 815 3693 multo,
841 3636 933 3695 quam
949 3636 1001 3682 ros
1017 3628 1080 3683 orat

110 3706 205 3781 gesto,
219 3702 302 3765 tttma
313 3704 530 3781 percrebuerat
542 3706 666 3779 pulsum
680 3704 788 3779 lugere
803 3702 967 3769 Caesarem
981 3722 1080 3786 paene
