2272 4176
142 510 183 569 22
264 530 306 569 nn
328 528 500 570 cacinnum
523 529 762 570 courunn'moun
785 528 812 570 c.
835 522 878 573 44.
901 522 945 575 45.
967 524 1008 577 46.

146 675 231 736 aliter
252 675 322 735 haut
344 674 428 735 facile
454 693 504 735 eos
534 675 570 735 ad
598 680 711 733 tantum
731 676 884 751 negotium
905 677 1006 755 inpelli
1028 694 1106 756 pesse

117 758 247 820 2Ceteri
261 757 333 817 nibil
348 759 527 835 suspicantes
544 759 621 825 dant,
637 756 751 817 Cassius
766 766 861 821 semet
875 778 913 821 eo
928 760 1011 821 breti
1024 770 1109 823 renu-

146 860 214 903 rum
236 840 389 918 pollicetur
408 859 443 901 ac
460 841 548 918 paulo
565 847 631 900 ante
644 839 756 917 legatos
773 860 810 902 ex
824 842 904 904 urbe
924 844 1108 921 proficiscitur.

115 925 290 986 slentulus
314 942 381 984 cum
408 926 449 984 eis
468 924 502 984 T.
525 922 704 983 Volturcium
726 926 875 1003 quendam
909 925 1109 988 Crotoniensem

144 1010 240 1077 mittit,
256 1014 289 1067 ut
303 1004 474 1084 Allobroges
488 1009 570 1085 prius
581 1024 668 1085 mam
682 1007 802 1068 demum
816 1018 981 1088 pergerent
994 1028 1056 1071 crem
1067 1009 1125 1071 coa·

116 1091 227 1150 etilina
247 1092 312 1150 data
330 1096 417 1168 atque
430 1098 549 1168 accepta
563 1090 619 1150 lide
634 1092 800 1151 societatem
817 1094 1036 1154 confirmarent.
1057 1092 1111 1171 lpse

147 1174 295 1233 Volturcio
311 1174 422 1234 litteras
436 1174 471 1234 ad
486 1173 636 1235 Catilinam
649 1173 707 1242 dat,
724 1192 850 1253 quarum
867 1176 1036 1254 exemplum
1051 1175 1112 1236 inira

147 1259 290 1333 scriptum
311 1264 369 1317 est:
394 1257 472 1327 ‘Quis
489 1259 552 1326 sim,
575 1274 611 1317 ex
627 1275 662 1317 eo
678 1275 765 1335 quem
780 1258 817 1317 ad
831 1265 862 1320 te
876 1260 945 1320 misi
959 1276 1112 1335 cognosces.

119 1339 207 1399 5Fac
229 1341 354 1416 cogites,
373 1342 403 1400 in
422 1346 529 1418 quanta
546 1340 706 1400 calamitate
725 1342 779 1411 sis,
802 1348 833 1401 et
850 1343 1023 1405 memineris
1043 1350 1069 1403 te
1081 1344 1113 1403 ri·

145 1441 213 1482 rum
230 1441 308 1483 esse:
328 1423 494 1484 consideres
506 1424 575 1502 quid
589 1430 656 1483 tuae
666 1426 793 1485 rationes
807 1426 976 1502 postulent:
991 1424 1132 1487 amilium

119 1513 228 1582 dpetas
242 1507 278 1565 ab
294 1506 447 1586 omnibus,
456 1509 542 1566 etiam
557 1507 593 1567 ab
604 1505 727 1566 infimis’.
749 1508 793 1567 ld
808 1509 866 1569 hoc
878 1510 1018 1571 mandata
1031 1508 1111 1569 verbis

34 1606 37 1615 ·
146 1589 209 1648 dat:
228 1598 304 1648 ‘cum
320 1589 355 1648 ab
371 1596 473 1649 senatu
483 1590 724 1651 hostisiudicatus
737 1593 781 1660 sit,
798 1610 857 1669 quo
873 1592 998 1653 consilio
1013 1592 1110 1653 servitia

145 1673 297 1748 repudiet?
317 1674 348 1732 in
366 1672 441 1733 urbe
462 1681 563 1750 parata
578 1690 642 1735 esse
662 1692 736 1753 quae
754 1676 888 1735 iusserit:
916 1694 955 1738 ne
974 1682 1110 1737 cunctetur

94 1752 135 1812 45
147 1756 208 1831 ipse
219 1756 341 1833 propius
355 1756 516 1818 adcedere'.
548 1758 599 1817 llis
612 1757 701 1817 rebus
716 1760 756 1818 ita
770 1760 850 1829 actis,
867 1762 1027 1821 constituta
1040 1765 1109 1819 node

145 1856 203 1915 qua
221 1840 485 1916 proficiscerentur,
509 1839 610 1900 Cicero
628 1841 808 1918 perlegales
828 1850 936 1904 cuncta
958 1844 1073 1905 edoctus
1084 1840 1132 1901 bt

144 1920 257 1981 Valerio
280 1922 384 1984 Flacco
406 1931 434 1984 et
452 1925 486 1984 G.
508 1924 662 2001 Pomptino
681 1925 867 2001 praetoribus
890 1928 1022 2004 inperat,
1043 1926 1110 1987 utin

145 2013 232 2082 ponte
248 2006 353 2067 Mulvio
368 2025 422 2084 per
437 2008 554 2067 insidias
581 2006 770 2084 Allobrogum
793 2010 950 2071 comitatus
965 2009 1109 2089 depreben-

146 2090 229 2148 dant:
247 2108 310 2149 rem
327 2109 444 2150 omnem
459 2094 561 2168 aperit,
579 2093 660 2151 cuius
679 2093 770 2166 gratia
787 2092 998 2154 mittebantur:
1020 2100 1109 2157 cetera,

118 2175 186 2232 auli
203 2172 278 2232 lacto
299 2191 372 2250 opus
386 2176 430 2242 sit,
454 2177 492 2233 ila
514 2182 600 2250 agant
614 2176 761 2251 permittit.
798 2174 850 2244 llli,
872 2176 1110 2239 hominesmilita·

145 2274 203 2323 res,
219 2259 281 2317 sine
292 2256 417 2317 tumultu
427 2259 578 2334 praesidiis
593 2257 748 2318 conlocatis
763 2260 847 2319 sicuti
857 2267 1050 2339 praeceptum
1062 2266 1111 2321 crat

120 2339 259 2399 30cculle
279 2347 399 2416 pontem
415 2341 559 2401 obsidunt.
593 2341 750 2419 Postquam
766 2341 802 2401 ad
821 2342 851 2403 id
867 2341 928 2403 leci
951 2344 1040 2422 legati
1058 2360 1110 2405 cun

146 2421 293 2482 Volturcio
307 2442 414 2485 venere
426 2431 455 2484 et
469 2424 555 2484 simul
568 2426 714 2502 utrimque
729 2424 839 2485 clamor
850 2435 973 2487 exortus
986 2436 1038 2497 est,
1052 2424 1110 2489 Calli

118 2507 203 2565 acite
220 2508 335 2581 cognito
351 2508 469 2567 consilio
485 2510 547 2568 sine
562 2525 644 2567 mera
658 2509 843 2584 praetoribus
857 2527 890 2569 se
908 2512 1038 2573 tradunt.
1059 2508 1109 2568 llel·

145 2589 256 2649 turcius
270 2592 364 2666 prime
381 2593 548 2651 cohortatus
563 2599 675 2652 ceteros
690 2589 786 2667 gladie
801 2610 833 2652 se
845 2611 860 2653 a
873 2594 1059 2655 mcdtitudine
1071 2593 1109 2653 dc·

144 2672 246 2740 fendit,
271 2672 374 2733 deinde
389 2673 440 2734 ubi
455 2691 471 2733 a
485 2673 585 2752 legatis
602 2675 734 2735 desertus
749 2682 800 2743 est,
817 2676 910 2736 multa
930 2680 1016 2755 prius
1030 2678 1063 2738 de
1075 2692 1109 2735 sa·
1126 2691 1128 2695 ⁴

143 2756 204 2815 lute
218 2773 270 2815 sua
281 2755 466 2833 Pomptinum
481 2758 650 2828 obtestatus
663 2757 740 2836 quod
751 2760 778 2819 ei
788 2766 875 2818 notus
886 2767 960 2831 erat,
977 2768 1109 2839 postremo
1132 2785 1133 2790 κ

144 2839 261 2899 timidus
285 2858 319 2899 ac
339 2842 413 2900 vitae
435 2841 568 2901 diflidens
590 2841 668 2902 velut
696 2841 828 2901 hostibus
849 2859 916 2903 sese
937 2842 1109 2920 praetoribus

145 2922 232 2981 dedit.

92 3003 133 3063 46
228 3006 338 3075 Οιιὼυε
353 3008 442 3067 rebus
456 3007 594 3068 confectis
610 3010 706 3067 omnia
716 3025 843 3084 propere
854 3025 910 3085 per
921 3013 1040 3071 nuntios
1052 3024 1109 3069 cen·

118 3088 198 3150 2suli
213 3089 405 3150 declarantur.
443 3092 479 3149 At
500 3090 581 3150 illum
602 3092 704 3166 ingens
722 3108 794 3150 eura
808 3098 898 3169 atque
916 3093 1025 3153 laetitia
1038 3088 1109 3152 simul
1128 3117 1130 3126 .

144 3190 337 3249 occupavere:
361 3192 428 3232 nam
449 3173 610 3234 laetabatur
630 3172 801 3249 intellegens
823 3177 1026 3238 coniuratione
1041 3182 1108 3253 pate

143 3256 217 3315 lacta
233 3258 375 3316 civilatem
389 3257 524 3333 periculis
540 3264 669 3333 creptam
692 3274 770 3327 esse,
793 3274 885 3334 porro
907 3268 1007 3321 autem
1021 3260 1108 3319 anxius

144 3346 206 3398 erat
228 3339 361 3399 dubitans
375 3342 403 3399 in
420 3358 555 3399 nraxumo
570 3339 681 3400 scelere
698 3342 784 3399 tantis
802 3340 914 3403 civibus
932 3340 1107 3420 deprehensis

143 3422 211 3501 quid
234 3422 308 3482 lacto
325 3440 397 3499 opus
420 3431 510 3482 esset:
535 3440 659 3499 poenam
676 3423 792 3483 illorum
816 3423 871 3484 sibi
893 3428 986 3493 oneri,
1008 3424 1106 3502 inpuni-

116 3511 231 3566 3tatem
250 3507 419 3582 perdundae
434 3508 477 3566 rei
492 3506 626 3582 publicae
644 3508 707 3566 lore
731 3507 878 3567 credebat.
901 3508 994 3586 igilur
1015 3506 1117 3567 conlir·

142 3600 220 3649 mato
236 3591 331 3648 animo
349 3593 446 3650 vocari
461 3590 497 3650 ad
510 3608 574 3650 sese
590 3590 670 3650 iubet
685 3590 851 3659 Lenlcdum,
868 3591 1037 3669 Cethegum,
1052 3590 1103 3649 Sla-

142 3672 244 3741 tilium,
261 3672 424 3742 Gabinium,
437 3675 565 3750 itemque
581 3674 727 3750 quermam
743 3672 917 3751 Caeparium
928 3675 1102 3737 Tarracinen-

143 3772 215 3823 sem,
231 3758 280 3833 qui
291 3757 320 3814 in
330 3756 463 3833 Apuliam
474 3758 510 3817 ad
522 3757 692 3816 concitanda
703 3759 817 3816 seruitia
827 3759 977 3833 proticisci
990 3754 1099 3833 parabat·
