2272 4176
128 532 190 595 ³10
449 532 499 593 DE
518 532 642 593 BELLO
666 532 782 595 ClVlLl

129 686 298 750 naviculam
319 689 478 764 parvulam
493 686 673 748 conscendit
687 703 757 749 cum
771 686 882 766 paucis
897 688 979 753 suisa
1005 688 1048 751 ibl
1060 688 1092 751 ab
1131 738 1134 767 ,

130 772 247 833 Achilla
260 781 290 834 et
301 772 446 849 Septimio
459 772 644 834 interficitur.
671 772 790 835 ItamL.
802 774 948 837 Lentulus
959 790 1091 852 compre

129 858 270 918 henditur
285 859 324 919 ah
337 873 411 934 rege
429 858 480 919 et
472 875 503 917 m
519 865 587 918 cust
575 857 660 919 todia
673 866 809 921 necatur.

215 943 276 1004 CV.
320 943 447 1018 Caesar,
471 959 539 1005 cum
553 942 583 1001 irr
597 943 864 1019 Asimnvenisset,
880 943 1134 1020 reperiebat

129 1029 271 1104 Ampium
294 1035 436 1089 conatum
457 1044 529 1089 esse
549 1029 697 1103 pecunias
711 1030 819 1090 tollere
832 1027 960 1104 Epheso
977 1045 1016 1089 ex
1030 1031 1091 1090 lano
1132 1080 1134 1105 ,

128 1114 244 1174 Dianae
265 1114 395 1189 eiusque
416 1112 461 1172 rei
477 1128 572 1173 causa
587 1121 746 1174 senatores
763 1128 872 1175 omnes
887 1128 928 1174 ex
943 1114 1093 1190 provincia
1132 1120 1134 1175 ἱ

129 1214 288 1272 evocasse,
304 1198 398 1259 uthis
412 1198 538 1258 testibus
554 1197 584 1257 in
597 1214 715 1259 summa
726 1199 877 1274 pecuniae
886 1205 1030 1274 uteretur,
1044 1199 1091 1260 sed

129 1284 350 1359 interpellatum
371 1282 503 1342 adventu
525 1282 664 1343 Caesaris
687 1283 873 1359 profugisse.
913 1284 960 1343 Ita
981 1284 1092 1345 duobus
1132 1326 1134 1331 -

129 1368 315 1444 temporibus
327 1366 481 1442 Ephesiae
492 1368 641 1442 pecuniae
649 1368 761 1428 Caesar
773 1367 921 1428 auxilium
931 1369 1007 1429 tulit
1028 1369 1093 1428 ltem

130 1453 291 1513 constabat
302 1452 390 1511 Elide
409 1452 439 1510 in
460 1454 573 1527 templo
588 1451 744 1512 Minervae
764 1452 903 1527 repetitis
921 1460 1014 1528 atque
1029 1469 1091 1513 euu-

131 1537 251 1598 meratis
267 1536 384 1609 diebus,
401 1552 462 1610 quo
478 1536 527 1595 die
542 1536 691 1611 proelium
703 1537 874 1597 secundum
886 1537 1002 1597 Caesar
1013 1537 1092 1597 lecis-

131 1629 191 1693 set,
216 1621 409 1681 simulacrum
423 1621 593 1694 Victoriae,
618 1620 702 1696 quod
724 1628 792 1682 ante
812 1621 913 1695 ipsam
934 1620 1092 1681 Minervam

131 1707 321 1766 conlocatum
336 1712 420 1765 esset
435 1712 465 1765 et
475 1712 544 1765 ante
557 1706 593 1765 ad
608 1705 800 1765 simulacrum
811 1704 971 1767 Minervae
983 1713 1092 1781 specta·

131 1791 233 1863 visset,
248 1790 287 1849 ad
298 1791 404 1849 valvas
417 1805 452 1849 se
463 1790 567 1866 templi
578 1790 731 1865 limenque
743 1790 945 1851 convertisse.
972 1790 1093 1852 Eodem-

133 1891 191 1950 que
213 1875 262 1935 die
276 1872 456 1934 Antiochiae
476 1876 506 1933 in
526 1873 617 1951 Syria
636 1875 685 1934 his
699 1882 800 1936 tantus
816 1875 973 1936 exercitus
990 1878 1094 1936 clamor

130 1967 160 2020 et
173 1960 329 2035 signorum
345 1976 440 2019 sonus
457 1958 618 2018 exauditus
634 1965 688 2032 est,
705 1966 739 2019 ut
752 1959 782 2018 in
794 1959 890 2019 muris
903 1970 1022 2021 annata
1032 1958 1094 2020 civi-

129 2053 175 2105 tas
198 2045 391 2105 discurreret.
421 2044 487 2103 Hoc
507 2044 588 2102 idem
607 2043 793 2104 Ptolemaide
814 2043 936 2104 accidit.
965 2044 1092 2119 Pergami

130 2129 159 2188 in
182 2130 307 2189 occultis
330 2144 365 2188 ac
386 2128 551 2188 reconditis
566 2129 684 2203 templi,
709 2144 768 2203 quo
785 2137 908 2202 praeter
923 2129 1093 2189 sacerdotes

130 2215 214 2273 adire
229 2215 276 2273 las
292 2230 352 2273 non
368 2221 421 2286 est,
441 2228 519 2287 quae
533 2212 640 2272 Graeci
655 2203 760 2272 ἄδυτα
773 2214 939 2287 appellant,
954 2219 1095 2291 tympana

130 2305 306 2359 sonuerunt.
335 2298 409 2357 Item
424 2297 573 2357 Trallibus
588 2297 619 2355 in
636 2299 750 2373 templo
765 2297 938 2373 Victoriae,
960 2298 1015 2359 ubi
1030 2298 1093 2358 Cae·

130 2383 207 2441 saris
235 2388 364 2442 statuam
390 2388 660 2456 consecraverant,
689 2383 791 2457 palma
815 2398 872 2456 per
896 2397 953 2442 eos
981 2382 1092 2442 diesin

129 2474 239 2526 tectum
259 2466 336 2525 inter
357 2474 535 2541 coagmenta
557 2466 692 2542 lapidum
713 2482 751 2524 ex
773 2466 947 2540 pavimento
964 2466 1093 2527 extitisse

129 2551 355 2611 ostendebatur.

213 2635 286 2694 CVI.
332 2635 443 2696 Caesar
457 2634 574 2710 'paucos
592 2636 657 2695 dies
673 2636 702 2693 in
717 2635 793 2694 Asia
807 2642 946 2695 moratus
964 2651 1033 2696 cum
1048 2651 1092 2694 au-

130 2720 226 2780 disset
238 2719 415 2794 Pompeium
427 2720 519 2798 Cypri
529 2719 638 2794 visum,
655 2720 829 2780 coniectans
842 2733 913 2777 eum
924 2720 1093 2797 Aegyptum

129 2807 184 2864 iter
199 2804 321 2879 habere,
337 2810 462 2879 propter
473 2805 714 2865 necessitudines
727 2803 812 2878 regni
822 2803 1025 2879 reliquasque
1036 2804 1095 2863 eius

130 2890 188 2949 loci
209 2889 452 2964 opportunitates
474 2905 542 2948 oum
563 2889 683 2964 legione
696 2905 773 2963 urm,
796 2902 887 2963 quam
903 2903 939 2947 se
954 2904 996 2948 ex
1009 2888 1094 2949 Thes-

130 2975 205 3034 salia
221 2975 309 3049 sequi
324 2975 463 3048 iusserat,
480 2981 509 3032 et
524 2975 625 3047 altera,
644 2991 734 3048 quam
749 2988 787 3031 ex
800 2970 954 3032 Achaiae
969 2972 1004 3047 Q.
1015 2971 1096 3033 Fufio

129 3062 228 3134 legato
256 3065 451 3132 evocaverat,
479 3058 694 3133 equitibusque
716 3056 897 3130 octingentis
920 3064 951 3116 et
972 3057 1096 3117 navibus

130 3145 229 3219 longis
250 3143 378 3204 Rhodiis
405 3142 510 3202 decem
538 3149 568 3202 et
587 3143 731 3203 Asiaticis
753 3140 860 3217 paucis
882 3140 1098 3201 Alexandriam

129 3229 276 3304 pervenit.
305 3230 337 3286 ln
352 3228 400 3287 his
417 3233 502 3287 erant
515 3228 685 3302 legionibus
701 3226 857 3288 hominum
876 3225 960 3285 milia
980 3226 1038 3286 tria
1052 3242 1096 3295 ους

129 3315 238 3390 reliqui
259 3312 437 3373 vulneribus
458 3328 497 3371 ex
520 3313 644 3386 proeliis
668 3319 698 3371 et
719 3311 823 3371 labore
842 3326 878 3370 ac
891 3310 1096 3384 magnitudine

130 3397 244 3458 itineris
271 3397 401 3459 conlecti
427 3398 576 3472 consequi
602 3413 662 3457 non
689 3399 858 3471 potuerant.
899 3393 963 3454 Sed
991 3396 1097 3456 Caesar

131 3484 267 3545 conlisus
284 3484 365 3542 lama
378 3497 479 3543 rerum
494 3489 647 3557 gestarum
664 3480 790 3540 infirmis
806 3477 927 3539 auxiliis
945 3479 1097 3554 proficisci

129 3583 190 3627 non
212 3568 402 3629 dubitaverat
416 3583 515 3642 aeque
532 3583 649 3627 omnem
666 3566 723 3626 sihi
740 3567 839 3625 locum
854 3571 952 3624 tutum
967 3565 1035 3625 lore
1048 3580 1097 3624 ex·

130 3652 275 3712 rstimans.
304 3652 509 3713 Alexandriae
530 3652 568 3711 de
579 3651 705 3728 Pompei
725 3655 823 3710 morte
837 3649 999 3723 cognoscit
1010 3657 1098 3726 atque

129 3734 170 3794 ibi
191 3736 318 3809 primum
339 3752 356 3795 e
377 3753 455 3796 nave
480 3736 641 3811 egrediens
668 3737 831 3795 clamorem
854 3733 982 3795 militum
1008 3734 1095 3807 audit,

126 3834 207 3902 quos
219 3834 276 3885 rex
292 3819 321 3886 ln
339 3819 454 3903 oppido
470 3819 616 3900 praesidii
630 3835 727 3879 causa
736 3819 911 3895 reliquerat,
925 3824 957 3881 et
970 3834 1093 3883 concur·
