2272 4176
387 108 544 174 BELLUM
566 111 743 173 Arctoas.
993 111 1057 178 357

86 278 146 341 qua
157 262 279 326 ratione
299 264 426 340 perduci
448 264 487 324 ad
510 265 676 325 sanitatem.
705 266 812 342 Itaque
827 266 898 328 data
911 269 1054 332 facultate

83 349 198 429 litteras
214 349 379 409 conscribit
394 356 424 408 et
438 365 490 408 eas
508 350 628 425 captivo
644 350 696 410 dat
706 352 905 425 perferendas
921 353 951 412 in
966 357 1053 430 oppi-

84 434 204 494 dumad
211 433 397 495 Considium.
412 435 476 508 Quo
485 433 667 510 simulatque
676 436 814 510 captivus
824 452 889 496 cum
898 440 1055 511 pervenis-

83 527 129 578 set
138 520 329 593 litterasque,
341 525 375 579 ut
388 525 453 577 erat
462 519 644 594 mandatum,
658 518 802 580 Considio
815 522 973 596 porrigere
984 540 1053 585 coc·

82 603 189 677 pisset,
206 603 388 677 priusquam
403 604 555 678 acciperet
568 604 627 677 ille,
646 604 737 677 Unde,
754 604 859 679 inquit,
874 605 967 667 estas?
980 609 1054 668 Tum

83 687 239 763 captivus:
265 689 442 762 imperatore
458 704 478 747 a
496 688 632 748 Caesare.
661 690 745 749 Tunc
767 689 944 764 ConsidiuS,
975 691 1054 754 Unus

81 779 134 845 est,
157 771 273 847 inquit,
294 771 394 847 Scipio
411 775 572 847 imperator
588 774 643 832 ltoc
654 779 783 848 tempore
794 777 901 848 papali
909 775 1038 836 Romani
1042 799 1054 847 ‚-

81 856 194 916 deindc
214 855 246 915 in
269 863 437 932 conspectu
458 873 513 916 suo
538 857 639 916 statim
662 858 814 932 captivum
829 858 957 919 interfici
971 861 1054 920 iubet

78 941 261 1015 litterasque
275 941 411 1001 nondum
425 942 591 1015 perlectas,
621 941 700 1001 sicut
721 949 807 1001 erant
821 943 975 1016 signatae,
1002 946 1054 1005 dat

77 1024 196 1086 homini
211 1033 294 1086 certo
310 1025 350 1084 ad
364 1024 540 1100 Scipionem
554 1027 763 1100 perferendas,

138 1110 180 1169 V.
196 1108 364 1185 Postquam
375 1126 438 1169 una
448 1115 537 1171 nocte
549 1116 579 1168 et
593 1111 642 1169 die
657 1111 696 1171 ad
712 1111 859 1186 oppidum
871 1120 1053 1188 consumpta

75 1209 182 1269 neque
195 1209 381 1269 responsum
394 1194 489 1254 ullum
504 1194 673 1256 aConsidio
689 1196 825 1270 dabatur,
844 1212 945 1271 neque
960 1199 987 1257 ei
1003 1214 1050 1257 re-

74 1280 183 1355 liquae
201 1279 309 1353 copiae
324 1279 553 1353 succurrebant,
568 1294 669 1352 neque
684 1280 819 1355 equitatu
834 1280 1008 1342 abundabat
1022 1291 1052 1343 et

74 1364 116 1423 ad
139 1364 291 1438 oppidum
312 1363 552 1439 oppugnandum
575 1364 726 1424 nonsatis
743 1366 899 1440 copiarum
920 1364 1052 1427 habebat

76 1454 105 1509 et
119 1463 176 1508 eas
192 1448 324 1509 tironum
341 1463 442 1523 neque
462 1446 560 1524 primo
583 1449 715 1508 adventu
737 1450 947 1509 convulnerat-i
963 1467 1050 1510 exer-

74 1533 171 1594 citum
185 1533 321 1607 volebat,
348 1539 378 1592 et
398 1533 504 1608 oppidi
525 1532 648 1608 egregia
668 1534 792 1593 munitio
815 1541 843 1593 et
864 1534 995 1594 difficilis
1011 1537 1051 1596 ad

73 1617 319 1693 oppugnandum
331 1623 396 1676 erat
407 1632 563 1692 accessus,
576 1623 606 1677 et
615 1618 809 1678 nuntiabatur
818 1618 930 1678 auxilia
941 1635 1051 1694 magna

73 1702 233 1777 equitatus
249 1701 413 1778 oppidanis
429 1703 588 1777 suppetias
603 1702 722 1776 venire,
749 1719 812 1763 non
829 1708 876 1762 est
890 1703 957 1763 visa
971 1705 1047 1765 ratio

73 1786 114 1847 cd
134 1787 374 1863 oppugnandmn
388 1786 535 1862 oppidum
552 1787 774 1860 commorandi,
801 1803 854 1861 ne,
881 1788 996 1848 durnin
1013 1804 1050 1849 ea

72 1886 108 1931 re
125 1869 240 1932 Caesar
255 1879 302 1932 est
316 1879 499 1946 occupatus,
526 1871 748 1933 circumventus
772 1888 790 1931 a
809 1877 894 1945 tergo
911 1873 948 1932 ab
964 1874 1051 1949 cqui-

71 1962 140 2019 tatu
154 1955 290 2017 hostium
306 1957 468 2017 laboraret.

158 2040 212 2100 VI.
234 2041 339 2116 ltaque
354 2047 455 2100 castra
470 2056 538 2101 cum
551 2056 676 2101 movere
690 2043 794 2111 vellet,
822 2041 923 2102 subito
939 2057 978 2101 ex
993 2058 1047 2117 op-

72 2125 150 2201 pido
167 2125 268 2200 erupit
282 2125 450 2199 multitudo,
466 2132 557 2201 atque
573 2125 724 2202 equitatus
741 2126 879 2186 subsidio
898 2144 958 2187 nno
975 2133 1047 2186 tem·

72 2225 153 2286 pore
174 2210 219 2270 eis
241 2226 315 2270 casu
336 2209 498 2284 succurrit,
527 2210 578 2285 qui
601 2217 665 2270 erat
684 2210 797 2270 missus
821 2211 927 2270 aluba
942 2213 981 2271 ad
997 2212 1047 2271 sti·
1125 2282 1128 2291 Ι

72 2295 222 2370 pendium
237 2294 463 2369 accipiendum,
480 2302 656 2371 castraque,
678 2296 760 2355 unde
776 2295 888 2355 Caesar
903 2311 1047 2370 egressus

72 2380 132 2439 iter
152 2380 257 2439 lacere
277 2387 435 2456 coeperat,
462 2387 614 2454 occupant
629 2387 658 2441 et
675 2380 741 2439 eius
757 2396 865 2455 agmen
881 2388 1047 2440 extremum

72 2463 198 2538 insequi
214 2471 388 2539 coeperunt.
410 2463 494 2537 Quae
508 2479 559 2523 res
576 2481 644 2523 cum
660 2465 873 2524 animadversa
888 2471 980 2539 esset,
996 2481 1047 2525 sn-

71 2549 136 2609 bito
159 2547 316 2622 legionarii
334 2549 519 2621 consistunt,
546 2556 576 2609 et
599 2549 731 2624 equites,
759 2565 943 2625 quamquam
964 2557 1049 2611 erant

71 2633 285 2710 pauci,tamen
294 2642 399 2694 contra
413 2640 525 2693 tantam
531 2634 751 2694 multitudinem
759 2634 963 2694 audacissime
976 2649 1047 2693 con-

72 2723 207 2778 currunt.
224 2717 342 2778 Accidit
356 2734 406 2778 res
421 2718 616 2793 incredibilis,
632 2726 664 2778 ut
679 2720 797 2795 equites
813 2719 912 2779 minus
927 2717 1048 2792 triginta
1066 2722 1070 2727 '

72 2802 150 2863 Galli
172 2801 346 2863 Maurorum
368 2803 504 2878 equitum
526 2802 683 2864 duomilia
703 2805 771 2864 loco
792 2805 940 2879 pellerent
962 2804 1046 2877 tuga-

69 2895 204 2962 rentque
226 2889 255 2946 in
271 2888 429 2963 oppidum.
461 2887 628 2962 Postquam
641 2889 758 2963 repulsi
773 2896 803 2949 et
818 2888 947 2949 coniecti
962 2892 1048 2948 erant

71 2972 153 3032 intra
167 2971 365 3047 munitiones,
394 2973 506 3032 Caesar
529 2973 585 3033 iter
607 2973 802 3035 constitutum
823 2974 867 3032 ire
883 2972 1046 3032 contendit.

71 3056 163 3130 Quod
178 3071 247 3116 cum
262 3058 386 3133 saepius
402 3059 536 3116 lacerent
551 3065 580 3117 et
591 3058 683 3117 modo
695 3058 938 3133 insequerentur,
955 3057 1045 3117 modo

70 3156 181 3201 rursus
197 3142 235 3202 ab
250 3142 403 3217 equitibus
419 3142 449 3200 in
466 3141 613 3217 oppidum
623 3143 851 3218 repellerentur,
868 3141 1046 3203 cohortibus

69 3224 180 3302 paucis
206 3241 245 3285 ex
268 3228 437 3301 veteranis,
465 3242 542 3301 quas
569 3241 674 3285 secum
688 3226 834 3301 habebat,
859 3227 889 3286 in
911 3234 1045 3288 extremo

69 3309 194 3387 agmine
209 3312 364 3372 collocatis
386 3320 416 3372 et
436 3317 523 3385 parte
538 3311 689 3386 equitatus
704 3310 761 3370 iter
774 3312 881 3371 leniter
896 3328 964 3371 cum
976 3313 1044 3371 reli-

71 3395 143 3473 qu‘s
164 3395 266 3457 lacere
287 3397 396 3473 coepit.
424 3398 469 3456 lta
489 3402 602 3473 quanto
622 3396 744 3474 longius
759 3396 798 3458 ab
814 3397 931 3475 oppido
946 3397 1046 3458 disce·
