2272 4176
38 39 239 133 ΜΓ..
331 40 334 43 .

40 112 60 137 ,ἡ
72 116 84 127 .

476 143 590 207 LIBER
609 144 661 205 Vl.
747 196 751 211 ,
986 144 1048 210 lot

78 293 241 371 videbant,
262 297 389 374 reliquis
409 296 502 356 rebus
524 308 629 357 eorum·
652 297 747 373 gratia
767 297 969 376 dignitateque
984 317 1045 361 arn-

80 380 360 458 plilicatuchuaui
374 380 573 457 principatum
589 380 772 441 dimiserant.
784 382 818 440 ln
830 399 935 445 eorum
944 387 1046 447 locum

79 464 168 525 Remi
190 472 421 525 successerant:
447 479 526 539 quos
545 465 628 540 quod
648 466 821 538 adaequare
841 469 922 542 apud
937 469 1044 529 Caesa·

80 565 146 608 rem
168 548 266 622 gratia
287 548 530 623 intellegebatur,
555 549 590 620 ii,
613 549 664 623 qui
678 556 803 623 propter
816 557 934 612 veteres
950 554 1043 613 inimi-

81 633 169 692 citias
185 633 373 692 nullomodo
389 648 458 711 curn
471 632 604 691 Haeduis
621 632 761 706 coniungi
775 640 923 710 poterant,
939 652 973 695 se
986 638 1043 697 Re-

80 717 140 774 mis
155 716 187 774 in
203 715 371 774 clientelam
386 715 534 774 dicabant.
562 715 626 774 llos
642 716 683 774 illi
699 716 856 789 diligenter
870 719 1029 780 tuebantur

81 802 127 859 ita
142 806 173 859 ct
188 815 299 859 novam
314 805 344 858 et
362 804 488 872 repente
503 800 659 858 collectam
674 800 879 860 auctoritatem
893 802 1043 863 tenebant

81 884 127 942 Eo
143 890 207 942 tum
222 888 302 942 statu
315 897 366 941 res
382 887 454 955 erat,
469 888 502 941 ut
514 884 603 955 longe
614 882 767 956 principes
779 883 1044 946 haberenturHae-

84 967 145 1039 dui,
160 966 330 1025 secundum
344 966 444 1024 locum
459 965 610 1038 dignitatis
624 965 709 1025 Remi
725 966 901 1029 obtinercnt.

167 1051 245 1110 Xlll.
266 1051 301 1108 In
322 1050 403 1110 omni
425 1050 520 1108 Gallia
543 1065 649 1110 eorum
674 1050 843 1126 hominum,
870 1054 920 1128 qui
944 1055 1046 1129 aliquo

87 1141 157 1194 sunt
171 1150 296 1194 numero
311 1138 402 1208 atque
417 1133 547 1206 honore,
571 1149 684 1207 genera
704 1140 775 1193 sunt
796 1135 867 1196 duo.
896 1136 969 1195 Nam
983 1140 1045 1212 ple-

88 1220 140 1278 bes
155 1232 253 1292 paene
275 1232 433 1276 servorum
452 1216 579 1275 habetur
598 1218 682 1290 loco,
710 1233 788 1292 quac
802 1219 874 1277 nihil
889 1222 980 1280 audet
993 1237 1047 1295 per

88 1318 130 1374 se,
145 1302 228 1360 nullo
241 1300 399 1360 adhibetur
411 1299 546 1359 consilio.
561 1299 709 1375 Plerique,
726 1318 793 1360 curn
805 1309 856 1361 aut
866 1319 936 1362 aere
949 1306 1046 1365 alieno

89 1392 138 1444 aut
157 1383 363 1458 magnitudine
384 1383 562 1443 tributorum
577 1390 629 1442 aut
641 1384 750 1443 iniuria
763 1387 964 1459 potentiorum
979 1404 1045 1461 prc-

90 1476 216 1539 muntur,
225 1481 296 1526 sese
310 1466 339 1523 in
355 1467 529 1525 servitutem
544 1466 811 1527 dicantnobilibus.
827 1470 860 1527 ln
872 1470 928 1529 hos
941 1472 1047 1530 eadem

93 1553 186 1612 omnia
200 1557 271 1611 sunt
285 1549 358 1624 iura,
375 1565 453 1625 quac
468 1550 596 1609 dominis
608 1551 638 1608 in
650 1567 767 1611 servos.
791 1550 852 1611 Sed
864 1553 902 1611 de
912 1553 959 1611 his
971 1555 1045 1615 duo·

94 1637 145 1695 bus
159 1636 321 1710 generibus
336 1637 462 1693 alterurn
477 1638 524 1692 est
539 1633 687 1707 druidum,
705 1637 831 1694 alterum
846 1634 987 1709 equitum.
1002 1637 1045 1696 Illi

95 1719 179 1778 rebus
195 1719 303 1777 divinis
319 1717 479 1789 intersunt,
496 1717 645 1776 sacrificia
659 1718 781 1791 publica
796 1733 831 1776 ac
846 1718 963 1791 privata
976 1736 1045 1793 pro·

95 1808 202 1876 curant,
218 1801 381 1875 religiones
397 1802 646 1874 interpretantur:
662 1801 701 1859 ad
716 1816 770 1860 eos
785 1816 912 1874 magnus
927 1803 1046 1862 adules-

97 1886 218 1944 centium
233 1900 376 1943 numerus
393 1883 572 1957 disciplinae
587 1900 681 1942 causa
695 1885 860 1957 concurrit,
876 1901 1047 1961 magnoque

98 1971 121 2028 lli
134 1977 203 2030 sunt
223 1970 305 2044 apud
326 1985 380 2028 eos
401 1969 525 2029 honore.
554 1969 629 2027 Nam
643 1970 706 2026 iere
722 1969 759 2027 de
775 1968 912 2028 omnibus
928 1977 1047 2030 contro-

99 2055 195 2114 uersiis
211 2053 340 2127 publicis
360 2053 549 2127 privatisque
571 2054 756 2112 constituunt
777 2057 820 2124 et,
850 2053 876 2111 si
898 2053 980 2127 quod
1002 2061 1046 2113 es‘

99 2138 254 2196 admissum
268 2136 394 2206 facinus
410 2137 436 2194 si
452 2136 563 2194 caedes
576 2137 662 2207 facta,
678 2136 704 2194 si
723 2136 760 2194 de
779 2136 951 2209 hereditate,
971 2136 996 2195 si
1010 2138 1047 2196 de

98 2221 198 2279 linibus
215 2220 423 2279 controversia
437 2226 498 2291 est,
525 2220 605 2277 idern
620 2219 799 2292 decernunt,
825 2220 960 2292 praemia
974 2235 1046 2293 poe-

98 2319 205 2378 nasque
227 2304 426 2370 constituunt;
453 2304 478 2361 si
502 2302 553 2376 qui
568 2308 619 2360 aut
634 2303 767 2375 privatus
783 2309 834 2361 aut
848 2305 980 2376 populus
997 2319 1046 2362 eo-

98 2404 155 2446 rum
169 2389 290 2446 decreto
302 2403 363 2444 non
378 2387 465 2458 stetit,
482 2385 638 2444 sacrificiis
651 2386 838 2445 interdicunt.
854 2387 936 2444 llaec
948 2402 1049 2460 poena

97 2471 171 2544 apud
186 2486 240 2530 eos
256 2477 303 2529 est
318 2471 504 2544 gravissima.
536 2469 649 2541 Quibus
665 2470 706 2527 ita
721 2476 768 2527 est
787 2469 992 2543 interdictum,
1017 2469 1047 2527 hi

95 2569 211 2614 numero
234 2554 393 2628 impiorum
408 2570 443 2612 ac
464 2553 679 2611 sceleratorum
694 2552 854 2624 habentur,
880 2551 926 2610 liis
943 2568 1047 2610 omncs

96 2638 253 2711 decedunt,
282 2638 394 2696 aditum
415 2651 647 2709 sermonemque
669 2635 838 2707 defugiunt,
867 2649 905 2691 nc
921 2636 993 2708 quid
1009 2651 1047 2693 ex

96 2721 268 2794 contagione
288 2720 471 2780 incommodi
492 2720 655 2792 accipiant,
682 2733 781 2792 neque
802 2717 848 2775 his
876 2719 1046 2790 petentibus

94 2804 134 2863 ius
149 2804 285 2863 redditur
305 2819 404 2877 neque
425 2803 522 2862 honos
544 2805 623 2861 ullus
646 2801 889 2861 communicatur.
919 2802 972 2860 His
994 2818 1045 2861 au-

93 2894 146 2946 lem
162 2887 300 2947 omnibus
317 2886 473 2945 druidibus
489 2892 611 2960 praeest
624 2901 717 2957 unus,
741 2884 791 2959 qui
809 2900 955 2942 summam
970 2884 1046 2943 inter

94 2987 142 3031 eos
162 2970 255 3028 habet
276 2970 489 3028 auctoritatem.
528 2969 594 3027 Hoc
614 2976 731 3028 mortuo
754 2974 806 3026 aut
826 2967 919 3041 siqui
941 2982 980 3024 ex
999 2983 1046 3026 rc·

92 3055 178 3130 liquis
193 3054 313 3112 excellit
328 3053 484 3126 dignitate,
500 3053 650 3124 succedit,
664 3059 728 3124 aut,
751 3052 776 3110 si
791 3057 861 3109 sunt
874 3052 976 3123 plures
992 3067 1046 3124 pa·

92 3155 145 3212 res,
161 3136 308 3210 suffragio
317 3137 464 3207 druidum,
480 3151 705 3210 nonnumquam
713 3135 800 3193 etiarn
808 3133 897 3191 armis
912 3135 950 3192 de
964 3135 1045 3208 prin-

93 3222 189 3295 cipatu
203 3220 397 3280 contendunt.
426 3220 463 3277 Hi
479 3225 560 3277 certo
572 3221 641 3276 anni
655 3226 791 3291 tempore
806 3218 835 3273 in
850 3217 960 3276 finibus
977 3219 1046 3277 Car-
1106 3262 1110 3269 .

92 3312 206 3377 nutum,
234 3302 410 3377 quaeregio
426 3303 517 3361 totius
534 3301 645 3360 Galliae
660 3302 759 3359 media
779 3300 920 3372 habetur,
946 3301 1042 3361 consi·
1116 3304 1118 3319 '

93 3386 161 3447 dunt
173 3387 204 3446 in
224 3388 292 3447 loco
315 3392 501 3445 consecrato.
530 3385 596 3444 Huc
611 3400 715 3444 omnes
735 3384 884 3459 undique,
908 3383 959 3458 qui
973 3399 1031 3445 cou
