2272 4176
418 221 533 282 LIBER
552 223 591 281 V.
923 219 983 285 101

47 390 79 435 m
94 376 300 450 conpluribus
322 374 388 435 aliis
404 375 575 449 decausis,
602 381 665 435 tum
684 373 832 452 maxime,
860 375 943 452 quod
957 377 985 437 ei

47 459 188 520 rivirtute
202 461 275 520 belli
291 461 430 521 omnibus
441 460 582 534 gentibus
595 459 856 535 praeferebantur,
871 468 984 522 tanturn
1016 502 1020 511 ‹

60 542 126 604 eius
142 545 300 620 opinionis
315 544 544 620 deperdidisse,
566 552 599 604 ut
613 561 631 603 a
644 546 761 619 populo
777 546 917 607 Romano
931 545 984 605 im-

47 630 95 688 ola
109 631 292 705 perterrent,
307 629 487 705 gravissime
502 629 654 689 dolebant.

92 713 156 773 LV.
179 714 303 774 'lieveri
323 730 396 774 vero
418 721 510 788 atque
531 713 754 773 indutiomarus
771 714 863 776 totius
878 714 985 776 hiemis

47 800 124 858 illurn
139 805 263 874 tempus
280 798 513 871 intermiserunt,
531 798 602 872 quin
617 803 702 857 bans
710 796 852 860 Rhenum
868 801 984 875 legatos

47 884 177 957 itterent,
205 884 343 945 civitates
358 882 569 956 sollicitarent,
596 882 743 957 pecunias
759 884 984 960 pollicerentur,

47 984 120 1041 agna
140 974 229 1042 parte
250 969 401 1028 exereitus
422 967 517 1027 nostri
537 967 695 1026 interfecta
719 968 813 1028 multo
839 968 985 1030 minorem

47 1068 180 1127 rperesse
197 1052 333 1112 dicerent
348 1060 473 1127 partem.
488 1050 594 1127 Neque
608 1059 709 1112 tamen
725 1052 778 1112 ulli
794 1052 904 1113 civitati
913 1054 983 1114 Ger·

48 1153 170 1198 anorum
186 1137 365 1211 persuaderi
381 1137 487 1211 potuit,
503 1143 536 1195 ut
549 1135 688 1196 Rhenum
702 1136 851 1211 transiret,
868 1153 936 1198 eum
951 1155 987 1200 se

48 1229 217 1297 sexpertos
227 1221 370 1295 dicerent,
378 1220 523 1282 Ariovisti
535 1221 615 1281 bello
623 1222 876 1282 etTenoterorum
888 1229 982 1285 trans¹

48 1324 70 1367 r:
92 1324 154 1367 non
177 1321 250 1366 esse
270 1306 399 1381 amplius
421 1308 573 1366 loctunam
599 1312 810 1380 temptaturos.
849 1307 914 1368 Hae
929 1324 986 1384 spe

48 1407 116 1467 psus
139 1391 365 1451 Indutiomarus
386 1390 478 1451 nihilo
499 1389 599 1451 minus
622 1390 728 1465 copias
746 1405 871 1466 eogere,
898 1408 985 1452 exer·

48 1492 91 1549 re,
107 1493 125 1535 a
141 1476 287 1535 linitumis
303 1491 401 1550 equos
416 1491 540 1551 parare,
562 1477 669 1535 exules
685 1474 909 1552 damnatosque
923 1484 985 1538 totu

48 1561 107 1619 illia
122 1561 242 1634 magnis
257 1561 400 1635 praemiis
414 1560 454 1620 ad
468 1575 503 1619 se
524 1559 645 1619 allicere
667 1561 778 1635 coepit.
806 1562 853 1620 Ac
873 1568 986 1623 tantam

48 1644 71 1704 ti
91 1646 150 1705 iam
172 1645 220 1704 his
241 1646 334 1705 rebus
357 1646 386 1704 in
403 1645 498 1704 Gallia
512 1644 723 1704 auctoritatem
745 1653 984 1721 comparaverat,

59 1731 195 1805 undique
216 1729 256 1789 ad
276 1746 346 1789 eum
360 1728 527 1804 legationes
543 1734 775 1804 concurrerent,
801 1730 927 1805 gratiam
941 1737 984 1792 at-

48 1830 73 1874 re
86 1814 249 1874 amicitiam
263 1814 384 1889 publice
399 1813 600 1889 privatimque
611 1820 758 1888 [laterent.

94 1900 171 1959 LVI.
188 1899 245 1958 Ubi
261 1899 407 1959 intellexit
420 1901 498 1960 ultro
514 1898 553 1957 ad
569 1913 604 1958 se
618 1897 723 1973 veniri,
740 1900 834 1958 ultera
847 1914 886 1958 ex
898 1907 986 1975 parte

48 2000 153 2044 >nones
169 1983 380 2058 Carnutesque
395 1983 583 2044 conscientia
597 1983 741 2044 facinoris
764 1984 916 2060 instigari,
942 1987 984 2045 al·

48 2085 77 2128 ra
90 2068 219 2128 Nervios
235 2069 478 2144 Aduatucosque
494 2068 606 2127 bellum
619 2069 765 2129 Romanis
781 2084 907 2144 parare,
931 2085 983 2130 ne-

48 2170 74 2213 re
89 2153 148 2212 sibi
162 2153 403 2213 voluntariorum
418 2153 524 2227 copias
541 2153 662 2228 delore,
690 2153 717 2213 si
738 2170 777 2213 ex
793 2154 904 2214 linibus
919 2154 984 2214 suis

48 2238 158 2313 egredi
174 2238 338 2313 coepisset,
354 2245 502 2297 armatum
517 2237 677 2297 concilium
692 2238 805 2299 indicit.
821 2239 887 2300 Hoc
901 2255 986 2301 more

48 2325 168 2383 illorum
184 2330 231 2382 est
245 2322 360 2382 initium
375 2322 461 2382 belli:
479 2339 539 2397 quo
556 2324 624 2396 lege
640 2324 791 2383 communi
807 2340 914 2385 omnes
929 2342 985 2400 pu·

48 2423 101 2467 res
123 2408 229 2466 armati
252 2407 416 2467 convenire
438 2413 640 2476 consuerunt3
668 2408 720 2483 qui
742 2424 780 2467 ex
801 2408 837 2469 iis
854 2410 985 2470 notissi-

48 2509 79 2552 us
95 2492 252 2567 convenit,
270 2493 300 2551 in
316 2499 483 2567 conspectu
497 2491 695 2552 multitudinis
713 2493 853 2554 omnibus
870 2494 983 2553 erucia-

48 2594 91 2637 tus
107 2576 238 2637 allectus
254 2584 389 2637 necatur.
418 2578 451 2636 In
468 2593 504 2637 eo
521 2577 648 2636 coneilio
666 2578 897 2652 Cingetorigem,
912 2579 983 2636 alte-

48 2678 75 2721 us
102 2662 273 2737 principem
298 2662 454 2736 factionis,
480 2677 625 2736 generum
647 2678 751 2737 suum,
779 2678 869 2737 quem
891 2677 985 2736 supra

48 2748 290 2807 monstravimus
306 2747 444 2807 Caesaris
460 2754 599 2806 secutum
614 2746 705 2805 fidem
727 2747 765 2806 ab
787 2762 824 2806 eo
846 2762 906 2805 non
923 2746 984 2805 dis·

48 2833 155 2906 asisse,
171 2831 294 2892 hostem
308 2832 420 2891 iudicat
433 2832 577 2905 bonaque
591 2831 657 2890 eius
667 2831 809 2906 publicat.
825 2831 880 2890 His
888 2831 982 2889 rebus

49 2917 159 2977 iniectis
181 2916 212 2975 in
235 2917 363 2977 concilio
387 2917 560 2992 pronuntiat
575 2917 756 2975 arcessitum
772 2931 807 2975 se
821 2933 840 2974 a
855 2914 981 2975 Senoni-

49 3016 71 3061 ιι
90 3011 120 3062 et
142 3001 324 3062 Carnutibus
348 3003 477 3077 aliisque
499 3001 698 3074 conpluribus
721 3001 834 3060 Galliae
856 2998 981 3058 eivitati-

49 3102 86 3157 ts;
100 3087 160 3147 hue
176 3087 287 3147 iturum
303 3101 357 3161 per
373 3088 449 3147 fines
457 3089 620 3147 Remomm
637 3101 805 3161 corumque
820 3097 912 3158 agros
928 3097 979 3157 pe

49 3172 186 3232 daturum
201 3188 253 3244 ac,
270 3171 449 3246 priusquam
465 3172 495 3230 id
511 3170 614 3241 saciat,
633 3178 733 3230 castra
745 3169 869 3229 Labieni
885 3184 983 3244 oppu-

49 3265 181 3318 mturum.
213 3256 298 3330 Quae
312 3257 378 3315 lieri
392 3258 464 3315 velit
479 3254 634 3330 praecipit.

93 3343 184 3402 LVII.
207 3340 377 3415 Labienus,
404 3358 472 3400 curn
494 3348 523 3400 et
542 3338 602 3400 loci
617 3346 725 3398 natura
739 3345 769 3399 et
781 3354 873 3399 manu
886 3339 984 3400 munl-

49 3428 148 3489 tsumis
165 3425 276 3489 eastris
293 3442 364 3486 sese
378 3433 507 3499 teneret,
525 3426 563 3485 de
578 3438 635 3485 suo
652 3440 688 3486 ae
703 3422 834 3503 legionis
848 3424 993 3505 periculo

49 3510 86 3573 lit
99 3512 219 3573 timebat
223 3536 237 3581 s
248 3526 290 3569 ne
303 3527 393 3586 quam
408 3511 608 3576 occasionem
622 3512 669 3578 rei
682 3513 769 3581 bene
783 3514 951 3599 gerendae
960 3510 1007 3577 bi·
