2272 4176
150 481 212 549 182
441 485 493 549 DE
513 482 637 549 BELLO
660 482 824 547 adunco

150 640 262 723 finibus
282 642 430 718 expulsus
444 657 550 703 errans
571 638 754 716 latitansque
775 639 862 700 solus
881 642 1042 701 extremus
1057 638 1120 705 Gal-

150 727 208 786 liae
228 726 370 801 regiones
385 734 491 803 petere
506 733 554 786 est
568 732 705 785 coaetus.

233 811 349 870 XXXH.
370 813 412 871 At
425 812 566 887 Drappes
587 824 711 884 unaque
724 808 883 870 Lucterius
900 821 972 868 cum
984 810 1118 883 legiones

150 895 370 972 Caniniumque
385 896 497 956 adesse
512 899 735 970 cognoscerent
749 909 807 953 nec
821 908 857 953 se
871 893 942 953 sine
957 901 1044 953 certa
1056 911 1118 971 per-

150 980 228 1040 nicie
247 987 455 1055 persequente
476 980 612 1039 exercitu
631 986 773 1053 putarent
792 976 972 1053 provinciae
985 978 1066 1038 fines
1079 982 1119 1039 in·

148 1071 230 1125 trare
243 1080 340 1139 posse
360 1080 417 1123 nec
438 1065 498 1123 iam
517 1064 612 1124 libere
626 1064 758 1137 vagandi
772 1061 1066 1137 latrociniorumque
1079 1065 1093 1122 f
1108 1096 1118 1105 -

150 1148 329 1209 ciendorum
343 1150 517 1208 facultatem
531 1147 686 1219 haberent,
702 1148 732 1206 in
748 1147 860 1208 finibus
876 1147 1054 1207 consistunt
1068 1148 1118 1208 ca·

150 1233 324 1292 dumorum.
353 1233 398 1292 lbi
420 1248 488 1292 cum
502 1232 660 1291 Lucterius
675 1232 759 1306 apud
773 1248 848 1292 suos
863 1232 952 1292 cives
968 1231 1075 1306 quand
1092 1248 1119 1292 m

149 1317 275 1391 integris
289 1316 383 1376 rebus
397 1319 522 1377 multum
537 1317 689 1392 potuisset
703 1330 888 1392 semperque
904 1322 1014 1376 auctor
1027 1332 1119 1377 novo

149 1418 215 1460 rum
232 1401 427 1463 consiliorum
441 1417 582 1474 magnam
593 1401 675 1475 apud
686 1400 834 1461 barbaros
846 1400 1060 1461 auctoritatem
1069 1399 1117 1458 ha-

150 1485 247 1555 beret,
274 1486 422 1560 oppidum
436 1486 676 1558 Uxellodunum,
703 1485 838 1560 quadiu
860 1484 1005 1544 clientela
1025 1484 1118 1545 fuerat

150 1570 226 1643 eius,
242 1570 365 1644 egregie
379 1577 488 1631 natura
501 1570 561 1630 loci
574 1570 736 1643 munitum,
752 1575 883 1644 occupat
900 1570 966 1628 suis
981 1575 1014 1628 et
1026 1569 1117 1643 Drap-

150 1654 228 1727 petis
245 1655 342 1728 copiis
359 1655 595 1730 oppidanosque
611 1654 668 1714 sibi
684 1654 849 1728 coniungit.

231 1737 361 1798 XXXlll.
385 1740 449 1812 Quo
465 1755 534 1799 cum
549 1737 709 1799 confestim
723 1737 816 1797 Gaius
825 1736 970 1798 Caninius
984 1737 1117 1797 venisset

149 1821 464 1899 animadverteretque
479 1837 584 1883 omnes
606 1822 713 1898 oppidi
733 1829 837 1896 partes
852 1821 1116 1898 praeruptissimis

134 1896 234 1967 *saxis
250 1922 320 1966 esse
334 1908 480 1979 munitas,
504 1923 566 1982 quo
582 1905 764 1966 defendente
779 1908 861 1966 nullo
878 1912 982 1965 tamen
997 1906 1115 1967 armatis

149 1991 317 2050 ascendere
332 1997 415 2051 essct
427 1990 557 2065 difficile,
569 2007 681 2064 magna
691 1997 790 2050 autem
801 1991 1023 2066 impedimenta
1034 1992 1114 2066 oppi-

148 2076 296 2135 danorum
310 2076 435 2149 videret,
452 2090 531 2150 quae
546 2076 573 2135 si
588 2076 777 2134 clandestina
788 2076 860 2151 iuga
875 2075 1058 2136 subtrahere
1069 2089 1115 2134 co·

148 2167 307 2234 narentur,
323 2159 458 2235 elingere
473 2176 535 2220 non
550 2159 641 2219 modo
656 2160 836 2234 equitatum,
852 2160 912 2219 sed
926 2175 966 2218 ne
980 2160 1115 2235 legiones

149 2245 272 2320 quidem
287 2252 430 2319 possent,
444 2244 593 2320 tripertito
610 2243 785 2304 cohortibus
800 2243 908 2304 divisis
924 2243 1006 2304 trina¹
1019 2246 1116 2305 excel-

149 2328 270 2387 sissimo
286 2331 354 2390 loco
377 2334 477 2388 castra
501 2330 588 2397 lecim
618 2329 766 2403 aquibus
787 2329 950 2404 paulatim,
972 2339 1115 2407 quantum

149 2414 257 2487 copiae
278 2413 482 2488 patiebantur,
514 2414 626 2472 vallum
646 2413 676 2472 in
697 2413 803 2488 oppidi
824 2413 985 2474 circuitum
1007 2416 1116 2476 ducere

148 2496 283 2556 instituit.

230 2580 362 2640 XXXIV.
374 2581 462 2654 Quod
473 2596 542 2641 cum
549 2580 820 2642 animadverterent
827 2582 976 2659 oppidani
986 2581 1113 2645 miserri-

148 2680 258 2738 maque
271 2666 394 2724 Alesiae
408 2667 554 2725 memoria
567 2667 686 2725 solliciti
701 2668 828 2726 similem
842 2684 859 2727 c
882 2684 950 2726 sum
962 2666 1114 2729 obsessio-

146 2749 195 2807 nis
215 2757 407 2823 vererentur,
433 2750 625 2823 maximeque
647 2765 687 2809 ex
708 2752 848 2811 omnibus
865 2752 1043 2824 Lucterius,
1068 2750 1115 2824 qui

148 2833 288 2893 fortunae
302 2834 380 2892 illius
396 2834 564 2907 periculum
580 2835 702 2907 fecerat,
716 2841 855 2896 moneret
870 2837 1014 2898 frumenti
1029 2835 1115 2895 ratio·

148 2932 217 2977 nem
232 2933 303 2976 esse
317 2916 495 2991 habendam,
511 2919 697 2979 constituunt
711 2921 844 2980 omnium
861 2936 1020 2984 consensu
1034 2927 1116 2993 parte

148 3003 186 3061 ibi
203 3002 308 3061 relicta
323 3001 479 3074 copiarum
498 3002 558 3075 ipsi
580 3018 648 3061 cum
668 3005 819 3079 expeditis
835 3005 875 3064 ad
891 3004 1115 3079 importandum

149 3088 328 3145 frumentum
344 3085 506 3159 proficisci.
521 3086 566 3145 Eo
579 3087 706 3146 consilio
719 3089 849 3162 probato
860 3106 1015 3164 proxmna
1030 3095 1117 3149 nocte

148 3170 270 3229 duobus
296 3168 416 3227 milibus
443 3175 623 3229 armatorum
643 3173 755 3232 relictis
776 3174 913 3249 reliquos
936 3190 976 3234 ex
1000 3192 1021 3237 o
1045 3172 1116 3248 pido

150 3255 288 3327 Drappes
303 3261 334 3311 et
346 3252 503 3312 Lucterius
518 3255 659 3315 educunt.
688 3258 726 3315 Hi
740 3273 857 3332 paucos
874 3259 939 3318 dies
956 3275 1025 3320 mor
1044 3258 1117 3317 tiex

148 3337 259 3396 finibus
276 3337 489 3409 Cadurcorum,
508 3339 558 3413 qui
575 3341 683 3414 partim
697 3357 730 3400 re
746 3343 942 3402 frumentaria
955 3345 1026 3405 subl
1045 3354 1117 3401 vare

148 3437 202 3480 eos
219 3422 396 3496 cupiebant,
422 3423 531 3496 partim
551 3424 728 3499 prohibere,
755 3429 930 3501 quominus
952 3432 1116 3501 sumerent,

147 3521 208 3564 non
234 3514 388 3581 poterant,
425 3523 566 3582 magnum
590 3526 747 3569 numerum
772 3513 913 3570 immenti
938 3518 1115 3590 conparant,

147 3604 374 3665 nonnumquam
386 3598 486 3651 autem
498 3594 743 3667 expeditionibus
757 3598 912 3656 nocturnis
925 3601 1052 3660 castella
1063 3613 1115 3656 no·

148 3678 279 3734 strorum
300 3676 486 3736 adoriuntur.
526 3678 622 3750 Quam
647 3680 685 3738 ob
711 3694 835 3739 causam
857 3681 950 3741 Gaius
972 3682 1115 3745 Caninius

148 3762 211 3817 toto
227 3759 342 3833 oppido
358 3762 540 3822 munitiones
556 3762 744 3821 circumdare
758 3771 901 3840 moratur,
917 3782 957 3826 ne
971 3776 1026 3830 aut
1036 3783 1115 3846 opus
