<?xml version="1.0" encoding="UTF-8"?>
<!DOCTYPE html PUBLIC "-//W3C//DTD XHTML 1.0 Transitional//EN"
    "http://www.w3.org/TR/xhtml1/DTD/xhtml1-transitional.dtd">
<html xmlns="http://www.w3.org/1999/xhtml" xml:lang="en" lang="en">
 <head>
  <title>
</title>
<meta http-equiv="Content-Type" content="text/html;charset=utf-8" />
  <meta name='ocr-system' content='tesseract 3.04.00' />
  <meta name='ocr-capabilities' content='ocr_page ocr_carea ocr_par ocr_line ocrx_word'/>
</head>
<body>
  <div class='ocr_page' id='page_1' title='image "./commentarii00caesgoog_0110.png"; bbox 0 0 2272 4176; ppageno 0'>
   <div class='ocr_carea' id='block_1_1' title="bbox 454 144 1024 214">
    <p class='ocr_par' dir='ltr' id='par_1_1' title="bbox 454 144 1024 214">
     <span class='ocr_line' id='line_1_1' title="bbox 454 144 1024 214; baseline 0.005 -3"><span class='ocrx_word' id='word_1_1' title='bbox 454 147 569 211; x_wconf 83' lang='lat' dir='ltr'><strong>LIBER</strong></span> <span class='ocrx_word' id='word_1_2' title='bbox 589 148 628 208; x_wconf 89' lang='lat' dir='ltr'><strong>V.</strong></span> <span class='ocrx_word' id='word_1_3' title='bbox 981 144 1024 214; x_wconf 71' lang='grc'><strong>91</strong></span> 
     </span>
    </p>
   </div>
   <div class='ocr_carea' id='block_1_2' title="bbox 18 301 1022 3337">
    <p class='ocr_par' dir='ltr' id='par_1_2' title="bbox 18 301 1022 465">
     <span class='ocr_line' id='line_1_2' title="bbox 18 301 1022 387; baseline 0.001 -22"><span class='ocrx_word' id='word_1_4' title='bbox 18 329 25 387; x_wconf 88' lang='lat'><strong>&#39;.</strong></span> <span class='ocrx_word' id='word_1_5' title='bbox 59 302 135 375; x_wconf 70' lang='lat' dir='ltr'><strong>dam</strong></span> <span class='ocrx_word' id='word_1_6' title='bbox 149 303 271 381; x_wconf 80' lang='lat' dir='ltr'><strong>equites</strong></span> <span class='ocrx_word' id='word_1_7' title='bbox 285 302 405 365; x_wconf 80' lang='lat' dir='ltr'><strong>circiter</strong></span> <span class='ocrx_word' id='word_1_8' title='bbox 415 303 656 379; x_wconf 86' lang='lat' dir='ltr'><strong>quadringentos</strong></span> <span class='ocrx_word' id='word_1_9' title='bbox 668 318 707 362; x_wconf 85' lang='lat' dir='ltr'><strong>ex</strong></span> <span class='ocrx_word' id='word_1_10' title='bbox 721 301 871 379; x_wconf 88' lang='lat' dir='ltr'><strong>proximis</strong></span> <span class='ocrx_word' id='word_1_11' title='bbox 886 303 1022 366; x_wconf 89' lang='lat' dir='ltr'><strong>hibernis</strong></span> 
     </span>
     <span class='ocr_line' id='line_1_3' title="bbox 24 389 170 465; baseline -0.007 -18"><span class='ocrx_word' id='word_1_12' title='bbox 24 398 31 465; x_wconf 63' lang='grc' dir='ltr'>ζ</span> <span class='ocrx_word' id='word_1_13' title='bbox 60 389 170 464; x_wconf 75' lang='lat' dir='ltr'><strong>colligit.</strong></span> 
     </span>
    </p>

    <p class='ocr_par' dir='ltr' id='par_1_3' title="bbox 62 471 1022 1819">
     <span class='ocr_line' id='line_1_4' title="bbox 127 471 1021 535; baseline -0.002 0"><span class='ocrx_word' id='word_1_14' title='bbox 127 472 247 535; x_wconf 85' lang='lat' dir='ltr'><strong>XLVII.</strong></span> <span class='ocrx_word' id='word_1_15' title='bbox 280 472 367 534; x_wconf 89' lang='lat' dir='ltr'><strong>Hora</strong></span> <span class='ocrx_word' id='word_1_16' title='bbox 392 472 511 533; x_wconf 83' lang='lat' dir='ltr'><strong>circiter</strong></span> <span class='ocrx_word' id='word_1_17' title='bbox 535 472 623 532; x_wconf 88' lang='lat' dir='ltr'><strong>tertia</strong></span> <span class='ocrx_word' id='word_1_18' title='bbox 647 471 686 532; x_wconf 87' lang='lat' dir='ltr'><strong>ab</strong></span> <span class='ocrx_word' id='word_1_19' title='bbox 707 472 956 534; x_wconf 81' lang='lat' dir='ltr'><strong>antecursoribus</strong></span> <span class='ocrx_word' id='word_1_20' title='bbox 982 473 1021 534; x_wconf 89' lang='lat' dir='ltr'><strong>dc</strong></span> 
     </span>
     <span class='ocr_line' id='line_1_5' title="bbox 63 557 1019 634; baseline -0.001 -15"><span class='ocrx_word' id='word_1_21' title='bbox 63 558 148 620; x_wconf 84' lang='lat' dir='ltr'><strong>Crassi</strong></span> <span class='ocrx_word' id='word_1_22' title='bbox 169 558 308 618; x_wconf 89' lang='lat' dir='ltr'><strong>adventu</strong></span> <span class='ocrx_word' id='word_1_23' title='bbox 330 559 442 618; x_wconf 85' lang='lat' dir='ltr'><strong>certior</strong></span> <span class='ocrx_word' id='word_1_24' title='bbox 461 558 559 618; x_wconf 89' lang='lat' dir='ltr'><strong>lactus</strong></span> <span class='ocrx_word' id='word_1_25' title='bbox 582 573 619 618; x_wconf 94' lang='lat' dir='ltr'><strong>eo</strong></span> <span class='ocrx_word' id='word_1_26' title='bbox 639 557 688 617; x_wconf 91' lang='lat' dir='ltr'><strong>die</strong></span> <span class='ocrx_word' id='word_1_27' title='bbox 708 558 791 617; x_wconf 88' lang='lat' dir='ltr'><strong>milia</strong></span> <span class='ocrx_word' id='word_1_28' title='bbox 810 574 959 634; x_wconf 83' lang='lat' dir='ltr'><strong>passuum</strong></span> <span class='ocrx_word' id='word_1_29' title='bbox 979 571 1019 617; x_wconf 82' lang='lat' dir='ltr'><strong>xx</strong></span> 
     </span>
     <span class='ocr_line' id='line_1_6' title="bbox 65 641 1021 719; baseline 0 -17"><span class='ocrx_word' id='word_1_30' title='bbox 65 643 195 719; x_wconf 86' lang='lat' dir='ltr'><strong>procedit.</strong></span> <span class='ocrx_word' id='word_1_31' title='bbox 227 643 372 703; x_wconf 86' lang='lat' dir='ltr'><strong>Crassum</strong></span> <span class='ocrx_word' id='word_1_32' title='bbox 395 641 629 703; x_wconf 86' lang='lat' dir='ltr'><strong>Samarobrivae</strong></span> <span class='ocrx_word' id='word_1_33' title='bbox 649 642 789 717; x_wconf 84' lang='lat' dir='ltr'><strong>praeficit</strong></span> <span class='ocrx_word' id='word_1_34' title='bbox 808 644 1021 717; x_wconf 79' lang='lat' dir='ltr'><strong>legionemque</strong></span> 
     </span>
     <span class='ocr_line' id='line_1_7' title="bbox 65 726 1020 803; baseline -0.001 -16"><span class='ocrx_word' id='word_1_35' title='bbox 65 728 188 803; x_wconf 76' lang='lat' dir='ltr'><strong>attibuit,</strong></span> <span class='ocrx_word' id='word_1_36' title='bbox 207 728 292 803; x_wconf 93' lang='lat' dir='ltr'><strong>quod</strong></span> <span class='ocrx_word' id='word_1_37' title='bbox 308 728 349 788; x_wconf 93' lang='lat' dir='ltr'><strong>ibi</strong></span> <span class='ocrx_word' id='word_1_38' title='bbox 365 726 582 803; x_wconf 88' lang='lat' dir='ltr'><strong>impedimenta</strong></span> <span class='ocrx_word' id='word_1_39' title='bbox 597 728 760 800; x_wconf 72' lang='lat' dir='ltr'><strong>exercitus</strong></span> <span class='ocrx_word' id='word_1_40' title='bbox 776 728 901 787; x_wconf 92' lang='lat' dir='ltr'><strong>obsides</strong></span> <span class='ocrx_word' id='word_1_41' title='bbox 918 728 1020 787; x_wconf 86' lang='lat' dir='ltr'><strong>civita-</strong></span> 
     </span>
     <span class='ocr_line' id='line_1_8' title="bbox 68 812 1021 888; baseline -0.003 -15"><span class='ocrx_word' id='word_1_42' title='bbox 68 813 252 887; x_wconf 76' lang='lat' dir='ltr'><strong>imbueras</strong></span> <span class='ocrx_word' id='word_1_43' title='bbox 267 812 408 888; x_wconf 85' lang='lat' dir='ltr'><strong>publicus</strong></span> <span class='ocrx_word' id='word_1_44' title='bbox 423 814 669 887; x_wconf 82' lang='lat' dir='ltr'><strong>frumentumque</strong></span> <span class='ocrx_word' id='word_1_45' title='bbox 682 827 780 886; x_wconf 91' lang='lat' dir='ltr'><strong>omne,</strong></span> <span class='ocrx_word' id='word_1_46' title='bbox 797 814 881 887; x_wconf 91' lang='lat' dir='ltr'><strong>quod</strong></span> <span class='ocrx_word' id='word_1_47' title='bbox 893 828 930 873; x_wconf 92' lang='lat' dir='ltr'><strong>eo</strong></span> <span class='ocrx_word' id='word_1_48' title='bbox 946 814 1021 873; x_wconf 88' lang='lat' dir='ltr'><strong>tole-</strong></span> 
     </span>
     <span class='ocr_line' id='line_1_9' title="bbox 67 896 1022 973; baseline 0 -16"><span class='ocrx_word' id='word_1_49' title='bbox 67 898 162 957; x_wconf 78' lang='lat' dir='ltr'><strong>rendae</strong></span> <span class='ocrx_word' id='word_1_50' title='bbox 171 896 287 956; x_wconf 85' lang='lat' dir='ltr'><strong>hiemis</strong></span> <span class='ocrx_word' id='word_1_51' title='bbox 305 912 400 957; x_wconf 86' lang='lat' dir='ltr'><strong>causa</strong></span> <span class='ocrx_word' id='word_1_52' title='bbox 414 898 595 971; x_wconf 86' lang='lat' dir='ltr'><strong>devexerat,</strong></span> <span class='ocrx_word' id='word_1_53' title='bbox 616 896 816 971; x_wconf 86' lang='lat' dir='ltr'><strong>relinquebat.</strong></span> <span class='ocrx_word' id='word_1_54' title='bbox 845 897 974 973; x_wconf 77' lang='lat' dir='ltr'><strong>FabiuS,</strong></span> <span class='ocrx_word' id='word_1_55' title='bbox 989 904 1022 957; x_wconf 92' lang='lat' dir='ltr'><strong>ut</strong></span> 
     </span>
     <span class='ocr_line' id='line_1_10' title="bbox 66 982 1020 1057; baseline -0.001 -16"><span class='ocrx_word' id='word_1_56' title='bbox 66 983 227 1057; x_wconf 86' lang='lat' dir='ltr'><strong>imperatum</strong></span> <span class='ocrx_word' id='word_1_57' title='bbox 249 988 332 1056; x_wconf 88' lang='lat' dir='ltr'><strong>erat,</strong></span> <span class='ocrx_word' id='word_1_58' title='bbox 357 999 419 1042; x_wconf 94' lang='lat' dir='ltr'><strong>non</strong></span> <span class='ocrx_word' id='word_1_59' title='bbox 440 982 483 1040; x_wconf 86' lang='lat' dir='ltr'><strong>ita</strong></span> <span class='ocrx_word' id='word_1_60' title='bbox 496 984 769 1041; x_wconf 85' lang='lat' dir='ltr'><strong>multummoratus</strong></span> <span class='ocrx_word' id='word_1_61' title='bbox 785 982 815 1040; x_wconf 90' lang='lat' dir='ltr'><strong>in</strong></span> <span class='ocrx_word' id='word_1_62' title='bbox 830 982 937 1042; x_wconf 89' lang='lat' dir='ltr'><strong>itinere</strong></span> <span class='ocrx_word' id='word_1_63' title='bbox 952 999 1020 1041; x_wconf 91' lang='lat' dir='ltr'><strong>cum</strong></span> 
     </span>
     <span class='ocr_line' id='line_1_11' title="bbox 66 1065 1017 1141; baseline 0.002 -17"><span class='ocrx_word' id='word_1_64' title='bbox 66 1068 166 1141; x_wconf 86' lang='lat' dir='ltr'><strong>legione</strong></span> <span class='ocrx_word' id='word_1_65' title='bbox 181 1067 324 1128; x_wconf 91' lang='lat' dir='ltr'><strong>occurrit.</strong></span> <span class='ocrx_word' id='word_1_66' title='bbox 341 1066 493 1125; x_wconf 82' lang='lat' dir='ltr'><strong>Labienus</strong></span> <span class='ocrx_word' id='word_1_67' title='bbox 509 1067 630 1126; x_wconf 90' lang='lat' dir='ltr'><strong>interitu</strong></span> <span class='ocrx_word' id='word_1_68' title='bbox 638 1065 742 1126; x_wconf 89' lang='lat' dir='ltr'><strong>Sabini</strong></span> <span class='ocrx_word' id='word_1_69' title='bbox 757 1072 787 1125; x_wconf 92' lang='lat' dir='ltr'><strong>et</strong></span> <span class='ocrx_word' id='word_1_70' title='bbox 801 1067 896 1128; x_wconf 88' lang='lat' dir='ltr'><strong>caede</strong></span> <span class='ocrx_word' id='word_1_71' title='bbox 911 1067 1017 1127; x_wconf 83' lang='lat' dir='ltr'><strong>cohor</strong></span> 
     </span>
     <span class='ocr_line' id='line_1_12' title="bbox 67 1151 1020 1227; baseline 0.001 -17"><span class='ocrx_word' id='word_1_72' title='bbox 67 1151 119 1211; x_wconf 89' lang='lat' dir='ltr'><strong>tium</strong></span> <span class='ocrx_word' id='word_1_73' title='bbox 134 1153 266 1226; x_wconf 81' lang='lat' dir='ltr'><strong>cognita,</strong></span> <span class='ocrx_word' id='word_1_74' title='bbox 283 1166 352 1210; x_wconf 94' lang='lat' dir='ltr'><strong>cum</strong></span> <span class='ocrx_word' id='word_1_75' title='bbox 367 1166 475 1211; x_wconf 89' lang='lat' dir='ltr'><strong>omncs</strong></span> <span class='ocrx_word' id='word_1_76' title='bbox 491 1152 529 1210; x_wconf 92' lang='lat' dir='ltr'><strong>ad</strong></span> <span class='ocrx_word' id='word_1_77' title='bbox 545 1167 614 1211; x_wconf 92' lang='lat' dir='ltr'><strong>eum</strong></span> <span class='ocrx_word' id='word_1_78' title='bbox 628 1152 829 1212; x_wconf 88' lang='lat' dir='ltr'><strong>Treverorum</strong></span> <span class='ocrx_word' id='word_1_79' title='bbox 845 1151 954 1227; x_wconf 93' lang='lat' dir='ltr'><strong>copiae</strong></span> <span class='ocrx_word' id='word_1_80' title='bbox 967 1167 1020 1211; x_wconf 92' lang='lat' dir='ltr'><strong>vc-</strong></span> 
     </span>
     <span class='ocr_line' id='line_1_13' title="bbox 67 1235 1020 1311; baseline 0.003 -18"><span class='ocrx_word' id='word_1_81' title='bbox 67 1238 179 1311; x_wconf 89' lang='lat' dir='ltr'><strong>nissent,</strong></span> <span class='ocrx_word' id='word_1_82' title='bbox 194 1237 328 1311; x_wconf 87' lang='lat' dir='ltr'><strong>veritus,</strong></span> <span class='ocrx_word' id='word_1_83' title='bbox 345 1250 399 1310; x_wconf 92' lang='lat' dir='ltr'><strong>ne,</strong></span> <span class='ocrx_word' id='word_1_84' title='bbox 422 1251 461 1294; x_wconf 89' lang='lat' dir='ltr'><strong>ex</strong></span> <span class='ocrx_word' id='word_1_85' title='bbox 475 1235 610 1295; x_wconf 92' lang='lat' dir='ltr'><strong>hibernis</strong></span> <span class='ocrx_word' id='word_1_86' title='bbox 626 1236 717 1310; x_wconf 85' lang='lat' dir='ltr'><strong>lugac</strong></span> <span class='ocrx_word' id='word_1_87' title='bbox 732 1236 759 1296; x_wconf 91' lang='lat' dir='ltr'><strong>si</strong></span> <span class='ocrx_word' id='word_1_88' title='bbox 774 1237 903 1295; x_wconf 90' lang='lat' dir='ltr'><strong>similem</strong></span> <span class='ocrx_word' id='word_1_89' title='bbox 917 1239 989 1311; x_wconf 91' lang='lat' dir='ltr'><strong>prol</strong></span> <span class='ocrx_word' id='word_1_90' title='bbox 1007 1274 1020 1282; x_wconf 94' lang='lat'>-</span> 
     </span>
     <span class='ocr_line' id='line_1_14' title="bbox 67 1319 1019 1397; baseline 0.001 -17"><span class='ocrx_word' id='word_1_91' title='bbox 67 1321 175 1382; x_wconf 81' lang='lat' dir='ltr'><strong>cionem</strong></span> <span class='ocrx_word' id='word_1_92' title='bbox 192 1321 334 1396; x_wconf 90' lang='lat' dir='ltr'><strong>lecisset,</strong></span> <span class='ocrx_word' id='word_1_93' title='bbox 349 1319 483 1380; x_wconf 90' lang='lat' dir='ltr'><strong>hostium</strong></span> <span class='ocrx_word' id='word_1_94' title='bbox 498 1320 641 1396; x_wconf 90' lang='lat' dir='ltr'><strong>impetum</strong></span> <span class='ocrx_word' id='word_1_95' title='bbox 656 1321 809 1380; x_wconf 90' lang='lat' dir='ltr'><strong>sustinere</strong></span> <span class='ocrx_word' id='word_1_96' title='bbox 823 1337 885 1380; x_wconf 94' lang='lat' dir='ltr'><strong>non</strong></span> <span class='ocrx_word' id='word_1_97' title='bbox 900 1327 1019 1397; x_wconf 88' lang='lat' dir='ltr'><strong>posset,</strong></span> 
     </span>
     <span class='ocr_line' id='line_1_15' title="bbox 65 1404 1018 1480; baseline 0.002 -17"><span class='ocrx_word' id='word_1_98' title='bbox 65 1406 226 1478; x_wconf 87' lang='lat' dir='ltr'><strong>praesertim</strong></span> <span class='ocrx_word' id='word_1_99' title='bbox 249 1421 328 1480; x_wconf 93' lang='lat' dir='ltr'><strong>quos</strong></span> <span class='ocrx_word' id='word_1_100' title='bbox 348 1405 463 1464; x_wconf 87' lang='lat' dir='ltr'><strong>recenti</strong></span> <span class='ocrx_word' id='word_1_101' title='bbox 483 1405 612 1465; x_wconf 90' lang='lat' dir='ltr'><strong>victoria</strong></span> <span class='ocrx_word' id='word_1_102' title='bbox 640 1404 741 1464; x_wconf 85' lang='lat' dir='ltr'><strong>efferri</strong></span> <span class='ocrx_word' id='word_1_103' title='bbox 769 1406 874 1480; x_wconf 90' lang='lat' dir='ltr'><strong>sciret,</strong></span> <span class='ocrx_word' id='word_1_104' title='bbox 903 1406 1018 1465; x_wconf 83' lang='lat' dir='ltr'><strong>litteras</strong></span> 
     </span>
     <span class='ocr_line' id='line_1_16' title="bbox 66 1489 1015 1565; baseline 0.002 -17"><span class='ocrx_word' id='word_1_105' title='bbox 66 1489 168 1550; x_wconf 87' lang='lat' dir='ltr'><strong>Caesari</strong></span> <span class='ocrx_word' id='word_1_106' title='bbox 183 1491 315 1564; x_wconf 86' lang='lat' dir='ltr'><strong>remittit,</strong></span> <span class='ocrx_word' id='word_1_107' title='bbox 332 1496 446 1564; x_wconf 89' lang='lat' dir='ltr'><strong>quanto</strong></span> <span class='ocrx_word' id='word_1_108' title='bbox 463 1505 531 1549; x_wconf 92' lang='lat' dir='ltr'><strong>cum</strong></span> <span class='ocrx_word' id='word_1_109' title='bbox 546 1490 682 1565; x_wconf 91' lang='lat' dir='ltr'><strong>periculo</strong></span> <span class='ocrx_word' id='word_1_110' title='bbox 698 1491 847 1564; x_wconf 81' lang='lat' dir='ltr'><strong>legionem</strong></span> <span class='ocrx_word' id='word_1_111' title='bbox 864 1506 903 1549; x_wconf 86' lang='lat' dir='ltr'><strong>ex</strong></span> <span class='ocrx_word' id='word_1_112' title='bbox 918 1490 1015 1550; x_wconf 90' lang='lat' dir='ltr'><strong>hiber-</strong></span> 
     </span>
     <span class='ocr_line' id='line_1_17' title="bbox 65 1574 1017 1650; baseline 0.002 -19"><span class='ocrx_word' id='word_1_113' title='bbox 65 1574 97 1632; x_wconf 87' lang='lat' dir='ltr'><strong>nis</strong></span> <span class='ocrx_word' id='word_1_114' title='bbox 109 1575 276 1635; x_wconf 87' lang='lat' dir='ltr'><strong>educturus</strong></span> <span class='ocrx_word' id='word_1_115' title='bbox 292 1582 383 1648; x_wconf 91' lang='lat' dir='ltr'><strong>esset,</strong></span> <span class='ocrx_word' id='word_1_116' title='bbox 397 1590 462 1633; x_wconf 90' lang='lat' dir='ltr'><strong>rem</strong></span> <span class='ocrx_word' id='word_1_117' title='bbox 473 1582 590 1648; x_wconf 89' lang='lat' dir='ltr'><strong>gestam</strong></span> <span class='ocrx_word' id='word_1_118' title='bbox 601 1574 832 1634; x_wconf 87' lang='lat' dir='ltr'><strong>inEburonibus</strong></span> <span class='ocrx_word' id='word_1_119' title='bbox 847 1575 1017 1650; x_wconf 86' lang='lat' dir='ltr'><strong>perscribit,</strong></span> 
     </span>
     <span class='ocr_line' id='line_1_18' title="bbox 64 1658 1017 1735; baseline 0.001 -18"><span class='ocrx_word' id='word_1_120' title='bbox 64 1658 136 1719; x_wconf 90' lang='lat' dir='ltr'><strong>docet</strong></span> <span class='ocrx_word' id='word_1_121' title='bbox 154 1675 264 1720; x_wconf 91' lang='lat' dir='ltr'><strong>omnes</strong></span> <span class='ocrx_word' id='word_1_122' title='bbox 288 1659 439 1735; x_wconf 86' lang='lat' dir='ltr'><strong>equitatus</strong></span> <span class='ocrx_word' id='word_1_123' title='bbox 461 1660 674 1735; x_wconf 83' lang='lat' dir='ltr'><strong>peditatusque</strong></span> <span class='ocrx_word' id='word_1_124' title='bbox 697 1660 802 1734; x_wconf 88' lang='lat' dir='ltr'><strong>copias</strong></span> <span class='ocrx_word' id='word_1_125' title='bbox 817 1661 1017 1720; x_wconf 87' lang='lat' dir='ltr'><strong>Treverorum</strong></span> 
     </span>
     <span class='ocr_line' id='line_1_19' title="bbox 62 1742 931 1819; baseline -0.001 -18"><span class='ocrx_word' id='word_1_126' title='bbox 62 1742 103 1802; x_wconf 90' lang='lat' dir='ltr'><strong>tria</strong></span> <span class='ocrx_word' id='word_1_127' title='bbox 115 1744 197 1803; x_wconf 87' lang='lat' dir='ltr'><strong>milia</strong></span> <span class='ocrx_word' id='word_1_128' title='bbox 211 1759 361 1819; x_wconf 88' lang='lat' dir='ltr'><strong>passuum</strong></span> <span class='ocrx_word' id='word_1_129' title='bbox 376 1744 467 1817; x_wconf 90' lang='lat' dir='ltr'><strong>longe</strong></span> <span class='ocrx_word' id='word_1_130' title='bbox 482 1745 520 1802; x_wconf 88' lang='lat' dir='ltr'><strong>ab</strong></span> <span class='ocrx_word' id='word_1_131' title='bbox 537 1745 601 1804; x_wconf 90' lang='lat' dir='ltr'><strong>suis</strong></span> <span class='ocrx_word' id='word_1_132' title='bbox 618 1744 725 1803; x_wconf 90' lang='lat' dir='ltr'><strong>castris</strong></span> <span class='ocrx_word' id='word_1_133' title='bbox 741 1744 931 1804; x_wconf 90' lang='lat' dir='ltr'><strong>consedisse.</strong></span> 
     </span>
    </p>

    <p class='ocr_par' dir='ltr' id='par_1_4' title="bbox 57 1828 1018 3337">
     <span class='ocr_line' id='line_1_20' title="bbox 126 1828 1015 1904; baseline -0.001 -16"><span class='ocrx_word' id='word_1_134' title='bbox 126 1828 260 1888; x_wconf 79' lang='grc' dir='ltr'>ΧΙΝΙΙΙ,</span> <span class='ocrx_word' id='word_1_135' title='bbox 284 1830 396 1888; x_wconf 88' lang='lat' dir='ltr'><strong>Caesar</strong></span> <span class='ocrx_word' id='word_1_136' title='bbox 411 1828 618 1889; x_wconf 80' lang='lat' dir='ltr'><strong>consiliosius</strong></span> <span class='ocrx_word' id='word_1_137' title='bbox 633 1829 779 1904; x_wconf 87' lang='lat' dir='ltr'><strong>probato,</strong></span> <span class='ocrx_word' id='word_1_138' title='bbox 800 1829 856 1887; x_wconf 89' lang='lat' dir='ltr'><strong>etsi</strong></span> <span class='ocrx_word' id='word_1_139' title='bbox 872 1828 1015 1903; x_wconf 89' lang='lat' dir='ltr'><strong>opinione</strong></span> 
     </span>
     <span class='ocr_line' id='line_1_21' title="bbox 61 1910 1015 1987; baseline -0.003 -14"><span class='ocrx_word' id='word_1_140' title='bbox 61 1911 132 1973; x_wconf 86' lang='lat' dir='ltr'><strong>rium</strong></span> <span class='ocrx_word' id='word_1_141' title='bbox 151 1914 307 1987; x_wconf 90' lang='lat' dir='ltr'><strong>legionum</strong></span> <span class='ocrx_word' id='word_1_142' title='bbox 327 1913 462 1972; x_wconf 88' lang='lat' dir='ltr'><strong>deiectus</strong></span> <span class='ocrx_word' id='word_1_143' title='bbox 483 1913 523 1972; x_wconf 90' lang='lat' dir='ltr'><strong>ad</strong></span> <span class='ocrx_word' id='word_1_144' title='bbox 545 1913 621 1973; x_wconf 90' lang='lat' dir='ltr'><strong>duas</strong></span> <span class='ocrx_word' id='word_1_145' title='bbox 641 1913 786 1986; x_wconf 84' lang='lat' dir='ltr'><strong>redierat,</strong></span> <span class='ocrx_word' id='word_1_146' title='bbox 811 1910 909 1971; x_wconf 83' lang='lat' dir='ltr'><strong>tamen</strong></span> <span class='ocrx_word' id='word_1_147' title='bbox 924 1929 1015 1972; x_wconf 91' lang='lat' dir='ltr'><strong>unum</strong></span> 
     </span>
     <span class='ocr_line' id='line_1_22' title="bbox 61 1997 1016 2072; baseline 0.001 -16"><span class='ocrx_word' id='word_1_148' title='bbox 61 1998 215 2058; x_wconf 90' lang='lat' dir='ltr'><strong>communis</strong></span> <span class='ocrx_word' id='word_1_149' title='bbox 237 1999 342 2058; x_wconf 89' lang='lat' dir='ltr'><strong>salutis</strong></span> <span class='ocrx_word' id='word_1_150' title='bbox 364 1998 509 2056; x_wconf 86' lang='lat' dir='ltr'><strong>auxilium</strong></span> <span class='ocrx_word' id='word_1_151' title='bbox 530 1999 559 2056; x_wconf 89' lang='lat' dir='ltr'><strong>in</strong></span> <span class='ocrx_word' id='word_1_152' title='bbox 583 1999 734 2058; x_wconf 88' lang='lat' dir='ltr'><strong>celeritate</strong></span> <span class='ocrx_word' id='word_1_153' title='bbox 755 1997 897 2072; x_wconf 90' lang='lat' dir='ltr'><strong>ponebat.</strong></span> <span class='ocrx_word' id='word_1_154' title='bbox 926 1999 1016 2057; x_wconf 83' lang='lat' dir='ltr'><strong>Venit</strong></span> 
     </span>
     <span class='ocr_line' id='line_1_23' title="bbox 60 2082 1015 2157; baseline 0.003 -18"><span class='ocrx_word' id='word_1_155' title='bbox 60 2083 161 2156; x_wconf 86' lang='lat' dir='ltr'><strong>magnis</strong></span> <span class='ocrx_word' id='word_1_156' title='bbox 176 2083 334 2155; x_wconf 85' lang='lat' dir='ltr'><strong>itineribus</strong></span> <span class='ocrx_word' id='word_1_157' title='bbox 355 2083 386 2141; x_wconf 92' lang='lat' dir='ltr'><strong>in</strong></span> <span class='ocrx_word' id='word_1_158' title='bbox 400 2082 578 2142; x_wconf 89' lang='lat' dir='ltr'><strong>Nerviorum</strong></span> <span class='ocrx_word' id='word_1_159' title='bbox 593 2084 680 2143; x_wconf 90' lang='lat' dir='ltr'><strong>fines.</strong></span> <span class='ocrx_word' id='word_1_160' title='bbox 709 2082 753 2141; x_wconf 93' lang='lat' dir='ltr'><strong>lbi</strong></span> <span class='ocrx_word' id='word_1_161' title='bbox 768 2099 807 2141; x_wconf 88' lang='lat' dir='ltr'><strong>ex</strong></span> <span class='ocrx_word' id='word_1_162' title='bbox 823 2083 949 2157; x_wconf 84' lang='lat' dir='ltr'><strong>captivis</strong></span> <span class='ocrx_word' id='word_1_163' title='bbox 965 2098 1015 2143; x_wconf 91' lang='lat' dir='ltr'><strong>co-</strong></span> 
     </span>
     <span class='ocr_line' id='line_1_24' title="bbox 59 2167 1014 2242; baseline 0.001 -17"><span class='ocrx_word' id='word_1_164' title='bbox 59 2167 172 2240; x_wconf 85' lang='lat' dir='ltr'><strong>gnoscit,</strong></span> <span class='ocrx_word' id='word_1_165' title='bbox 190 2183 271 2242; x_wconf 86' lang='lat' dir='ltr'><strong>quae</strong></span> <span class='ocrx_word' id='word_1_166' title='bbox 286 2167 368 2242; x_wconf 92' lang='lat' dir='ltr'><strong>apud</strong></span> <span class='ocrx_word' id='word_1_167' title='bbox 384 2167 561 2227; x_wconf 85' lang='lat' dir='ltr'><strong>Ciceronem</strong></span> <span class='ocrx_word' id='word_1_168' title='bbox 576 2174 718 2242; x_wconf 85' lang='lat' dir='ltr'><strong>gerantur</strong></span> <span class='ocrx_word' id='word_1_169' title='bbox 731 2173 907 2241; x_wconf 88' lang='lat' dir='ltr'><strong>quantoque</strong></span> <span class='ocrx_word' id='word_1_170' title='bbox 919 2168 947 2226; x_wconf 88' lang='lat' dir='ltr'><strong>in</strong></span> <span class='ocrx_word' id='word_1_171' title='bbox 963 2182 1014 2242; x_wconf 72' lang='lat' dir='ltr'><strong>pe=</strong></span> 
     </span>
     <span class='ocr_line' id='line_1_25' title="bbox 57 2251 1016 2326; baseline 0.002 -18"><span class='ocrx_word' id='word_1_172' title='bbox 57 2251 140 2311; x_wconf 91' lang='lat' dir='ltr'><strong>riculo</strong></span> <span class='ocrx_word' id='word_1_173' title='bbox 164 2268 215 2311; x_wconf 89' lang='lat' dir='ltr'><strong>res</strong></span> <span class='ocrx_word' id='word_1_174' title='bbox 239 2251 285 2311; x_wconf 89' lang='lat' dir='ltr'><strong>sit.</strong></span> <span class='ocrx_word' id='word_1_175' title='bbox 325 2253 399 2310; x_wconf 88' lang='lat' dir='ltr'><strong>Tum</strong></span> <span class='ocrx_word' id='word_1_176' title='bbox 422 2252 540 2310; x_wconf 88' lang='lat' dir='ltr'><strong>cuidam</strong></span> <span class='ocrx_word' id='word_1_177' title='bbox 562 2267 601 2310; x_wconf 88' lang='lat' dir='ltr'><strong>ex</strong></span> <span class='ocrx_word' id='word_1_178' title='bbox 622 2252 773 2326; x_wconf 89' lang='lat' dir='ltr'><strong>equitibus</strong></span> <span class='ocrx_word' id='word_1_179' title='bbox 790 2251 882 2311; x_wconf 89' lang='lat' dir='ltr'><strong>Gallis</strong></span> <span class='ocrx_word' id='word_1_180' title='bbox 898 2253 1016 2326; x_wconf 88' lang='lat' dir='ltr'><strong>magnis</strong></span> 
     </span>
     <span class='ocr_line' id='line_1_26' title="bbox 58 2336 1015 2411; baseline 0.001 -17"><span class='ocrx_word' id='word_1_181' title='bbox 58 2336 187 2408; x_wconf 89' lang='lat' dir='ltr'><strong>praemiis</strong></span> <span class='ocrx_word' id='word_1_182' title='bbox 204 2336 385 2411; x_wconf 87' lang='lat' dir='ltr'><strong>persuadet,</strong></span> <span class='ocrx_word' id='word_1_183' title='bbox 410 2337 453 2395; x_wconf 89' lang='lat' dir='ltr'><strong>uti</strong></span> <span class='ocrx_word' id='word_1_184' title='bbox 469 2337 508 2395; x_wconf 89' lang='lat' dir='ltr'><strong>ad</strong></span> <span class='ocrx_word' id='word_1_185' title='bbox 524 2337 698 2396; x_wconf 88' lang='lat' dir='ltr'><strong>Ciceronem</strong></span> <span class='ocrx_word' id='word_1_186' title='bbox 715 2336 874 2410; x_wconf 88' lang='lat' dir='ltr'><strong>epistolam</strong></span> <span class='ocrx_word' id='word_1_187' title='bbox 890 2337 1015 2395; x_wconf 89' lang='lat' dir='ltr'><strong>delerat.</strong></span> 
     </span>
     <span class='ocr_line' id='line_1_27' title="bbox 58 2418 1015 2495; baseline 0.001 -17"><span class='ocrx_word' id='word_1_188' title='bbox 58 2418 128 2481; x_wconf 84' lang='lat' dir='ltr'><strong>Hanc</strong></span> <span class='ocrx_word' id='word_1_189' title='bbox 137 2421 263 2480; x_wconf 88' lang='lat' dir='ltr'><strong>Graecis</strong></span> <span class='ocrx_word' id='word_1_190' title='bbox 277 2421 479 2495; x_wconf 82' lang='lat' dir='ltr'><strong>conscriptam</strong></span> <span class='ocrx_word' id='word_1_191' title='bbox 492 2420 595 2480; x_wconf 90' lang='lat' dir='ltr'><strong>litteris</strong></span> <span class='ocrx_word' id='word_1_192' title='bbox 608 2421 700 2495; x_wconf 88' lang='lat' dir='ltr'><strong>mittit,</strong></span> <span class='ocrx_word' id='word_1_193' title='bbox 718 2436 757 2478; x_wconf 90' lang='lat' dir='ltr'><strong>ne</strong></span> <span class='ocrx_word' id='word_1_194' title='bbox 773 2421 939 2495; x_wconf 86' lang='lat' dir='ltr'><strong>intercepta</strong></span> <span class='ocrx_word' id='word_1_195' title='bbox 953 2420 1015 2495; x_wconf 89' lang='lat' dir='ltr'><strong>epi--</strong></span> 
     </span>
     <span class='ocr_line' id='line_1_28' title="bbox 59 2503 1014 2579; baseline 0.002 -18"><span class='ocrx_word' id='word_1_196' title='bbox 59 2504 805 2579; x_wconf 86' lang='lat' dir='ltr'><strong>stolanostraabhostibusconsiliacognoscantur.</strong></span> <span class='ocrx_word' id='word_1_197' title='bbox 824 2503 1014 2565; x_wconf 88' lang='lat' dir='ltr'><strong>Siadirenou</strong></span> 
     </span>
     <span class='ocr_line' id='line_1_29' title="bbox 59 2588 1017 2664; baseline 0 -16"><span class='ocrx_word' id='word_1_198' title='bbox 59 2589 149 2663; x_wconf 87' lang='lat' dir='ltr'><strong>possit,</strong></span> <span class='ocrx_word' id='word_1_199' title='bbox 164 2595 278 2662; x_wconf 87' lang='lat' dir='ltr'><strong>monet,</strong></span> <span class='ocrx_word' id='word_1_200' title='bbox 294 2595 327 2648; x_wconf 93' lang='lat' dir='ltr'><strong>ut</strong></span> <span class='ocrx_word' id='word_1_201' title='bbox 338 2593 486 2664; x_wconf 78' lang='lat' dir='ltr'><strong>tragulam</strong></span> <span class='ocrx_word' id='word_1_202' title='bbox 502 2605 570 2648; x_wconf 93' lang='lat' dir='ltr'><strong>cum</strong></span> <span class='ocrx_word' id='word_1_203' title='bbox 582 2592 710 2664; x_wconf 88' lang='lat' dir='ltr'><strong>epistola</strong></span> <span class='ocrx_word' id='word_1_204' title='bbox 723 2589 764 2648; x_wconf 88' lang='lat' dir='ltr'><strong>ad</strong></span> <span class='ocrx_word' id='word_1_205' title='bbox 778 2595 928 2648; x_wconf 87' lang='lat' dir='ltr'><strong>amentum</strong></span> <span class='ocrx_word' id='word_1_206' title='bbox 943 2588 1017 2648; x_wconf 93' lang='lat' dir='ltr'><strong>deli-</strong></span> 
     </span>
     <span class='ocr_line' id='line_1_30' title="bbox 60 2672 1018 2744; baseline 0.001 -13"><span class='ocrx_word' id='word_1_207' title='bbox 60 2681 113 2744; x_wconf 84' lang='lat' dir='ltr'><strong>gata</strong></span> <span class='ocrx_word' id='word_1_208' title='bbox 123 2674 200 2734; x_wconf 86' lang='lat' dir='ltr'><strong>intra</strong></span> <span class='ocrx_word' id='word_1_209' title='bbox 214 2673 412 2734; x_wconf 91' lang='lat' dir='ltr'><strong>munitionem</strong></span> <span class='ocrx_word' id='word_1_210' title='bbox 428 2682 595 2734; x_wconf 87' lang='lat' dir='ltr'><strong>castrorum</strong></span> <span class='ocrx_word' id='word_1_211' title='bbox 611 2675 729 2733; x_wconf 88' lang='lat' dir='ltr'><strong>abiciat.</strong></span> <span class='ocrx_word' id='word_1_212' title='bbox 745 2674 777 2730; x_wconf 89' lang='lat' dir='ltr'><strong>ln</strong></span> <span class='ocrx_word' id='word_1_213' title='bbox 794 2672 898 2731; x_wconf 89' lang='lat' dir='ltr'><strong>litteris</strong></span> <span class='ocrx_word' id='word_1_214' title='bbox 914 2672 1018 2733; x_wconf 91' lang='lat' dir='ltr'><strong>scribit</strong></span> 
     </span>
     <span class='ocr_line' id='line_1_31' title="bbox 61 2757 1017 2832; baseline 0.004 -20"><span class='ocrx_word' id='word_1_215' title='bbox 61 2771 85 2814; x_wconf 88' lang='lat' dir='ltr'><strong>se</strong></span> <span class='ocrx_word' id='word_1_216' title='bbox 94 2774 159 2817; x_wconf 87' lang='lat' dir='ltr'><strong>cum</strong></span> <span class='ocrx_word' id='word_1_217' title='bbox 173 2758 347 2832; x_wconf 80' lang='lat' dir='ltr'><strong>regionibus</strong></span> <span class='ocrx_word' id='word_1_218' title='bbox 363 2760 532 2832; x_wconf 87' lang='lat' dir='ltr'><strong>protectum</strong></span> <span class='ocrx_word' id='word_1_219' title='bbox 544 2759 681 2818; x_wconf 88' lang='lat' dir='ltr'><strong>celeriter</strong></span> <span class='ocrx_word' id='word_1_220' title='bbox 692 2759 814 2826; x_wconf 80' lang='lat' dir='ltr'><strong>adfore3</strong></span> <span class='ocrx_word' id='word_1_221' title='bbox 827 2757 972 2830; x_wconf 88' lang='lat' dir='ltr'><strong>hortatur,</strong></span> <span class='ocrx_word' id='word_1_222' title='bbox 983 2763 1017 2818; x_wconf 92' lang='lat' dir='ltr'><strong>ut</strong></span> 
     </span>
     <span class='ocr_line' id='line_1_32' title="bbox 60 2841 1016 2918; baseline 0.003 -20"><span class='ocrx_word' id='word_1_223' title='bbox 60 2841 201 2912; x_wconf 89' lang='lat' dir='ltr'><strong>pristinam</strong></span> <span class='ocrx_word' id='word_1_224' title='bbox 214 2843 355 2902; x_wconf 87' lang='lat' dir='ltr'><strong>virtutem</strong></span> <span class='ocrx_word' id='word_1_225' title='bbox 370 2844 506 2902; x_wconf 89' lang='lat' dir='ltr'><strong>retineat.</strong></span> <span class='ocrx_word' id='word_1_226' title='bbox 538 2844 639 2902; x_wconf 89' lang='lat' dir='ltr'><strong>Gallus</strong></span> <span class='ocrx_word' id='word_1_227' title='bbox 654 2844 822 2918; x_wconf 89' lang='lat' dir='ltr'><strong>periculum</strong></span> <span class='ocrx_word' id='word_1_228' title='bbox 837 2842 967 2901; x_wconf 90' lang='lat' dir='ltr'><strong>veritus.</strong></span> <span class='ocrx_word' id='word_1_229' title='bbox 982 2849 1016 2901; x_wconf 92' lang='lat' dir='ltr'><strong>ut</strong></span> 
     </span>
     <span class='ocr_line' id='line_1_33' title="bbox 60 2926 1013 3002; baseline -0.002 -18"><span class='ocrx_word' id='word_1_230' title='bbox 60 2933 111 2985; x_wconf 91' lang='lat' dir='ltr'><strong>erat</strong></span> <span class='ocrx_word' id='word_1_231' title='bbox 128 2935 341 3002; x_wconf 88' lang='lat' dir='ltr'><strong>pracceptum,</strong></span> <span class='ocrx_word' id='word_1_232' title='bbox 366 2929 514 3002; x_wconf 85' lang='lat' dir='ltr'><strong>tragulam</strong></span> <span class='ocrx_word' id='word_1_233' title='bbox 534 2927 629 2987; x_wconf 91' lang='lat' dir='ltr'><strong>mittit.</strong></span> <span class='ocrx_word' id='word_1_234' title='bbox 656 2928 740 2986; x_wconf 89' lang='lat' dir='ltr'><strong>Haec</strong></span> <span class='ocrx_word' id='word_1_235' title='bbox 762 2943 835 2986; x_wconf 89' lang='lat' dir='ltr'><strong>casu</strong></span> <span class='ocrx_word' id='word_1_236' title='bbox 857 2927 894 2985; x_wconf 88' lang='lat' dir='ltr'><strong>ad</strong></span> <span class='ocrx_word' id='word_1_237' title='bbox 910 2926 1013 2984; x_wconf 89' lang='lat' dir='ltr'><strong>turrim</strong></span> 
     </span>
     <span class='ocr_line' id='line_1_34' title="bbox 61 3009 1014 3086; baseline 0.002 -19"><span class='ocrx_word' id='word_1_238' title='bbox 61 3009 182 3071; x_wconf 82' lang='lat' dir='ltr'><strong>adhaesit</strong></span> <span class='ocrx_word' id='word_1_239' title='bbox 197 3026 299 3086; x_wconf 87' lang='lat' dir='ltr'><strong>neque</strong></span> <span class='ocrx_word' id='word_1_240' title='bbox 313 3011 351 3071; x_wconf 90' lang='lat' dir='ltr'><strong>ab</strong></span> <span class='ocrx_word' id='word_1_241' title='bbox 365 3013 478 3072; x_wconf 89' lang='lat' dir='ltr'><strong>nostris</strong></span> <span class='ocrx_word' id='word_1_242' title='bbox 493 3013 587 3072; x_wconf 92' lang='lat' dir='ltr'><strong>biduo</strong></span> <span class='ocrx_word' id='word_1_243' title='bbox 603 3013 815 3071; x_wconf 88' lang='lat' dir='ltr'><strong>animadversa</strong></span> <span class='ocrx_word' id='word_1_244' title='bbox 830 3010 915 3070; x_wconf 89' lang='lat' dir='ltr'><strong>tertio</strong></span> <span class='ocrx_word' id='word_1_245' title='bbox 932 3009 1014 3069; x_wconf 89' lang='lat' dir='ltr'><strong>dica</strong></span> 
     </span>
     <span class='ocr_line' id='line_1_35' title="bbox 61 3093 1014 3171; baseline 0.001 -20"><span class='ocrx_word' id='word_1_246' title='bbox 61 3096 177 3165; x_wconf 86' lang='lat' dir='ltr'><strong>quodam</strong></span> <span class='ocrx_word' id='word_1_247' title='bbox 191 3095 286 3155; x_wconf 91' lang='lat' dir='ltr'><strong>milite</strong></span> <span class='ocrx_word' id='word_1_248' title='bbox 302 3097 504 3171; x_wconf 90' lang='lat' dir='ltr'><strong>conspicitur,</strong></span> <span class='ocrx_word' id='word_1_249' title='bbox 527 3097 649 3170; x_wconf 89' lang='lat' dir='ltr'><strong>dempta</strong></span> <span class='ocrx_word' id='word_1_250' title='bbox 671 3097 710 3155; x_wconf 89' lang='lat' dir='ltr'><strong>ad</strong></span> <span class='ocrx_word' id='word_1_251' title='bbox 725 3096 899 3155; x_wconf 87' lang='lat' dir='ltr'><strong>Ciceronem</strong></span> <span class='ocrx_word' id='word_1_252' title='bbox 915 3093 1014 3153; x_wconf 91' lang='lat' dir='ltr'><strong>deler-</strong></span> 
     </span>
     <span class='ocr_line' id='line_1_36' title="bbox 60 3176 1014 3257; baseline 0.006 -24"><span class='ocrx_word' id='word_1_253' title='bbox 60 3180 104 3235; x_wconf 90' lang='lat' dir='ltr'><strong>tur.</strong></span> <span class='ocrx_word' id='word_1_254' title='bbox 129 3179 181 3239; x_wconf 88' lang='lat' dir='ltr'><strong>illc</strong></span> <span class='ocrx_word' id='word_1_255' title='bbox 204 3183 370 3257; x_wconf 89' lang='lat' dir='ltr'><strong>perlectam</strong></span> <span class='ocrx_word' id='word_1_256' title='bbox 393 3183 421 3239; x_wconf 89' lang='lat' dir='ltr'><strong>in</strong></span> <span class='ocrx_word' id='word_1_257' title='bbox 445 3188 597 3241; x_wconf 88' lang='lat' dir='ltr'><strong>conventu</strong></span> <span class='ocrx_word' id='word_1_258' title='bbox 612 3181 736 3240; x_wconf 92' lang='lat' dir='ltr'><strong>militum</strong></span> <span class='ocrx_word' id='word_1_259' title='bbox 750 3179 856 3239; x_wconf 88' lang='lat' dir='ltr'><strong>recitat</strong></span> <span class='ocrx_word' id='word_1_260' title='bbox 869 3176 1014 3239; x_wconf 88' lang='lat' dir='ltr'><strong>maxima-</strong></span> 
     </span>
     <span class='ocr_line' id='line_1_37' title="bbox 61 3263 1012 3337; baseline 0.002 -15"><span class='ocrx_word' id='word_1_261' title='bbox 61 3278 108 3337; x_wconf 89' lang='lat' dir='ltr'><strong>que</strong></span> <span class='ocrx_word' id='word_1_262' title='bbox 121 3282 226 3327; x_wconf 89' lang='lat' dir='ltr'><strong>omues</strong></span> <span class='ocrx_word' id='word_1_263' title='bbox 240 3267 354 3326; x_wconf 90' lang='lat' dir='ltr'><strong>laetitia</strong></span> <span class='ocrx_word' id='word_1_264' title='bbox 368 3266 478 3325; x_wconf 89' lang='lat' dir='ltr'><strong>adlicit.</strong></span> <span class='ocrx_word' id='word_1_265' title='bbox 505 3267 577 3324; x_wconf 85' lang='lat' dir='ltr'><strong>Tum</strong></span> <span class='ocrx_word' id='word_1_266' title='bbox 594 3263 665 3323; x_wconf 84' lang='lat' dir='ltr'><strong>lumi</strong></span> <span class='ocrx_word' id='word_1_267' title='bbox 682 3265 891 3323; x_wconf 89' lang='lat' dir='ltr'><strong>incendiorum</strong></span> <span class='ocrx_word' id='word_1_268' title='bbox 904 3265 1012 3337; x_wconf 91' lang='lat' dir='ltr'><strong>procul</strong></span> 
     </span>
    </p>
   </div>
   <div class='ocr_carea' id='block_1_3' title="bbox 16 3347 1012 3587">
    <p class='ocr_par' dir='ltr' id='par_1_5' title="bbox 16 3347 1012 3587">
     <span class='ocr_line' id='line_1_38' title="bbox 16 3347 1012 3431; baseline 0.003 -26"><span class='ocrx_word' id='word_1_269' title='bbox 16 3388 25 3431; x_wconf 34' lang='grc'><strong>1-</strong></span> <span class='ocrx_word' id='word_1_270' title='bbox 59 3347 238 3421; x_wconf 81' lang='lat' dir='ltr'><strong>videbantur;</strong></span> <span class='ocrx_word' id='word_1_271' title='bbox 262 3365 413 3427; x_wconf 86' lang='lat' dir='ltr'><strong>quaeres</strong></span> <span class='ocrx_word' id='word_1_272' title='bbox 436 3365 555 3411; x_wconf 92' lang='lat' dir='ltr'><strong>omnem</strong></span> <span class='ocrx_word' id='word_1_273' title='bbox 577 3348 794 3408; x_wconf 86' lang='lat' dir='ltr'><strong>dubitationem</strong></span> <span class='ocrx_word' id='word_1_274' title='bbox 809 3348 957 3408; x_wconf 89' lang='lat' dir='ltr'><strong>adventus</strong></span> <span class='ocrx_word' id='word_1_275' title='bbox 971 3348 1012 3408; x_wconf 84' lang='lat' dir='ltr'><strong>lc-</strong></span> 
     </span>
     <span class='ocr_line' id='line_1_39' title="bbox 60 3430 307 3511; baseline 0.008 -20"><span class='ocrx_word' id='word_1_276' title='bbox 60 3430 166 3503; x_wconf 76' lang='lat' dir='ltr'><strong>gionum</strong></span> <span class='ocrx_word' id='word_1_277' title='bbox 180 3437 307 3511; x_wconf 61' lang='lat' dir='ltr'><strong>expulit.</strong></span> 
     </span>
     <span class='ocr_line' id='line_1_40' title="bbox 93 3526 818 3587; baseline 0.004 -13"><span class='ocrx_word' id='word_1_278' title='bbox 93 3533 107 3574; x_wconf 89' lang='lat' dir='ltr'><strong>c</strong></span> <span class='ocrx_word' id='word_1_279' title='bbox 134 3533 226 3578; x_wconf 79' lang='lat' dir='ltr'><strong>lutros</strong></span> <span class='ocrx_word' id='word_1_280' title='bbox 247 3536 373 3578; x_wconf 69' lang='lat' dir='ltr'><strong>causan.</strong></span> <span class='ocrx_word' id='word_1_281' title='bbox 801 3526 818 3587; x_wconf 79' lang='grc' dir='ltr'><strong>Ὶ</strong></span> 
     </span>
    </p>
   </div>
   <div class='ocr_carea' id='block_1_4' title="bbox 0 0 1140 4176">
    <p class='ocr_par' dir='ltr' id='par_1_6' title="bbox 0 0 1140 4176">
     <span class='ocr_line' id='line_1_41' title="bbox 0 0 1140 4176; baseline 0 2"><span class='ocrx_word' id='word_1_282' title='bbox 0 0 1140 4176; x_wconf 95' lang='lat' dir='ltr'><strong> </strong></span> 
     </span>
    </p>
   </div>
  </div>
 </body>
</html>
