2272 4176
127 450 189 517 2³8
446 449 498 513 DE
518 446 643 511 BELLO
665 446 781 510 cltum

113 606 281 684 .proiugit;
311 622 391 682 quae
411 620 517 667 omnes
536 603 706 665 citeriorem
723 599 904 678 Hispaniam
919 601 1093 679 pervemat

129 692 173 752 At
188 707 228 751 cx
242 690 371 767 reliquis
389 707 451 752 una
461 690 633 766 praemissa
643 687 811 748 Massiliam
821 685 913 749 huius
924 688 1020 749 nuntii
1033 705 1092 765 pcr-

130 776 247 837 ferendi
259 776 362 851 'mutia
378 791 448 836 curn
466 775 525 836 iarn
537 774 799 850 adpropinquaret
809 770 895 847 urbi,
919 773 1093 835 omnissese

129 861 287 921 multitudo
310 860 425 935 alludit,
450 868 480 921 et
496 874 531 919 re
549 859 670 934 cognita
684 865 787 918 tantus
798 858 899 917 luctus
911 857 1046 934 excepit,
1064 864 1092 919 ut

1115 480 1130 523 *l

128 944 204 1005 urbs
223 945 260 1005 ab
279 944 420 1006 hostibus
433 951 523 1020 capta
534 941 783 1018 eodemvestigio
795 940 961 1002 videretur·
992 941 1091 1003 Massi·
1128 946 1130 959 '

127 1028 243 1089 lienses
262 1037 362 1090 tamen
381 1028 475 1090 nihilo
494 1028 597 1090 secius
611 1027 650 1088 ad
661 1027 875 1089 defensionem
885 1026 972 1088 urbis
984 1028 1091 1104 reliqua

131 1128 282 1189 apparare
294 1120 469 1189 coeperunt.

211 1199 290 1257 Vlll.
333 1197 389 1258 Est
406 1197 651 1258 animadversum
669 1197 708 1257 ab
726 1188 920 1272 legionariis,
950 1196 1004 1272 qui
1026 1196 1086 1257 dex·
1128 1206 1130 1223 ¹

128 1289 205 1343 tram
224 1290 340 1357 partem
358 1282 462 1358 operis
481 1281 745 1354 administrabant,
769 1296 809 1340 ex
827 1279 945 1341 crebris
968 1280 1090 1343 hostium

129 1367 341 1441 eruptionibus
360 1383 470 1442 magno
490 1367 548 1427 sibi
567 1382 638 1427 esse
649 1365 805 1443 praesidio
817 1381 925 1441 posse,
949 1365 978 1425 si
992 1366 1089 1441 ibipro

130 1451 254 1511 castallo
275 1467 310 1511 ac
328 1453 521 1527 receptaculo
539 1451 643 1513 turrim
661 1452 810 1511 exlatere
827 1450 885 1510 sub
904 1465 994 1511 muro
1011 1450 1089 1513 leen-

129 1542 205 1594 sent.
235 1534 330 1607 Quam
349 1536 447 1612 primo
466 1536 505 1596 ad
523 1537 700 1612 repentinos
719 1536 862 1596 incursus
873 1533 1020 1597 humilem
1030 1550 1088 1611 pnr-

129 1621 416 1694 vamquelecerunt.
448 1620 516 1680 Huc
528 1636 562 1680 se
572 1621 760 1690 referebanb
785 1619 865 1692 hinc,
889 1619 917 1680 si
930 1637 994 1696 qua
1003 1620 1088 1680 maior

130 1711 328 1778 oppresserat
343 1706 400 1777 vis,
425 1705 675 1780 propugnatura
702 1704 773 1764 hinc
790 1704 830 1765 ad
845 1705 1089 1780 repellendumet

128 1789 379 1862 prosequendum
396 1788 516 1850 hostem
534 1789 762 1865 procurrebant.
783 1788 910 1850 Patebat
927 1788 1006 1850 haec
1024 1803 1087 1865 quo·

130 1886 190 1947 que
200 1887 310 1935 versus
323 1873 418 1949 pedes
434 1874 563 1949 triginta,
588 1875 644 1935 sed
654 1875 802 1950 parietum
814 1872 990 1935 crassitudo
1003 1873 1088 1950 pedes

129 1956 272 2032 quinque.
294 1956 406 2019 Postea
414 1974 499 2029 vero,
511 1965 544 2019 ut
555 1967 710 2020 estrerum
718 1957 1087 2033 omniummagisterusus,
1128 1964 1130 1977 '

127 2039 284 2102 hominum
303 2042 436 2103 adhibita
455 2044 580 2104 solertia
596 2045 750 2105 inventum
762 2049 809 2104 est
819 2058 931 2118 magno
944 2059 1018 2105 esse
1028 2041 1087 2105 usui

127 2141 239 2200 posse,
263 2127 289 2186 si
308 2127 385 2187 haec
403 2135 487 2188 esset
503 2127 534 2187 in
553 2129 738 2191 altitudinem
754 2129 847 2190 turris
866 2130 956 2190 elata.
990 2127 1089 2190 ldhac

128 2211 244 2270 ratione
261 2213 428 2286 perfeetum
444 2218 499 2273 est.
579 2272 583 2279 ,

210 2295 259 2355 ΙΧ.
302 2296 360 2356 Ubi
378 2298 469 2356 turris
489 2297 612 2368 altitudo
632 2298 781 2373 perducta
797 2304 844 2358 est
862 2298 901 2357 ad
921 2297 1088 2358 contabula-

126 2377 248 2451 tionem,
262 2395 329 2439 eam
340 2382 370 2439 in
379 2383 510 2455 parietes
522 2384 729 2444 instruxerunt
736 2383 784 2457 ita,
797 2388 830 2442 ut
837 2381 939 2457 capita
945 2383 1090 2458 tignorum

127 2470 262 2522 extrema
278 2466 426 2540 parietum
439 2473 589 2527 structura
599 2474 781 2542 tegerentur,
803 2482 843 2526 ne
856 2467 930 2542 quid
941 2467 1089 2541 emineret,

126 2547 178 2607 ubi
190 2547 269 2621 ignis
281 2549 415 2610 hostium
428 2552 671 2613 adhaeresceret.
697 2553 783 2612 Hane
798 2552 926 2627 insuper
938 2553 1089 2626 contigna-

125 2631 247 2704 tionem,
272 2641 416 2708 quantum
434 2643 545 2697 tectum
560 2637 653 2711 plutei
673 2653 709 2697 ac
728 2638 885 2697 vinearum
897 2653 1028 2711 passum
1040 2642 1089 2706 est,

125 2716 282 2777 latericulo
304 2719 519 2781 adstruxerunt
536 2737 692 2797 supraque
715 2738 783 2783 eum
805 2723 906 2782 locum
930 2721 992 2782 duo
1015 2720 1091 2795 tigna

124 2806 302 2862 transversa
323 2803 490 2866 iniecerunt
509 2823 570 2866 non
589 2807 680 2881 longe
698 2807 736 2866 ab
755 2806 898 2866 extremis
917 2805 1090 2881 parietibus,

126 2886 237 2960 quibus
268 2889 493 2963 suspenderent
520 2907 587 2951 earn
616 2892 884 2966 contignationem,
919 2905 1001 2965 quae
1023 2886 1091 2951 turn·

123 2971 285 3044 tegimento
306 2980 389 3033 esset
407 2974 514 3047 lutura,
538 2992 695 3052 supraque
713 2992 750 3036 ea
767 2977 850 3051 tigna
867 2975 985 3035 directo
997 2981 1091 3034 tram·

123 3069 232 3116 versas
250 3056 352 3117 trabes
372 3057 539 3120 iniecerunt
554 3076 670 3135 easque
689 3061 797 3121 mribus
809 3060 1015 3134 religaverunt
1025 3058 1090 3132 (has

122 3142 215 3214 paulo
227 3140 382 3215 longiores
392 3151 482 3218 atque
492 3145 714 3219 eminentiores,
729 3163 819 3221 quam
827 3143 953 3204 extremi
962 3143 1090 3219 parietes

123 3231 223 3297 erant,
256 3225 438 3299 effecerunt,
467 3237 500 3290 ut
522 3237 605 3290 esset
626 3230 678 3290 ubi
699 3231 862 3305 tegimenta
883 3227 1091 3305 praependere

124 3317 253 3384 possent
274 3311 312 3370 ad
333 3312 543 3373 defendendos
562 3315 640 3375 ictus
659 3331 695 3374 ac
707 3315 913 3390 repellendos,
937 3328 1008 3373 cum
1018 3312 1091 3371 inter

123 3408 192 3454 eam
213 3396 467 3469 contignationem
485 3399 617 3473 parietes
636 3403 859 3471 extruerentur)
877 3412 1009 3474 eamque
1021 3411 1088 3457 con-

58 3489 61 3493 ·
122 3479 339 3541 tabulationem
364 3498 512 3541 summam
534 3482 679 3544 lateribus
701 3485 828 3559 lutoque
850 3486 1088 3551 constraverunt,

121 3576 161 3619 ne
174 3564 247 3637 quid
260 3566 337 3640 ignis
349 3565 483 3627 hostium
494 3560 733 3644 riccereposset,
746 3576 955 3644 centonesque
966 3567 1090 3641 insuper

121 3643 304 3723 iniecerunt,
327 3666 366 3711 ne
388 3658 440 3712 aut
459 3654 519 3713 tela
540 3653 696 3714 tormentis
719 3653 857 3713 immissa
876 3652 1089 3713 tabtdatiouem

122 3730 344 3808 perfringerent
355 3746 406 3798 aut
417 3755 494 3799 saxa
505 3755 544 3799 ex
552 3738 711 3816 catapultis
719 3738 887 3801 latericium
895 3736 1088 3800 discuterent.
