2272 4176
10 39 215 199 swa:
477 140 649 203 curan.
984 134 1043 203 257

69 298 250 377 praesentas
266 297 415 374 equitum,
431 310 500 355 etim
513 296 623 370 paucis
637 295 790 371 equitibus
807 296 1046 373 circumsistere,
1075 352 1078 358 .

69 384 194 459 utlaga
211 384 342 444 salutern
355 387 440 458 petat
459 386 551 455 atque
565 380 596 439 in
611 387 712 440 castra
727 382 899 457 contendat,
914 388 944 441 et
958 397 994 441 se
1008 383 1047 442 ab
1110 452 1113 457 ¹

71 484 110 530 eo
131 484 197 528 non
218 467 429 528 discessurum
449 464 619 540 pollinctur.
647 465 688 524 At
709 465 797 526 Curio
822 482 987 540 numquam
1012 482 1048 527 se

72 552 190 613 amisso
207 553 358 626 exercitu,
380 565 470 626 quem
486 564 504 607 a
520 548 649 608 Caesare
663 548 735 608 fidei
750 550 1045 617 commissurnacce-

72 637 161 713 perit,
177 636 209 694 ln
225 636 291 695 eius
308 641 507 709 conspectum
520 648 716 692 reversurum
731 634 890 695 confirmat
904 640 995 708 atque
1006 634 1048 695 ita

71 721 232 803 proelians
247 719 434 780 interficitur.
458 717 585 792 Equites
601 733 640 776 ex
653 718 771 791 proelio
786 718 933 794 perpauci
951 734 984 777 se
999 735 1045 778 re-

72 805 208 880 cipiunt;
230 804 286 863 sed
301 803 330 878 ii,
346 818 425 879 quos
440 802 480 860 ad
494 801 694 861 novissimum
709 818 818 877 agmen
834 819 983 878 equorum
997 818 1045 862 re-

71 888 273 952 ficiendorum
290 902 384 947 causa
397 885 572 945 substitisse
587 885 826 947 demonstratum
840 894 896 961 est,
912 888 985 961 luga
998 895 1043 949 to-

72 974 131 1033 tius
147 972 302 1032 exercitus
322 971 431 1047 procul
452 970 666 1028 animadversa
680 986 751 1029 sese
766 972 934 1031 incolumes
950 972 980 1029 in
996 986 1044 1030 ca-

72 1065 137 1117 stra
152 1057 322 1116 conterunt.
350 1055 460 1114 Milites
479 1053 518 1111 ad
531 1070 626 1113 unum
641 1070 746 1114 omnes
761 1055 990 1115 iuterficiuntur.

155 1140 259 1200 XLIII.
280 1140 334 1199 Itis
348 1139 442 1198 robus
458 1138 587 1211 cognitIs
600 1136 733 1198 Marcius
740 1140 838 1200 Rufus
855 1146 1002 1214 quaestor
1015 1138 1045 1198 in

72 1226 183 1285 castris
198 1224 323 1283 relictus
338 1239 357 1282 a
372 1221 501 1282 Curione
513 1221 687 1282 cohortatur
702 1240 785 1297 suos,
801 1241 840 1283 ne
855 1225 954 1284 animo
971 1222 1045 1283 defi-

72 1310 162 1369 ciant.
191 1307 238 1367 llli
260 1314 346 1368 orant
360 1313 451 1382 atque
466 1305 643 1380 obsecrant,
668 1313 702 1366 ut
722 1308 753 1366 in
769 1307 901 1368 Siciliam
915 1308 1045 1367 navibus

69 1398 274 1469 reportentur.
318 1391 481 1451 Pollicetur
505 1390 721 1466 magIstrisque
752 1393 881 1467 imperat
910 1393 1042 1465 navium,

11 1536 14 1559 ἶ
71 1484 104 1537 ut
123 1476 224 1552 primo
245 1489 377 1550 vespere
398 1489 504 1535 omnes
526 1474 659 1548 scaphas
682 1475 721 1533 ad
741 1477 811 1535 litus
828 1477 976 1551 adpulsas
990 1477 1043 1535 ha-

70 1562 172 1621 beant.
204 1559 267 1620 Sed
280 1566 381 1618 tantus
397 1558 452 1617 luit
466 1557 599 1617 omnium
618 1565 730 1634 terror,
755 1567 788 1620 ut
802 1561 851 1619 alii
866 1562 978 1620 adesse
993 1575 1043 1621 co-

70 1647 140 1721 plas
160 1645 255 1704 Iubae
271 1645 420 1716 dicerent,
446 1642 496 1701 alii
518 1658 587 1701 cum
606 1644 778 1717 legionibus
800 1645 914 1703 instare
927 1646 1043 1704 Varum

70 1731 194 1805 iamque
209 1744 245 1788 se
258 1729 416 1802 pulverem
430 1727 613 1786 venientium
635 1743 759 1786 cernere
780 1735 922 1803 (quarum
942 1744 1043 1788 rerum

71 1813 281 1873 nihilomnino
297 1811 470 1883 acciderat),
487 1811 536 1869 alii
552 1813 683 1870 classem
697 1811 829 1872 hostium
842 1813 979 1871 colenter
990 1814 1042 1871 ad-

70 1898 241 1957 volaturam
256 1895 495 1969 suspicarentur.
522 1895 629 1970 Itaque
643 1896 810 1970 perterritis
827 1896 967 1956 omnibus
984 1896 1042 1955 sibi

33 2055 36 2063 ¹
70 1983 206 2057 quisque
222 1979 409 2039 consulebat.
440 1978 496 2051 Qui
517 1979 547 2036 ln
563 1980 662 2038 classe
677 1986 777 2054 erant,
803 1980 957 2055 proficisci
972 1997 1041 2055 pro-

70 2066 229 2141 perabant.
250 2064 365 2123 Horum
379 2062 452 2136 luga
467 2062 588 2121 navium
603 2065 806 2123 onerariarum
822 2065 982 2138 magistros
997 2066 1042 2124 in-

71 2150 198 2219 citabatr
214 2147 305 2222 pauci
319 2147 472 2206 lenunculi
488 2147 526 2204 ad
545 2147 679 2206 officium
694 2149 914 2222 imperiumque
930 2164 1040 2209 conve-

70 2233 204 2292 nIebant.
233 2231 295 2290 Sed
309 2236 392 2290 tanta
408 2237 472 2289 erat
486 2232 643 2305 completis
658 2232 796 2292 litoribus
813 2233 974 2307 contentio,
991 2235 1042 2308 qui

70 2316 265 2393 potissimum
280 2330 319 2373 ex
333 2329 443 2388 magno
459 2331 584 2374 munero
600 2317 849 2389 conscenderent,
866 2323 899 2376 ut
912 2318 1040 2377 multitu-

71 2402 143 2461 dine
158 2405 252 2475 atque
267 2414 360 2458 onere
374 2399 509 2458 nonnulli
525 2399 777 2474 deprimerenter,
803 2401 912 2475 reliqui
932 2401 992 2461 hoc
1005 2402 1040 2460 ti-

69 2501 155 2546 more
170 2483 298 2559 propius
314 2483 397 2541 adire
411 2483 610 2541 tardarentur.

154 2568 260 2627 XLIV.
283 2567 398 2641 Quibus
413 2566 506 2624 rebus
523 2567 632 2626 accidit
645 2575 679 2626 ut
693 2567 784 2641 pauci
799 2567 908 2626 milites
924 2574 1040 2642 patres-

71 2668 132 2728 que
145 2651 294 2727 familiae,
311 2652 362 2725 qui
377 2656 429 2730 aut
442 2651 538 2724 gratia
552 2657 604 2709 aut
617 2651 826 2710 misericordia
840 2652 977 2711 valerent
991 2661 1042 2712 aut

70 2751 166 2796 naves
182 2736 297 2794 adnare
311 2740 454 2808 possent,
469 2735 584 2809 recepti
598 2735 627 2793 in
644 2735 776 2795 Siciliam
788 2734 956 2795 incolumes
972 2752 1041 2810 per-

68 2820 218 2880 venirent.
233 2819 382 2894 Reliquae
398 2819 506 2891 copiae
521 2818 623 2878 missis
640 2819 801 2878 adVarum
816 2826 910 2879 noctu
924 2821 1039 2894 legato-

69 2922 135 2966 rum
155 2917 283 2962 numero
306 2902 533 2962 centurionibus
554 2917 625 2961 sese
646 2903 673 2961 ei
689 2902 877 2962 dediderunt.
908 2902 1039 2976 Quarum

70 2988 241 3052 cohortium
254 2986 363 3045 milites
377 2993 503 3061 postero
519 2985 651 3046 dicante
667 2986 814 3060 oppidum
828 2988 903 3046 Iuba
918 2989 1024 3062 conspi

70 3081 156 3134 catus
181 3087 271 3132 suam
296 3085 367 3131 esse
390 3071 571 3145 praedicans
597 3071 743 3146 praedam
763 3086 904 3145 magnam
923 3079 1038 3146 partem
1076 3144 1079 3149 ¹

68 3174 174 3220 eorum
188 3154 319 3216 interfici
333 3155 436 3229 iussit,
463 3170 579 3229 paucos
601 3157 715 3214 eleetos
730 3155 760 3213 in
775 3170 901 3228 regnum
915 3157 1039 3222 remisit.

69 3258 137 3304 cum
151 3243 256 3301 Varus
271 3255 359 3298 suam
372 3240 465 3299 tidem
479 3240 517 3297 ab
536 3255 573 3298 eo
588 3239 669 3298 laedi
685 3245 862 3313 quereretur
876 3250 977 3315 neque
990 3258 1036 3301 re-

68 3328 178 3389 sistere
187 3324 330 3387 auderet.
369 3324 441 3399 Ipse
466 3339 545 3398 equo
571 3324 601 3382 in
628 3323 775 3398 oppidum
799 3330 905 3384 vectus
930 3336 1059 3400 prose·

68 3411 234 3491 questibus
250 3409 459 3484 compluribus
474 3406 682 3484 senatoribus,
710 3424 771 3483 quo
786 3407 957 3471 innumero
973 3418 1038 3473 erat

109 3514 134 3556 c.
155 3509 256 3555 ruerus
279 3509 397 3551 caussa
803 3494 837 3554 tt
