2272 4176
10 39 135 143 ΡΨ
147 40 177 79 '25'
186 40 212 57 ‘¹'

10 138 27 181 ἱ.

446 164 563 228 LIBER
584 164 635 227 ΠΙ.
965 168 1027 234 289

53 320 139 398 quod
160 320 243 381 milia
262 335 409 395 passuum
429 320 460 379 in
483 321 610 381 circuitu
629 321 795 381 munitione
810 326 1025 397 septemdecim

52 416 118 467 erat
133 408 332 481 complexae,
357 404 536 480 perficiendi
558 406 690 487 spatium
709 422 771 466 non
792 407 892 468 dabat.
920 411 1026 486 ltaque

52 498 160 552 contra
174 505 261 549 mare
275 496 483 549 transversum
496 491 624 564 vallum,
651 489 703 564 qui
723 490 779 549 has
795 491 872 551 duas
887 496 1023 556 munitio-

52 590 107 635 nes
123 575 331 648 confingeret,
353 574 489 633 nondum
503 575 683 648 perfecerat.
713 574 860 647 Quaeres
876 587 948 636 nota
962 587 1026 639 erat

10 680 18 701 r
50 658 199 734 Pompeio
224 658 326 717 delata
348 674 404 733 per
424 657 609 731 Allobrogas
634 659 797 733 perfugas,
822 676 1025 736 magnumque

52 744 166 807 nasale
189 744 331 802 attulerat
350 742 585 802 incommodum.
615 742 689 801 Nam
704 750 736 802 ut
751 743 790 801 ad
805 760 888 805 mare
903 754 1025 806 nostrae

51 828 197 889 cohortes
213 842 313 886 nonae
335 827 464 901 legionis
487 826 710 901 excubuerant,
740 842 902 887 accessere
924 832 1024 891 subito

51 913 149 989 prima
163 913 234 971 luce
248 910 434 984 Pompeiani.
464 910 502 969 Et
524 911 658 983 percitus
675 912 824 971 adventus
840 911 944 973 extitit'.
978 915 1023 975 Si-

50 1000 110 1056 mul
125 996 257 1055 navibus
274 994 466 1054 circumvecti
481 994 590 1053 milites
602 995 632 1052 in
647 995 829 1055 exteriorem
842 999 951 1057 vallum
965 1002 1025 1059 tela
1070 997 1072 1001 ’

51 1081 217 1153 iaciebant,
243 1080 411 1154 fossaeque
425 1094 537 1153 aggere
553 1080 797 1153 complebantur,
823 1087 853 1138 et
866 1083 1023 1155 legionarii

50 1164 204 1225 interioris
219 1163 393 1223 munitionis
416 1163 597 1222 defensores
613 1164 705 1222 scalis
721 1164 851 1224 admotis
866 1169 1023 1228 tormentis

51 1251 202 1324 cuiusque
216 1248 338 1322 generis
353 1248 483 1321 telisque
499 1247 660 1320 terrebant,
676 1264 849 1322 magnaque
863 1252 1022 1313 multitudo

51 1333 276 1408 sagittariorum
299 1332 336 1390 ab
357 1328 486 1405 utraque
506 1339 593 1406 prule
614 1332 917 1393 circumfundebatur.
946 1335 1022 1396 Mul-

50 1426 111 1477 lum
132 1425 235 1477 autem
256 1416 294 1474 ab
315 1416 376 1476 ictu
390 1415 540 1489 lapidum,
567 1416 651 1488 quod
665 1433 757 1476 unum
772 1418 885 1477 nostris
901 1429 965 1479 erat
980 1429 1015 1480 te·

52 1504 117 1576 lum,
132 1500 269 1560 viminea
282 1500 445 1573 tegimenta
459 1500 555 1573 galeis
570 1500 705 1574 inposita
719 1501 933 1562 defendebant.
963 1504 1020 1564 lta-

51 1602 107 1661 que
123 1601 196 1644 cum
211 1583 350 1644 omnibus
371 1585 464 1643 rebus
485 1584 580 1643 nostri
601 1593 810 1658 premerentur
824 1594 916 1659 atque
930 1603 1024 1662 aegre

50 1671 247 1742 resisterent,
273 1667 518 1727 animadversum
540 1676 587 1726 est
600 1669 706 1728 vitium
720 1669 910 1743 munitionis,
938 1673 1021 1746 quod

50 1769 144 1830 supra
165 1753 406 1813 demonstratum
428 1760 488 1826 est,
515 1757 607 1826 atque
629 1751 707 1812 inter
727 1753 805 1813 duos
820 1755 933 1827 vallos,
960 1772 1014 1830 qur

50 1839 220 1914 perfectum
236 1853 315 1912 opus
330 1852 391 1896 non
404 1844 482 1910 erat,
505 1851 560 1911 per
580 1852 663 1895 rnare
685 1837 814 1896 navibus
837 1840 969 1912 expositi
989 1841 1019 1898 ia

48 1938 176 1983 aversos
200 1929 322 1981 nostros
337 1924 482 1995 impeturn
498 1922 635 1980 lecerunt
649 1927 742 1995 atque
756 1936 796 1979 ex
811 1928 939 1996 utraque
954 1941 1017 1986 mu-

48 2008 164 2069 nitione
179 2006 316 2066 deiectos
331 2012 418 2079 terga
431 2013 550 2064 vertere
566 2008 739 2079 coegerunt.

128 2091 235 2151 LXIV.
266 2091 333 2149 Hoc
359 2091 486 2149 tumultu
510 2090 645 2148 nuntiato
662 2089 855 2149 Marcellinus
878 2091 1019 2151 cohortes

48 2175 188 2237 subsidio
210 2175 322 2233 uostris
344 2173 552 2233 laborantibus
574 2174 720 2234 submittit
735 2189 774 2232 ex
789 2175 912 2247 castris,
941 2192 1019 2250 quae

48 2260 199 2335 fugientes
215 2260 412 2335 conspicatae
427 2273 528 2332 neque
542 2258 611 2318 illos
626 2273 683 2317 suo
696 2259 829 2319 adventu
840 2260 1019 2320 confirmare

49 2350 212 2420 potuerunt
226 2359 326 2418 neque
342 2343 429 2416 ipsae
443 2342 574 2401 hostium
590 2343 735 2417 impetum
749 2345 888 2402 tulerunt.
914 2346 1019 2419 ltaque

47 2428 266 2505 quodcumque
292 2426 461 2486 addebatur
482 2427 635 2500 subsidio,
666 2427 697 2485 id
718 2436 891 2502 corruptum
915 2429 1018 2489 timore

47 2513 224 2588 lugientitun
238 2518 382 2571 terrorem
394 2520 424 2570 et
435 2512 601 2586 periculum
614 2512 759 2584 augebat:
775 2511 928 2572 hominum
939 2514 1017 2570 enim

48 2597 240 2658 mullitudine
263 2603 406 2669 receptus
433 2596 663 2669 impediebatur.
695 2596 728 2654 ln
754 2612 790 2656 eo
816 2597 933 2669 proelio
950 2613 1017 2655 euru

47 2680 130 2755 gravi
148 2682 273 2738 vulnere
295 2688 378 2739 esset
399 2679 528 2738 allectus
545 2680 685 2753 aquilifer
699 2688 729 2739 et
742 2696 761 2738 a
774 2680 890 2740 viribus
906 2681 1016 2740 defice·

46 2773 136 2839 retur,
154 2765 352 2838 conspicatus
368 2764 486 2837 equites
502 2770 641 2837 nostroS,
665 2765 754 2824 Hanc
769 2782 836 2838 epo,
858 2765 969 2838 inquit,
989 2782 1014 2827 a

47 2853 125 2911 ama
142 2851 251 2910 maltos
263 2867 321 2923 per
338 2865 432 2907 anctos
449 2864 559 2921 laeana
577 2849 731 2920 diligentia
750 2850 874 2922 defendi
896 2858 924 2908 et
940 2867 1019 2910 nana

46 2938 173 2995 moriens
184 2934 288 2993 eadem
299 2933 360 3005 fide
376 2933 500 2991 Caesari
509 2937 636 2991 restituo.
659 2934 768 3005 Nolite,
781 2933 917 3004 obsecro,
935 2950 1017 2992 com-

46 3022 172 3091 mittere,
191 3018 271 3092 qaod
281 3026 348 3076 aitte
369 3019 400 3075 irt
411 3020 545 3076 eaerat'ta
563 3017 700 3075 Caesaris
717 3032 776 3076 ttott
793 3019 914 3088 accidit,
931 3020 1020 3078 atrei

45 3104 184 3163 militares
194 3102 321 3160 dedecus
331 3101 512 3173 adntitlattrr,
525 3102 753 3174 incolumemque
764 3101 807 3158 ad
816 3118 881 3159 eata
893 3100 1015 3172 deserte.

45 3186 110 3247 lloc
138 3200 216 3245 casu
240 3185 343 3260 aquila
368 3191 566 3244 coriscrratur
589 3185 726 3243 omnibus
748 3184 862 3257 primae
884 3183 1016 3247 cohortis

46 3269 276 3331 centurionibus
291 3269 456 3328 interfectis
472 3277 593 3342 praeter
608 3269 776 3342 principem
791 3268 932 3342 priorem.

128 3353 220 3415 LXV.
248 3354 374 3428 lamque
393 3349 572 3426 Pompeiani
591 3367 702 3425 magna
726 3352 820 3411 caede
844 3361 1015 3412 nostrorum

46 3438 155 3501 mais
169 3436 337 3498 Marcellini
357 3435 646 3513 adpropinquabant
666 3452 727 3497 non
741 3435 887 3496 mediocri
902 3445 1016 3499 terrore

87 3540 114 3583 a.
135 3535 232 3581 tomas
253 3537 377 3580 chesne.
786 3528 823 3585 ta
