2272 4176
72 500 114 565 70
366 495 419 558 DE
439 494 564 557 nanto
589 495 752 560 GALLICO

70 655 166 719 misso
182 653 319 731 equitatu
334 657 364 713 et
385 649 568 726 essedariis,
595 667 655 726 quo
678 653 861 728 plerumque
882 669 977 729 gener

70 741 195 818 proeliis
210 740 253 800 uti
270 742 472 811 consuerunt,
488 734 616 810 reliquis
633 737 732 813 copiis
749 737 909 799 subsecuti
925 758 977 803 nos

71 826 201 886 navibus
217 824 322 899 egredi
337 821 549 897 prohibebant.
578 820 651 881 Erat
674 823 713 883 ob
728 821 785 882 has
801 838 916 884 causas
932 843 977 886 sut

71 911 244 984 difficultas
262 910 346 985 quod
361 923 456 982 naves
471 913 598 982 propter
612 905 852 982 magnitudinem
867 909 928 970 nisi
943 912 973 970 in

71 995 214 1056 constitui
230 1011 292 1054 non
308 998 464 1069 poterant,
480 991 625 1051 militibus
643 999 742 1052 autem
757 993 870 1065 ignotis
887 995 978 1069 locis,

70 1079 181 1156 peditis
198 1075 348 1152 manibus,
364 1092 475 1149 magno
492 1083 522 1136 et
535 1075 621 1148 gravi
637 1092 730 1136 onere
749 1092 904 1137 armorum
920 1096 977 1155 opp

70 1165 115 1226 sis
137 1164 226 1224 simul
249 1171 279 1223 et
300 1163 339 1221 dc
354 1161 485 1220 navibus
503 1159 705 1221 desiliendum
721 1169 751 1222 et
764 1162 796 1221 in
812 1161 958 1224 fluctibus
975 1190 977 1216 ι

70 1249 240 1311 sistendum
255 1253 285 1307 et
300 1262 368 1306 cum
383 1245 523 1305 hostibus
539 1250 604 1303 erat
617 1247 832 1320 pugnandum,
857 1249 977 1307 camilli

69 1350 108 1394 ex
124 1331 209 1392 arido
226 1338 277 1390 aut
290 1332 415 1406 paulum
431 1329 460 1388 in
477 1344 588 1403 aquam
608 1331 767 1404 progressi
790 1330 933 1392 omnibus
954 1350 977 1392 n

64 1418 133 1478 bris
149 1416 319 1490 expeditis,
347 1413 515 1476 notissimis
536 1412 613 1472 locis
636 1415 782 1474 audacter
795 1416 857 1475 tela
872 1417 977 1477 conice

70 1509 99 1562 et
115 1516 212 1575 equos
229 1501 417 1560 insuefactos
434 1499 602 1557 incitarent.
626 1497 741 1571 Quibus
755 1499 850 1560 rebus
866 1503 962 1561 nostri

70 1585 163 1646 territi
186 1591 277 1659 atque
298 1585 388 1644 huius
412 1582 535 1644 omnino
556 1583 678 1656 generis
700 1599 824 1657 pugnae
839 1585 969 1660 imperiti

70 1670 178 1729 eadem
194 1669 350 1728 alacritate
365 1684 402 1727 ac
418 1668 535 1741 studio,
564 1683 624 1741 quo
640 1667 670 1726 in
685 1668 883 1743 pedestribus
899 1672 942 1730 uti
957 1688 975 1746 p

70 1753 117 1812 liis
134 1760 327 1825 consuerant,
343 1752 524 1812 nitebantur.

125 1836 218 1898 XXV.
231 1836 377 1910 Quodubi
387 1834 726 1909 Caesaranimadvertlt,
736 1839 977 1915 naveslongas,l

69 1937 135 1981 rum
147 1928 176 1980 et
187 1920 309 1995 species
327 1927 392 1979 erat
407 1920 545 1979 barbaris
565 1919 736 1979 inusitatior
748 1927 778 1980 et
788 1930 892 1982 motus
906 1924 946 1982 ad
956 1943 976 1984 u

69 2005 249 2080 expeditior,
262 2004 545 2079 paulumremoveri
561 2003 598 2062 ab
614 2004 762 2064 onerariis
777 2006 908 2068 navibus
918 2015 977 2067 etr<

68 2089 185 2150 incitari
208 2095 238 2148 et
259 2090 298 2149 ad
314 2091 392 2148 latus
409 2096 546 2162 apertum
562 2086 694 2148 hostium
710 2089 852 2150 constitui
867 2093 977 2166 atquei

68 2174 185 2248 lundis,
210 2173 342 2248 sagittis,
365 2173 523 2233 tormentis
539 2171 646 2232 hostes
661 2172 792 2248 propelli
808 2189 844 2233 ac
860 2190 977 2236 summo

68 2258 173 2328 lussit;
191 2273 335 2333 quaeres
350 2274 461 2331 magno
477 2256 547 2317 usui
563 2257 676 2316 nostris
693 2257 755 2318 suit.
785 2256 862 2317 Nam
878 2267 909 2320 et
923 2277 977 2320 nat

68 2341 166 2416 ligura
182 2349 212 2402 et
225 2357 378 2400 remorum
393 2349 477 2401 motu
491 2349 521 2401 et
535 2340 678 2401 inusitato
694 2356 807 2415 genere
824 2349 977 2405 tormento

69 2425 196 2501 permoti
211 2425 334 2485 barbari
356 2426 556 2485 constiterunt
571 2441 606 2484 ac
622 2427 746 2500 paulum
761 2426 854 2486 modo
870 2429 977 2502 peden

67 2511 206 2570 tulerunt.
246 2511 349 2583 Atque
364 2510 477 2569 nostris
493 2509 636 2571 militibus
654 2509 885 2584 cunctantibus,
913 2529 977 2572 maa

69 2599 193 2670 propter
209 2594 395 2653 altitudinem
410 2594 516 2668 maris,
542 2593 593 2668 qui
603 2593 745 2665 decimae
761 2594 895 2668 legionis
912 2613 977 2672 aqu

68 2678 185 2737 terebat
200 2685 388 2738 contestatus
405 2679 498 2750 deoS,
524 2686 558 2737 ut
578 2693 616 2737 ea
630 2693 681 2736 res
698 2679 811 2752 legioni
829 2679 959 2740 feliciter
974 2703 977 2735 t

67 2762 159 2822 niret:
175 2761 308 2835 Desilite,
325 2762 429 2837 inquit,
447 2762 565 2836 milites,
581 2761 639 2820 nisi
651 2762 742 2821 vultis
755 2762 892 2836 aquilam
903 2763 975 2825 host

66 2847 213 2920 prodere:
244 2860 301 2919 ego
324 2854 406 2905 certe
427 2861 528 2904 meum
549 2846 736 2920 reipublicae
758 2854 852 2921 atque
867 2848 977 2923 impera

67 2931 201 2992 osticium
217 2930 408 3004 praestitero.
449 2930 515 2989 Hoc
531 2947 598 2991 cum
614 2945 692 2990 voce
707 2946 821 3007 magna
836 2932 977 3008 dixisset,

66 3031 105 3073 ex
126 3015 196 3074 navi
218 3014 347 3088 proiecit
368 3020 459 3088 atque
480 3015 510 3077 in
531 3015 641 3075 hostes
665 3015 798 3089 aquilam
822 3016 905 3076 serre
931 3034 977 3078 cot

65 3099 139 3158 Tum
155 3098 250 3157 nostri
267 3097 415 3159 cohortati
431 3098 508 3157 inter
524 3115 572 3173 se,
598 3099 637 3157 ne
651 3107 767 3159 tantum
783 3099 920 3161 dedecus
936 3104 975 3162 ad

67 3188 186 3255 teretur,
211 3183 346 3240 universi
362 3197 400 3240 ex
417 3181 487 3241 navi
503 3182 699 3242 desiluerunt.
715 3183 779 3243 Hos
796 3184 867 3242 item
883 3201 924 3245 cx
938 3202 976 3261 pr

65 3267 121 3326 mis
138 3265 267 3326 navibus
290 3282 358 3325 cum
380 3267 631 3341 conspexissent,
659 3267 816 3328 subsecuti
831 3267 973 3332 hostibus

65 3351 319 3426 propinquarunt.

119 3434 226 3496 XXVI.
256 3433 426 3508 Pugnatum
442 3442 490 3495 est
510 3435 547 3495 ab
569 3435 707 3509 utrisque
731 3437 850 3496 acriter.
880 3438 977 3500 Nostri

64 3534 142 3594 men,
159 3519 243 3595 quod
258 3535 358 3595 neque
375 3520 498 3580 ordines
511 3536 636 3580 servare
648 3535 749 3594 neque
761 3520 888 3580 tirmiter
900 3523 975 3582 insis

64 3618 165 3677 neque
181 3605 267 3678 signa
284 3605 433 3680 subsequi
449 3612 605 3680 poterant,
627 3612 718 3681 atque
734 3604 811 3664 alius
829 3605 890 3664 alia
905 3623 977 3666 exn

65 3686 309 3762 quibuscumque
324 3689 421 3763 signis
438 3698 626 3767 occurrerat,
643 3706 678 3751 se
693 3688 894 3766 adgregabat,
912 3707 977 3766 mag

63 3785 138 3849 pere
151 3771 422 3848 perturbabantur;
452 3776 559 3836 hostes
574 3791 665 3853 vero,
681 3774 761 3836 notis
777 3773 923 3840 omnihus
940 3791 977 3837 va
